@article{watanabe2024deep,
  title={A deep learning model for the detection of various dementia and MCI pathologies based on resting-state electroencephalography data: A retrospective multicentre study},
  author={Watanabe, Yusuke and Miyazaki, Yuki and Hata, Masahiro and Fukuma, Ryohei and Aoki, Yasunori and Kazui, Hiroaki and Araki, Toshihiko and Taomoto, Daiki and Satake, Yuto and Suehiro, Takashi and others},
  journal={Neural Networks},
  volume={171},
  pages={242--250},
  year={2024},
  publisher={Elsevier}
}

@article{alzheimer20182018,
  title={2018 Alzheimer's disease facts and figures},
  author={Alzheimer's Association and others},
  journal={Alzheimer's \& Dementia},
  volume={14},
  number={3},
  pages={367--429},
  year={2018},
  publisher={Elsevier}
}



@article{rajan2021population,
  title={Population estimate of people with clinical Alzheimer's disease and mild cognitive impairment in the United States (2020--2060)},
  author={Rajan, Kumar B and Weuve, Jennifer and Barnes, Lisa L and McAninch, Elizabeth A and Wilson, Robert S and Evans, Denis A},
  journal={Alzheimer's \& dementia},
  volume={17},
  number={12},
  pages={1966--1975},
  year={2021},
  publisher={Wiley Online Library}
}

@article{van2023towards,
  title={Towards a future where Alzheimer’s disease pathology is stopped before the onset of dementia},
  author={van der Flier, Wiesje M and de Vugt, Marjolein E and Smets, Ellen MA and Blom, Marco and Teunissen, Charlotte E},
  journal={Nature aging},
  volume={3},
  number={5},
  pages={494--505},
  year={2023},
  publisher={Nature Publishing Group US New York}
}

@article{goudsmit2016incubation,
  title={The incubation period of Alzheimer’s disease and the timing of tau versus amyloid misfolding and spreading within the brain},
  author={Goudsmit, Jaap},
  journal={European Journal of Epidemiology},
  volume={31},
  pages={99--105},
  year={2016},
  publisher={Springer}
}

@article{villemagne2013amyloid,
  title={Amyloid $\beta$ deposition, neurodegeneration, and cognitive decline in sporadic Alzheimer's disease: a prospective cohort study},
  author={Villemagne, Victor L and Burnham, Samantha and Bourgeat, Pierrick and Brown, Belinda and Ellis, Kathryn A and Salvado, Olivier and Szoeke, Cassandra and Macaulay, S Lance and Martins, Ralph and Maruff, Paul and others},
  journal={The Lancet Neurology},
  volume={12},
  number={4},
  pages={357--367},
  year={2013},
  publisher={Elsevier}
}


@article{viehweg2023parameterizing,
  title={Parameterizing echo state networks for multi-step time series prediction},
  author={Viehweg, Johannes and Worthmann, Karl and M{\"a}der, Patrick},
  journal={Neurocomputing},
  volume={522},
  pages={214--228},
  year={2023},
  publisher={Elsevier}
}

@article{yan2024emerging,
  title={Emerging opportunities and challenges for the future of reservoir computing},
  author={Yan, Min and Huang, Can and Bienstman, Peter and Tino, Peter and Lin, Wei and Sun, Jie},
  journal={Nature Communications},
  volume={15},
  number={1},
  pages={2056},
  year={2024},
  publisher={Nature Publishing Group UK London}
}

@article{mwamsojo2022reservoir,
  title={Reservoir computing for early stage Alzheimer’s Disease detection},
  author={Mwamsojo, Nickson and Lehmann, Frederic and El-Yacoubi, Mounim A and Merghem, Kamel and Frignac, Yann and Benkelfat, Badr-Eddine and Rigaud, Anne-Sophie},
  journal={IEEE Access},
  volume={10},
  pages={59821--59831},
  year={2022},
  publisher={IEEE}
}

@article{khan2023aad,
  title={AAD-Net: Advanced end-to-end signal processing system for human emotion detection \& recognition using attention-based deep echo state network},
  author={Khan, Mustaqeem and El Saddik, Abdulmotaleb and Alotaibi, Fahd Saleh and Pham, Nhat Truong},
  journal={Knowledge-Based Systems},
  volume={270},
  pages={110525},
  year={2023},
  publisher={Elsevier}
}

@article{wang2023echo,
  title={Echo state graph neural networks with analogue random resistive memory arrays},
  author={Wang, Shaocong and Li, Yi and Wang, Dingchen and Zhang, Woyu and Chen, Xi and Dong, Danian and Wang, Songqi and Zhang, Xumeng and Lin, Peng and Gallicchio, Claudio and others},
  journal={Nature Machine Intelligence},
  volume={5},
  number={2},
  pages={104--113},
  year={2023},
  publisher={Nature Publishing Group UK London}
}

@article{lecun2015deep,
  title={Deep learning},
  author={LeCun, Yann and Bengio, Yoshua and Hinton, Geoffrey},
  journal={nature},
  volume={521},
  number={7553},
  pages={436--444},
  year={2015},
  publisher={Nature Publishing Group UK London}
}

@article{steiner2023exploring,
  title={Exploring unsupervised pre-training for echo state networks},
  author={Steiner, Peter and Jalalvand, Azarakhsh and Birkholz, Peter},
  journal={Neural Computing and Applications},
  volume={35},
  number={34},
  pages={24225--24242},
  year={2023},
  publisher={Springer}
}

@article{de2022mind,
  title={Mind the gap: Performance metric evaluation in brain-age prediction},
  author={de Lange, Ann-Marie G and Anat{\"u}rk, Melis and Rokicki, Jaroslav and Han, Laura KM and Franke, Katja and Aln{\ae}s, Dag and Ebmeier, Klaus P and Draganski, Bogdan and Kaufmann, Tobias and Westlye, Lars T and others},
  journal={Human Brain Mapping},
  volume={43},
  number={10},
  pages={3113--3129},
  year={2022},
  publisher={Wiley Online Library}
}



@article{abramoff2023considerations,
  title={Considerations for addressing bias in artificial intelligence for health equity},
  author={Abr{\`a}moff, Michael D and Tarver, Michelle E and Loyo-Berrios, Nilsa and Trujillo, Sylvia and Char, Danton and Obermeyer, Ziad and Eydelman, Malvina B and Foundational Principles of Ophthalmic Imaging and Algorithmic Interpretation Working Group of the Collaborative Community for Ophthalmic Imaging Foundation, Washington, DC and Maisel, William H},
  journal={NPJ digital medicine},
  volume={6},
  number={1},
  pages={170},
  year={2023},
  publisher={Nature Publishing Group UK London}
}

@article{bucholc2023artificial,
  title={Artificial intelligence for dementia research methods optimization},
  author={Bucholc, Magda and James, Charlotte and Khleifat, Ahmad Al and Badhwar, AmanPreet and Clarke, Natasha and Dehsarvi, Amir and Madan, Christopher R and Marzi, Sarah J and Shand, Cameron and Schilder, Brian M and others},
  journal={Alzheimer's \& Dementia},
  volume={19},
  number={12},
  pages={5934--5951},
  year={2023},
  publisher={Wiley Online Library}
}

@article{gianattasio2021generalizability,
  title={Generalizability of findings from a clinical sample to a community-based sample: a comparison of ADNI and ARIC},
  author={Gianattasio, Kan Z and Bennett, Erin E and Wei, Jingkai and Mehrotra, Megha L and Mosley, Thomas and Gottesman, Rebecca F and Wong, Dean F and Stuart, Elizabeth A and Griswold, Michael E and Couper, David and others},
  journal={Alzheimer's \& Dementia},
  volume={17},
  number={8},
  pages={1265--1276},
  year={2021},
  publisher={Wiley Online Library}
}

@article{ford2023ethical,
  title={Ethical issues when using digital biomarkers and artificial intelligence for the early detection of dementia},
  author={Ford, Elizabeth and Milne, Richard and Curlewis, Keegan},
  journal={Wiley Interdisciplinary Reviews: Data Mining and Knowledge Discovery},
  volume={13},
  number={3},
  pages={e1492},
  year={2023},
  publisher={Wiley Online Library}
}

@article{obeid2016temple,
  title={The temple university hospital EEG data corpus},
  author={Obeid, Iyad and Picone, Joseph},
  journal={Frontiers in neuroscience},
  volume={10},
  pages={195498},
  year={2016},
  publisher={Frontiers}
}

@article{prado2023brainlat,
  title={The BrainLat project, a multimodal neuroimaging dataset of neurodegeneration from underrepresented backgrounds},
  author={Prado, Pavel and Medel, Vicente and Gonzalez-Gomez, Raul and Sainz-Ballesteros, Agust{\'\i}n and Vidal, Victor and Santamar{\'\i}a-Garc{\'\i}a, Hernando and Moguilner, Sebastian and Mejia, Jhony and Slachevsky, Andrea and Behrens, Maria Isabel and others},
  journal={Scientific Data},
  volume={10},
  number={1},
  pages={889},
  year={2023},
  publisher={Nature Publishing Group UK London}
}

@article{miltiadous2023dataset,
  title={A dataset of scalp EEG recordings of Alzheimer’s disease, frontotemporal dementia and healthy subjects from routine EEG},
  author={Miltiadous, Andreas and Tzimourta, Katerina D and Afrantou, Theodora and Ioannidis, Panagiotis and Grigoriadis, Nikolaos and Tsalikakis, Dimitrios G and Angelidis, Pantelis and Tsipouras, Markos G and Glavas, Euripidis and Giannakeas, Nikolaos and others},
  journal={Data},
  volume={8},
  number={6},
  pages={95},
  year={2023},
  publisher={MDPI}
}

@article{cumplido2023biological,
  title={Biological brain age prediction using machine learning on structural neuroimaging data: Multi-cohort validation against biomarkers of Alzheimer’s Disease and neurodegeneration stratified by sex},
  author={Cumplido-Mayoral, Irene and Garc{\'\i}a-Prat, Marina and Operto, Gr{\'e}gory and Falcon, Carles and Shekari, Mahnaz and Cacciaglia, Raffaele and Mil{\`a}-Alom{\`a}, Marta and Lorenzini, Luigi and Ingala, Silvia and Wink, Alle Meije and others},
  journal={Elife},
  volume={12},
  pages={e81067},
  year={2023},
  publisher={eLife Sciences Publications Limited}
}

@article{gao2023brain,
  title={Brain age prediction using the graph neural network based on resting-state functional MRI in Alzheimer's disease},
  author={Gao, Jingjing and Liu, Jiaxin and Xu, Yuhang and Peng, Dawei and Wang, Zhengning},
  journal={Frontiers in Neuroscience},
  volume={17},
  pages={1222751},
  year={2023},
  publisher={Frontiers Media SA}
}

@article{tahami2022alzheimer,
  title={Alzheimer’s disease: epidemiology and clinical progression},
  author={Tahami Monfared, Amir Abbas and Byrnes, Michael J and White, Leigh Ann and Zhang, Quanwu},
  journal={Neurology and therapy},
  volume={11},
  number={2},
  pages={553--569},
  year={2022},
  publisher={Springer}
}


@article{kaufmann2019common,
  title={Common brain disorders are associated with heritable patterns of apparent aging of the brain},
  author={Kaufmann, Tobias and van der Meer, Dennis and Doan, Nhat Trung and Schwarz, Emanuel and Lund, Martina J and Agartz, Ingrid and Aln{\ae}s, Dag and Barch, Deanna M and Baur-Streubel, Ramona and Bertolino, Alessandro and others},
  journal={Nature neuroscience},
  volume={22},
  number={10},
  pages={1617--1623},
  year={2019},
  publisher={Nature Publishing Group US New York}
}

@article{lee2022deep,
  title={Deep learning-based brain age prediction in normal aging and dementia},
  author={Lee, Jeyeon and Burkett, Brian J and Min, Hoon-Ki and Senjem, Matthew L and Lundt, Emily S and Botha, Hugo and Graff-Radford, Jonathan and Barnard, Leland R and Gunter, Jeffrey L and Schwarz, Christopher G and others},
  journal={Nature Aging},
  volume={2},
  number={5},
  pages={412--424},
  year={2022},
  publisher={Nature Publishing Group US New York}
}

@article{gaser2013brainage,
  title={BrainAGE in mild cognitive impaired patients: predicting the conversion to Alzheimer’s disease},
  author={Gaser, Christian and Franke, Katja and Kl{\"o}ppel, Stefan and Koutsouleris, Nikolaos and Sauer, Heinrich and Alzheimer's Disease Neuroimaging Initiative},
  journal={PloS one},
  volume={8},
  number={6},
  pages={e67346},
  year={2013},
  publisher={Public Library of Science San Francisco, USA}
}

@article{elliott2021brain,
  title={Brain-age in midlife is associated with accelerated biological aging and cognitive decline in a longitudinal birth cohort},
  author={Elliott, Maxwell L and Belsky, Daniel W and Knodt, Annchen R and Ireland, David and Melzer, Tracy R and Poulton, Richie and Ramrakha, Sandhya and Caspi, Avshalom and Moffitt, Terrie E and Hariri, Ahmad R},
  journal={Molecular psychiatry},
  volume={26},
  number={8},
  pages={3829--3838},
  year={2021},
  publisher={Nature Publishing Group UK London}
}

@article{millar2023multimodal,
  title={Multimodal brain age estimates relate to Alzheimer disease biomarkers and cognition in early stages: a cross-sectional observational study},
  author={Millar, Peter R and Gordon, Brian A and Luckett, Patrick H and Benzinger, Tammie LS and Cruchaga, Carlos and Fagan, Anne M and Hassenstab, Jason J and Perrin, Richard J and Schindler, Suzanne E and Allegri, Ricardo F and others},
  journal={Elife},
  volume={12},
  pages={e81869},
  year={2023},
  publisher={eLife Sciences Publications Limited}
}

@article{logan2022comparing,
  title={Comparing international dementia research priorities—Systematic review},
  author={Logan, Monica and Leitch, Stephanie and Bosakh, Zainab and Beishon, Lucy and Quinn, Terence J},
  journal={International Journal of Geriatric Psychiatry},
  volume={37},
  number={12},
  year={2022},
  publisher={Wiley Online Library}
}

@article{mitchell2017future,
  title={The future of dementia risk reduction research: barriers and solutions},
  author={Mitchell, S and Ridley, SH and Sancho, RM and Norton, M},
  journal={Journal of Public Health},
  volume={39},
  number={4},
  pages={e275--e281},
  year={2017},
  publisher={Oxford University Press}
}

@article{pedersen2023positive,
  title={Positive association between social capital and the quality of health care service: A cross-sectional study},
  author={Pedersen, Louise M{\o}ller and Jakobsen, Andreas Lindegaard and Buttensch{\o}n, Henriette N{\o}rm{\o}lle and Haagerup, Annette},
  journal={International Journal of Nursing Studies},
  volume={137},
  pages={104380},
  year={2023},
  publisher={Elsevier}
}

@article{siuly2024exploring,
  title={Exploring Rhythms and Channels-Based EEG Biomarkers for Early Detection of Alzheimer's Disease},
  author={Siuly, Siuly and Al{\c{c}}in, {\"O}mer Faruk and Wang, Hua and Li, Yan and Wen, Peng},
  journal={IEEE Transactions on Emerging Topics in Computational Intelligence},
  year={2024},
  publisher={IEEE}
}

@article{kleinert2024reliability,
  title={On the reliability of the EEG microstate approach},
  author={Kleinert, Tobias and Koenig, Thomas and Nash, Kyle and Wascher, Edmund},
  journal={Brain topography},
  volume={37},
  number={2},
  pages={271--286},
  year={2024},
  publisher={Springer}
}

@article{lassi2023degradation,
  title={Degradation of EEG microstates patterns in subjective cognitive decline and mild cognitive impairment: Early biomarkers along the Alzheimer’s Disease continuum?},
  author={Lassi, Michael and Fabbiani, Carlo and Mazzeo, Salvatore and Burali, Rachele and Vergani, Alberto Arturo and Giacomucci, Giulia and Moschini, Valentina and Morinelli, Carmen and Emiliani, Filippo and Scarpino, Maenia and others},
  journal={NeuroImage: Clinical},
  volume={38},
  pages={103407},
  year={2023},
  publisher={Elsevier}
}



@article{sa2024resting,
  title={Resting state EEG microstate profiling and a machine-learning based classifier model in epilepsy},
  author={SA, Asha and PS, Subodh and ML, Arya and Kumar, Devika and Thomas, Sanjeev V and Menon, Ramshekhar N and others},
  journal={Cognitive Neurodynamics},
  pages={1--14},
  year={2024},
  publisher={Springer}
}

@article{zhang2024deep,
  title={Deep-learning-optimized microstate network analysis for early Parkinson’s disease with mild cognitive impairment},
  author={Zhang, Luxiao and Shen, Xiao and Chu, Chunguang and Liu, Shang and Wang, Jiang and Wang, Yanlin and Zhang, Jinghui and Cao, Tingyu and Wang, Fei and Zhu, Xiaodong and others},
  journal={Cognitive Neurodynamics},
  pages={1--16},
  year={2024},
  publisher={Springer}
}

@article{yan2023multi,
  title={Multi-scale convolutional recurrent neural network for psychiatric disorder identification in resting-state EEG},
  author={Yan, Weizheng and Yu, Linzhen and Liu, Dandan and Sui, Jing and Calhoun, Vince D and Lin, Zheng},
  journal={Frontiers in Psychiatry},
  volume={14},
  pages={1202049},
  year={2023},
  publisher={Frontiers}
}

@article{imani2023alzheimer,
  title={Alzheimer’s diseases diagnosis using fusion of high informative BiLSTM and CNN features of EEG signal},
  author={Imani, Maryam},
  journal={Biomedical Signal Processing and Control},
  volume={86},
  pages={105298},
  year={2023},
  publisher={Elsevier}
}

@article{alahmadi2024prediction,
  title={Prediction of Mild Cognitive Impairment Using EEG Signal and BiLSTM Network},
  author={Alahmadi, Tahani Jaser and Rahman, Atta Ur and Alhababi, Zaid Ali and Ali, Sania and Alkahtani, Hend Khalid},
  journal={Machine Learning: Science and Technology},
  year={2024}
}

@article{he2023classification,
  title={Classification of attention deficit/hyperactivity disorder based on EEG signals using a EEG-Transformer model},
  author={He, Yuchao and Wang, Xin and Yang, Zijian and Xue, Lingbin and Chen, Yuming and Ji, Junyu and Wan, Feng and Mukhopadhyay, Subhas Chandra and Men, Lina and Tong, Michael Chi Fai and others},
  journal={Journal of Neural Engineering},
  volume={20},
  number={5},
  pages={056013},
  year={2023},
  publisher={IOP Publishing}
}

@article{sibilano2024understanding,
  title={Understanding the role of self-attention in a Transformer model for the discrimination of SCD from MCI using resting-state EEG},
  author={Sibilano, Elena and Buongiorno, Domenico and Lassi, Michael and Grippo, Antonello and Bessi, Valentina and Sorbi, Sandro and Mazzoni, Alberto and Bevilacqua, Vitoantonio and Brunetti, Antonio},
  journal={IEEE Journal of Biomedical and Health Informatics},
  year={2024},
  publisher={IEEE}
}

@article{wang2019gray,
  title={Gray matter age prediction as a biomarker for risk of dementia},
  author={Wang, Johnny and Knol, Maria J and Tiulpin, Aleksei and Dubost, Florian and de Bruijne, Marleen and Vernooij, Meike W and Adams, Hieab HH and Ikram, M Arfan and Niessen, Wiro J and Roshchupkin, Gennady V},
  journal={Proceedings of the National Academy of Sciences},
  volume={116},
  number={42},
  pages={21213--21218},
  year={2019},
  publisher={National Acad Sciences}
}

@article{ikram2015rotterdam,
  title={The Rotterdam Scan Study: design update 2016 and main findings},
  author={Ikram, M Arfan and van der Lugt, Aad and Niessen, Wiro J and Koudstaal, Peter J and Krestin, Gabriel P and Hofman, Albert and Bos, Daniel and Vernooij, Meike W},
  journal={European journal of epidemiology},
  volume={30},
  pages={1299--1315},
  year={2015},
  publisher={Springer}
}

@article{sun2019brain,
  title={Brain age from the electroencephalogram of sleep},
  author={Sun, Haoqi and Paixao, Luis and Oliva, Jefferson T and Goparaju, Balaji and Carvalho, Diego Z and van Leeuwen, Kicky G and Akeju, Oluwaseun and Thomas, Robert J and Cash, Sydney S and Bianchi, Matt T and others},
  journal={Neurobiology of aging},
  volume={74},
  pages={112--120},
  year={2019},
  publisher={Elsevier}
}

@article{sun2017large,
  title={Large-scale automated sleep staging},
  author={Sun, Haoqi and Jia, Jian and Goparaju, Balaji and Huang, Guang-Bin and Sourina, Olga and Bianchi, Matt Travis and Westover, M Brandon},
  journal={Sleep},
  volume={40},
  number={10},
  pages={zsx139},
  year={2017},
  publisher={Oxford University Press US}
}

@article{peng2021accurate,
  title={Accurate brain age prediction with lightweight deep neural networks},
  author={Peng, Han and Gong, Weikang and Beckmann, Christian F and Vedaldi, Andrea and Smith, Stephen M},
  journal={Medical image analysis},
  volume={68},
  pages={101871},
  year={2021},
  publisher={Elsevier}
}

@article{miller2016multimodal,
  title={Multimodal population brain imaging in the UK Biobank prospective epidemiological study},
  author={Miller, Karla L and Alfaro-Almagro, Fidel and Bangerter, Neal K and Thomas, David L and Yacoub, Essa and Xu, Junqian and Bartsch, Andreas J and Jbabdi, Saad and Sotiropoulos, Stamatios N and Andersson, Jesper LR and others},
  journal={Nature neuroscience},
  volume={19},
  number={11},
  pages={1523--1536},
  year={2016},
  publisher={Nature Publishing Group US New York}
}

@article{wang2024multi,
  title={Multi-purpose RNA language modelling with motif-aware pretraining and type-guided fine-tuning},
  author={Wang, N. and Bian, J. and Li, Y. and others},
  journal={Nature Machine Intelligence},
  year={2024},
  publisher={Nature Publishing Group},
  doi={10.1038/s42256-024-00836-4}
}


@article{liao2023multiscale,
  title={Multiscale 1DCNN for damage localization and quantification using guided waves with novel data fusion technique and new self-attention module},
  author={Liao, Yunlai and Wang, Yihan and Zeng, Xianping and Wu, Minhuang and Qing, Xinlin},
  journal={IEEE Transactions on Industrial Informatics},
  year={2023},
  publisher={IEEE}
}




@article{valdes2021cuban,
  title={The Cuban Human Brain Mapping Project, a young and middle age population-based EEG, MRI, and cognition dataset},
  author={Valdes-Sosa, Pedro A and Galan-Garcia, Lidice and Bosch-Bayard, Jorge and Bringas-Vega, Maria L and Aubert-Vazquez, Eduardo and Rodriguez-Gil, Iris and Das, Samir and Madjar, Cecile and Virues-Alba, Trinidad and Mohades, Zia and others},
  journal={Scientific data},
  volume={8},
  number={1},
  pages={45},
  year={2021},
  publisher={Nature Publishing Group UK London}
}


@article{hernandez2011multimodal,
  title={Multimodal quantitative neuroimaging databases and methods: the Cuban Human Brain Mapping Project},
  author={Hernandez-Gonzalez, Gertrudis and Bringas-Vega, Maria L and Gal{\'a}n-Garcia, Lidice and Bosch-Bayard, Jorge and Lorenzo-Ceballos, Yenisleidy and Melie-Garcia, Lester and Valdes-Urrutia, Lourdes and Cobas-Ruiz, Marcia and Valdes-Sosa, Pedro A and Cuban Human Brain Mapping Project (CHBMP)},
  journal={Clinical EEG and neuroscience},
  volume={42},
  number={3},
  pages={149--159},
  year={2011},
  publisher={SAGE Publications Sage CA: Los Angeles, CA}
}


@article{engemann2022reusable,
  title={A reusable benchmark of brain-age prediction from M/EEG resting-state signals},
  author={Engemann, Denis A and Mellot, Apolline and H{\"o}chenberger, Richard and Banville, Hubert and Sabbagh, David and Gemein, Lukas and Ball, Tonio and Gramfort, Alexandre},
  journal={Neuroimage},
  volume={262},
  pages={119521},
  year={2022},
  publisher={Elsevier}
}

@article{poloni2022deep,
  title={A deep ensemble hippocampal CNN model for brain age estimation applied to Alzheimer’s diagnosis},
  author={Poloni, Katia Maria and Ferrari, Ricardo Jos{\'e} and Alzheimer’s Disease Neuroimaging Initiative and others},
  journal={Expert Systems with Applications},
  volume={195},
  pages={116622},
  year={2022},
  publisher={Elsevier}
}

@article{halle2013multi,
  title={Multi-modality MRI-based atlas of the brain},
  author={Halle, Michael and Talos, IF and Jakab, M and Makris, N and Meier, D and Wald, L and Fischl, B and Kikinis, R},
  journal={SPL, Boston, MA},
  year={2013}
}

@article{gousias2012magnetic,
  title={Magnetic resonance imaging of the newborn brain: manual segmentation of labelled atlases in term-born and preterm infants},
  author={Gousias, Ioannis S and Edwards, A David and Rutherford, Mary A and Counsell, Serena J and Hajnal, Jo V and Rueckert, Daniel and Hammers, Alexander},
  journal={Neuroimage},
  volume={62},
  number={3},
  pages={1499--1509},
  year={2012},
  publisher={Elsevier}
}


@article{joo2023brain,
  title={Brain age prediction using combined deep convolutional neural network and multi-layer perceptron algorithms},
  author={Joo, Yoonji and Namgung, Eun and Jeong, Hyeonseok and Kang, Ilhyang and Kim, Jinsol and Oh, Sohyun and Lyoo, In Kyoon and Yoon, Sujung and Hwang, Jaeuk},
  journal={Scientific Reports},
  volume={13},
  number={1},
  pages={22388},
  year={2023},
  publisher={Nature Publishing Group UK London}
}

@article{mennes2013making,
  title={Making data sharing work: the FCP/INDI experience},
  author={Mennes, Maarten and Biswal, Bharat B and Castellanos, F Xavier and Milham, Michael P},
  journal={Neuroimage},
  volume={82},
  pages={683--691},
  year={2013},
  publisher={Elsevier}
}

@article{biswal2010toward,
  title={Toward discovery science of human brain function},
  author={Biswal, Bharat B and Mennes, Maarten and Zuo, Xi-Nian and Gohel, Suril and Kelly, Clare and Smith, Steve M and Beckmann, Christian F and Adelstein, Jonathan S and Buckner, Randy L and Colcombe, Stan and others},
  journal={Proceedings of the national academy of sciences},
  volume={107},
  number={10},
  pages={4734--4739},
  year={2010},
  publisher={National Acad Sciences}
}

@article{lamontagne2019oasis,
  title={OASIS-3: longitudinal neuroimaging, clinical, and cognitive dataset for normal aging and Alzheimer disease},
  author={LaMontagne, Pamela J and Benzinger, Tammie LS and Morris, John C and Keefe, Sarah and Hornbeck, Russ and Xiong, Chengjie and Grant, Elizabeth and Hassenstab, Jason and Moulder, Krista and Vlassenko, Andrei G and others},
  journal={MedRxiv},
  pages={2019--12},
  year={2019},
  publisher={Cold Spring Harbor Laboratory Press}
}

@article{taylor2017cambridge,
  title={The Cambridge Centre for Ageing and Neuroscience (Cam-CAN) data repository: Structural and functional MRI, MEG, and cognitive data from a cross-sectional adult lifespan sample},
  author={Taylor, Jason R and Williams, Nitin and Cusack, Rhodri and Auer, Tibor and Shafto, Meredith A and Dixon, Marie and Tyler, Lorraine K and Henson, Richard N and others},
  journal={neuroimage},
  volume={144},
  pages={262--269},
  year={2017},
  publisher={Elsevier}
}

@article{sihag2024explainable,
  title={Explainable brain age prediction using covariance neural networks},
  author={Sihag, Saurabh and Mateos, Gonzalo and McMillan, Corey and Ribeiro, Alejandro},
  journal={Advances in Neural Information Processing Systems (NeurIPS)},
  volume={36},
  year={2024}
}

@article{koedam2010early,
  title={Early-versus late-onset Alzheimer's disease: more than age alone},
  author={Koedam, Esther LGE and Lauffer, Vivian and Van der Vlies, Annelies E and Van der Flier, Wiesje M and Scheltens, Philip and Pijnenburg, Yolande AL},
  journal={Journal of Alzheimer's Disease},
  volume={19},
  number={4},
  pages={1401--1408},
  year={2010},
  publisher={IOS Press}
}

@article{sendi2021brain,
  title={Brain age acceleration as biomarker of Alzheimer’s disease progression: Functional network connectivity analysis},
  author={Sendi, Mohammad SE and Salat, David H and Calhoun, Vince D},
  journal={Alzheimer's \& Dementia},
  volume={17},
  pages={e050562},
  year={2021},
  publisher={Wiley Online Library}
}

@article{franke2019ten,
  title={Ten years of BrainAGE as a neuroimaging biomarker of brain aging: what insights have we gained?},
  author={Franke, Katja and Gaser, Christian},
  journal={Frontiers in neurology},
  volume={10},
  pages={454252},
  year={2019},
  publisher={Frontiers}
}

@article{shah2022mri,
  title={MRI signatures of Brain Age in the Alzheimer’s disease continuum},
  author={Shah, Jay and Ghisays, Valentina and Chen, Yinghua and Luo, Ji and Li, Baoxin and Reiman, Eric M and Chen, Kewei and Wu, Teresa and Su, Yi},
  journal={Alzheimer's \& Dementia},
  volume={18},
  pages={e061942},
  year={2022},
  publisher={Wiley Online Library}
}

@article{reddy2020governance,
  title={A governance model for the application of AI in health care},
  author={Reddy, Sandeep and Allan, Sonia and Coghlan, Simon and Cooper, Paul},
  journal={Journal of the American Medical Informatics Association},
  volume={27},
  number={3},
  pages={491--497},
  year={2020},
  publisher={Oxford University Press}
}

@article{solomonides2022defining,
  title={Defining AMIA’s artificial intelligence principles},
  author={Solomonides, Anthony E and Koski, Eileen and Atabaki, Shireen M and Weinberg, Scott and McGreevey III, John D and Kannry, Joseph L and Petersen, Carolyn and Lehmann, Christoph U},
  journal={Journal of the American Medical Informatics Association},
  volume={29},
  number={4},
  pages={585--591},
  year={2022},
  publisher={Oxford University Press}
}

@article{khanna2014reliability,
  title={Reliability of resting-state microstate features in electroencephalography},
  author={Khanna, Arjun and Pascual-Leone, Alvaro and Farzan, Faranak},
  journal={PloS one},
  volume={9},
  number={12},
  pages={e114163},
  year={2014},
  publisher={Public Library of Science San Francisco, USA}
}

@article{khanna2015microstates,
  title={Microstates in resting-state EEG: current status and future directions},
  author={Khanna, Arjun and Pascual-Leone, Alvaro and Michel, Christoph M and Farzan, Faranak},
  journal={Neuroscience \& Biobehavioral Reviews},
  volume={49},
  pages={105--113},
  year={2015},
  publisher={Elsevier}
}

@article{tarailis2024functional,
  title={The functional aspects of resting EEG microstates: a systematic review},
  author={Tarailis, Povilas and Koenig, Thomas and Michel, Christoph M and Gri{\v{s}}kova-Bulanova, Inga},
  journal={Brain topography},
  volume={37},
  number={2},
  pages={181--217},
  year={2024},
  publisher={Springer}
}


@article{zhou2023neurophysiological,
  title={Neurophysiological biomarkers for depression classification: Utilizing microstate k-mers and a bag-of-words model},
  author={Zhou, Dong-Dong and Peng, Xin-Yu and Zhao, Lin and Ma, Ling-Li and Hu, Jin-Hui and Jiang, Zheng-Hao and He, Xiao-Qing and Wang, Wo and Chen, Ran and Kuang, Li},
  journal={Journal of Psychiatric Research},
  volume={165},
  pages={197--204},
  year={2023},
  publisher={Elsevier}
}

@article{alves2024identifying,
  title={Identifying ADHD and subtypes through microstates analysis and complex networks},
  author={Alves, Lorraine Marques and C{\^o}co, Klaus Fabian and De Souza, Mariane Lima and Ciarelli, Patrick Marques},
  journal={Medical \& Biological Engineering \& Computing},
  volume={62},
  number={3},
  pages={687--700},
  year={2024},
  publisher={Springer}
}

@article{bejia2023multi,
  title={Multi-approach comparative study of EEG patterns associated with the most common forms of dementia},
  author={Bejia, Ines and Labidi, Jordan and Warniez, Aude and Bayot, Madli and Bourriez, Jean-Louis and Derambure, Philippe and Lebouvier, Thibaut and Pasquier, Florence and Delval, Arnaud and Betrouni, Nacim},
  journal={Neurobiology of Aging},
  volume={130},
  pages={30--39},
  year={2023},
  publisher={Elsevier}
}

@article{koenig2011ragu,
  title={Ragu: a free tool for the analysis of EEG and MEG event-related scalp field data using global randomization statistics},
  author={Koenig, Thomas and Kottlow, Mara and Stein, Maria and Melie-Garc{\'\i}a, Lester},
  journal={Computational intelligence and neuroscience},
  volume={2011},
  pages={1--14},
  year={2011},
  publisher={Hindawi Limited London, UK, United Kingdom}
}

@article{pascual1995segmentation,
  title={Segmentation of brain electrical activity into microstates: model estimation and validation},
  author={Pascual-Marqui, Roberto D and Michel, Christoph M and Lehmann, Dietrich},
  journal={IEEE Transactions on Biomedical Engineering},
  volume={42},
  number={7},
  pages={658--665},
  year={1995},
  publisher={IEEE}
}


@article{bagdasarov2022spatiotemporal,
  title={Spatiotemporal dynamics of EEG microstates in four-to eight-year-old children: Age-and sex-related effects},
  author={Bagdasarov, Armen and Roberts, Kenneth and Br{\'e}chet, Lucie and Brunet, Denis and Michel, Christoph M and Gaffrey, Michael S},
  journal={Developmental cognitive neuroscience},
  volume={57},
  pages={101134},
  year={2022},
  publisher={Elsevier}
}

@article{ferat2022pycrostates,
  title={Pycrostates: a Python library to study EEG microstates},
  author={F{\'e}rat, Victor and Scheltienne, Mathieu and Brunet, Denis and Ros, Tomas and Michel, Christoph},
  journal={Journal of Open Source Software},
  volume={7},
  number={78},
  pages={4564},
  year={2022}
}

@article{sherstinsky2020fundamentals,
  title={Fundamentals of recurrent neural network (RNN) and long short-term memory (LSTM) network},
  author={Sherstinsky, Alex},
  journal={Physica D: Nonlinear Phenomena},
  volume={404},
  pages={132306},
  year={2020},
  publisher={Elsevier}
}

@article{oostenveld2001five,
  title={The five percent electrode system for high-resolution EEG and ERP measurements},
  author={Oostenveld, Robert and Praamstra, Peter},
  journal={Clinical neurophysiology},
  volume={112},
  number={4},
  pages={713--719},
  year={2001},
  publisher={Elsevier}
}

@article{homan1987cerebral,
  title={Cerebral location of international 10--20 system electrode placement},
  author={Homan, Richard W and Herman, John and Purdy, Phillip},
  journal={Electroencephalography and clinical neurophysiology},
  volume={66},
  number={4},
  pages={376--382},
  year={1987},
  publisher={Elsevier}
}

@article{ramakrishnan2016reconstruction,
  title={Reconstruction of EEG from limited channel acquisition using estimated signal correlation},
  author={Ramakrishnan, AG and Satyanarayana, JV},
  journal={Biomedical Signal Processing and Control},
  volume={27},
  pages={164--173},
  year={2016},
  publisher={Elsevier}
}

@article{yilmaz2014like,
  title={Like/dislike analysis using EEG: determination of most discriminative channels and frequencies},
  author={Y{\i}lmaz, B{\"u}lent and Korkmaz, S{\"u}meyye and Arslan, Dilek Bet{\"u}l and G{\"u}ng{\"o}r, Evrim and Asyal{\i}, Musa H},
  journal={Computer methods and programs in biomedicine},
  volume={113},
  number={2},
  pages={705--713},
  year={2014},
  publisher={Elsevier}
}


@ARTICLE{10.3389/fpsyg.2012.00428,
AUTHOR={Grabner, Roland H. and De Smedt, Bert },
TITLE={Oscillatory EEG Correlates of Arithmetic Strategies: A Training Study},
JOURNAL={Frontiers in Psychology},
VOLUME={3},
YEAR={2012},
}

@article{huang2015bidirectional,
  title={Bidirectional LSTM-CRF models for sequence tagging},
  author={Huang, Zhiheng and Xu, Wei and Yu, Kai},
  journal={arXiv preprint arXiv:1508.01991},
  year={2015}
}

@article{mohajer2020gray,
  title={Gray matter volume and estimated brain age gap are not linked with sleep-disordered breathing},
  author={Mohajer, Bahram and Abbasi, Nooshin and Mohammadi, Esmaeil and Khazaie, Habibolah and Osorio, Ricardo S and Rosenzweig, Ivana and Eickhoff, Claudia R and Zarei, Mojtaba and Tahmasian, Masoud and Eickhoff, Simon B and others},
  journal={Human brain mapping},
  volume={41},
  number={11},
  pages={3034--3044},
  year={2020},
  publisher={Wiley Online Library}
}

@article{franke2010estimating,
  title={Estimating the age of healthy subjects from T1-weighted MRI scans using kernel methods: exploring the influence of various parameters},
  author={Franke, Katja and Ziegler, Gabriel and Kl{\"o}ppel, Stefan and Gaser, Christian and Alzheimer's Disease Neuroimaging Initiative and others},
  journal={Neuroimage},
  volume={50},
  number={3},
  pages={883--892},
  year={2010},
  publisher={Elsevier}
}

@inproceedings{nips/17/vanswani/attention,
  author       = {Ashish Vaswani and
                  Noam Shazeer and
                  Niki Parmar and
                  Jakob Uszkoreit and
                  Llion Jones and
                  Aidan N. Gomez and
                  Lukasz Kaiser and
                  Illia Polosukhin},
  title        = {Attention is All you Need},
  booktitle    = {Advances in Neural Information Processing Systems 30: Annual Conference
                  on Neural Information Processing Systems 2017, December 4-9, 2017,
                  Long Beach, CA, {USA}},
  pages        = {5998--6008},
  year         = {2017},
  url          = {https://proceedings.neurips.cc/paper/2017/hash/3f5ee243547dee91fbd053c1c4a845aa-Abstract.html},
}
@article{tnn/94/bengio/lstm,
  author       = {Yoshua Bengio and
                  Patrice Y. Simard and
                  Paolo Frasconi},
  title        = {Learning long-term dependencies with gradient descent is difficult},
  journal      = {{IEEE} Trans. Neural Networks},
  volume       = {5},
  number       = {2},
  pages        = {157--166},
  year         = {1994},
  url          = {https://doi.org/10.1109/72.279181},
  doi          = {10.1109/72.279181},
}
@article{neco/97/Hochreiter/bilstm,
  author       = {Sepp Hochreiter and
                  J{\"{u}}rgen Schmidhuber},
  title        = {Long Short-Term Memory},
  journal      = {Neural Comput.},
  volume       = {9},
  number       = {8},
  pages        = {1735--1780},
  year         = {1997},
  url          = {https://doi.org/10.1162/neco.1997.9.8.1735},
  doi          = {10.1162/NECO.1997.9.8.1735},
}
@inproceedings{naacl/18/Ghaeini/bilstm,
  author       = {Reza Ghaeini and
                  Sadid A. Hasan and
                  Vivek V. Datla and
                  Joey Liu and
                  Kathy Lee and
                  Ashequl Qadir and
                  Yuan Ling and
                  Aaditya Prakash and
                  Xiaoli Z. Fern and
                  Oladimeji Farri},
  title        = {DR-BiLSTM: Dependent Reading Bidirectional {LSTM} for Natural Language
                  Inference},
  booktitle    = {Proceedings of the 2018 Conference of the North American Chapter of
                  the Association for Computational Linguistics: Human Language Technologies,
                  {NAACL-HLT} 2018, New Orleans, Louisiana, USA, June 1-6, 2018, Volume
                  1 (Long Papers)},
  pages        = {1460--1469},
  publisher    = {Association for Computational Linguistics},
  year         = {2018},
  url          = {https://doi.org/10.18653/v1/n18-1132},
  doi          = {10.18653/V1/N18-1132}
}
@article{pieee/98/LeCun/cnn,
  author       = {Yann LeCun and
                  L{\'{e}}on Bottou and
                  Yoshua Bengio and
                  Patrick Haffner},
  title        = {Gradient-based learning applied to document recognition},
  journal      = {Proc. {IEEE}},
  volume       = {86},
  number       = {11},
  pages        = {2278--2324},
  year         = {1998},
  url          = {https://doi.org/10.1109/5.726791},
  doi          = {10.1109/5.726791},
}
@inproceedings{icml/16/Shang/cnn,
  author       = {Wenling Shang and
                  Kihyuk Sohn and
                  Diogo Almeida and
                  Honglak Lee},
  title        = {Understanding and Improving Convolutional Neural Networks via Concatenated
                  Rectified Linear Units},
  booktitle    = {Proceedings of the 33nd International Conference on Machine Learning,
                  {ICML} 2016, New York City, NY, USA, June 19-24, 2016},
  series       = {{JMLR} Workshop and Conference Proceedings},
  volume       = {48},
  pages        = {2217--2225},
  publisher    = {JMLR.org},
  year         = {2016},
  url          = {http://proceedings.mlr.press/v48/shang16.html}
}
@ARTICLE{ieeetran/23/wang/cnn-eeg,
  author={Wang, Xingyi and Ma, Yuliang and Cammon, Jared and Fang, Feng and Gao, Yunyuan and Zhang, Yingchun},
  journal={IEEE Transactions on Neural Systems and Rehabilitation Engineering}, 
  title={Self-Supervised EEG Emotion Recognition Models Based on CNN}, 
  year={2023},
  volume={31},
  number={},
  pages={1952-1962},
  keywords={Task analysis;Emotion recognition;Electroencephalography;Brain modeling;Feature extraction;Convolutional neural networks;Convolution;EEG;self-supervised;emotion classification;multi-task learning},
  doi={10.1109/TNSRE.2023.3263570}
}
@article{ieetran/23/liu/cnn-microstate,
  title={Frequency-Dependent Microstate Characteristics for Mild Cognitive Impairment in Parkinson’s Disease},
  author={Chen Liu and Zhiqi Jiang and Shang Liu and Chunguang Chu and Jiang Wang and Wei Liu and Yanan Sun and Mengmeng Dong and Qingqing Shi and Pengcheng Huang and Xiaodong Zhu},
  journal={IEEE Transactions on Neural Systems and Rehabilitation Engineering},
  year={2023},
  volume={31},
  pages={4115-4124},
  url={https://api.semanticscholar.org/CorpusID:264098808}
}

@article{yu2023resting,
  title={Resting-state EEG microstates as electrophysiological biomarkers in post-stroke disorder of consciousness},
  author={Yu, Fang and Gao, Yanzhe and Li, Fenglian and Zhang, Xueying and Hu, Fengyun and Jia, Wenhui and Li, Xiaohui},
  journal={Frontiers in Neuroscience},
  volume={17},
  pages={1257511},
  year={2023},
  publisher={Frontiers Media SA}
}

@article{toplutacs2023eeg,
  title={EEG microstate analysis in patients with disorders of consciousness and its clinical significance},
  author={Topluta{\c{s}}, Eren and Ayd{\i}n, Fatma and Hano{\u{g}}lu, L{\"u}tf{\"u}},
  journal={Brain Topography},
  pages={1--11},
  year={2023},
  publisher={Springer}
}


@article{pessach2022review,
  title={A review on fairness in machine learning},
  author={Pessach, Dana and Shmueli, Erez},
  journal={ACM Computing Surveys (CSUR)},
  volume={55},
  number={3},
  pages={1--44},
  year={2022},
  publisher={ACM New York, NY}
}

@article{doering2024mri,
  title={MRI or 18F-FDG PET for Brain Age Gap Estimation: Links to Cognition, Pathology, and Alzheimer Disease Progression},
  author={Doering, Elena and Antonopoulos, Georgios and Hoenig, Merle and van Eimeren, Thilo and Daamen, Marcel and Boecker, Henning and Jessen, Frank and D{\"u}zel, Emrah and Eickhoff, Simon and Patil, Kaustubh and others},
  journal={Journal of nuclear medicine},
  volume={65},
  number={1},
  pages={147--155},
  year={2024},
  publisher={Soc Nuclear Med}
}



@online{who_dementia,
    author       = {{World Health Organization}},
    title        = {Dementia},
    year         = 2023,
    url          = {https://www.who.int/news-room/fact-sheets/detail/dementia},
    note         = {Accessed: 2024-08-19. Available at: \url{https://www.who.int/news-room/fact-sheets/detail/dementia}},
}


@article{2023ADREPORT,
title = {2023 Alzheimer's disease facts and figures},
journal = {Alzheimer's \& Dementia},
volume = {19},
number = {4},
pages = {1598-1695},
year = {2023}
}

@article{ott1995prevalence,
  title={Prevalence of Alzheimer's disease and vascular dementia: association with education. The Rotterdam study},
  author={Ott, Alewijn and Breteler, Monique MB and Van Harskamp, Frans and Claus, Jules J and Van Der Cammen, Tischa JM and Grobbee, Diederick E and Hofman, Albert},
  journal={Bmj},
  volume={310},
  number={6985},
  pages={970--973},
  year={1995},
  publisher={British Medical Journal Publishing Group}
}

@article{dubois2016timely,
  title={Timely diagnosis for Alzheimer’s disease: a literature review on benefits and challenges},
  author={Dubois, Bruno and Padovani, Alessandro and Scheltens, Philip and Rossi, Andrea and Dell’Agnello, Grazia},
  journal={Journal of Alzheimer's disease},
  volume={49},
  number={3},
  pages={617--631},
  year={2016},
  publisher={IOS Press}
}

@article{eikelboom2019early,
  title={Early recognition and treatment of neuropsychiatric symptoms to improve quality of life in early Alzheimer’s disease: Protocol of the BEAT-IT study},
  author={Eikelboom, Willem S and Singleton, Ellen and Van Den Berg, Esther and Coesmans, Michiel and Mattace Raso, Francesco and Van Bruchem, Rozemarijn L and Goudzwaard, Jeannette A and De Jong, Frank Jan and Koopmanschap, Marc and Den Heijer, Tom and others},
  journal={Alzheimer's research \& therapy},
  volume={11},
  pages={1--12},
  year={2019},
  publisher={Springer}
}

@article{illakiya2023automatic,
  title={Automatic detection of Alzheimer's disease using deep learning models and neuro-imaging: current trends and future perspectives},
  author={Illakiya, T and Karthik, R},
  journal={Neuroinformatics},
  volume={21},
  number={2},
  pages={339--364},
  year={2023},
  publisher={Springer}
}

@article{fathi2022early,
  title={Early diagnosis of Alzheimer's disease based on deep learning: A systematic review},
  author={Fathi, Sina and Ahmadi, Maryam and Dehnad, Afsaneh},
  journal={Computers in biology and medicine},
  volume={146},
  pages={105634},
  year={2022},
  publisher={Elsevier}
}

@article{tran2024eeg,
  title={EEG-SSM: Leveraging State-Space Model for Dementia Detection},
  author={Tran, Xuan-The and Le, Linh and Nguyen, Quoc Toan and Do, Thomas and Lin, Chin-Teng},
  journal={arXiv preprint arXiv:2407.17801},
  year={2024}
}

@article{tanveer2020machine,
  title={Machine learning techniques for the diagnosis of Alzheimer’s disease: A review},
  author={Tanveer, Muhammad and Richhariya, Bharat and Khan, Riyaj Uddin and Rashid, Ashraf Haroon and Khanna, Pritee and Prasad, Mukesh and Lin, Chin-Teng},
  journal={ACM Transactions on Multimedia Computing, Communications, and Applications (TOMM)},
  volume={16},
  number={1s},
  pages={1--35},
  year={2020},
  publisher={ACM New York, NY, USA}
}


@article{warren2023functional,
  title={Functional magnetic resonance imaging, deep learning, and Alzheimer's disease: A systematic review},
  author={Warren, Samuel L and Moustafa, Ahmed A},
  journal={Journal of Neuroimaging},
  volume={33},
  number={1},
  pages={5--18},
  year={2023},
  publisher={Wiley Online Library}
}

@article{rallabandi2023deep,
  title={Deep learning-based classification of healthy aging controls, mild cognitive impairment and Alzheimer’s disease using fusion of MRI-PET imaging},
  author={Rallabandi, VP Subramanyam and Seetharaman, Krishnamoorthy},
  journal={Biomedical Signal Processing and Control},
  volume={80},
  pages={104312},
  year={2023},
  publisher={Elsevier}
}

@article{gogishvili2023discovery,
  title={Discovery of novel CSF biomarkers to predict progression in dementia using machine learning},
  author={Gogishvili, Dea and Vromen, Eleonora M and Koppes-den Hertog, and others},
  journal={Scientific reports},
  volume={13},
  number={1},
  pages={6531},
  year={2023},
  publisher={Nature Publishing Group UK London}
}

@article{sheng2024hybrid,
  title={A hybrid multimodal machine learning model for Detecting Alzheimer's disease},
  author={Sheng, Jinhua and Zhang, Qian and Zhang, Qiao and Wang, Luyun and Yang, Ze and Xin, Yu and Wang, Binbing},
  journal={Computers in Biology and Medicine},
  volume={170},
  pages={108035},
  year={2024},
  publisher={Elsevier}
}

@article{inan2024slice,
  title={A slice selection guided deep integrated pipeline for Alzheimer’s prediction from Structural Brain MRI},
  author={Inan, Muhammad Sakib Khan and Sworna, Nabila Sabrin and Islam, and others},
  journal={Biomedical Signal Processing and Control},
  volume={89},
  pages={105773},
  year={2024},
  publisher={Elsevier}
}

@article{arvaneh2011optimizing,
  title={Optimizing the channel selection and classification accuracy in EEG-based BCI},
  author={Arvaneh, Mahnaz and Guan, Cuntai and Ang, Kai Keng and Quek, Chai},
  journal={IEEE Transactions on Biomedical Engineering},
  volume={58},
  number={6},
  pages={1865--1873},
  year={2011},
  publisher={IEEE}
}

@article{rasmussen2019alzheimer,
  title={Alzheimer’s disease--why we need early diagnosis},
  author={Rasmussen, Jill and Langerman, Haya},
  journal={Degenerative neurological and neuromuscular disease},
  pages={123--130},
  year={2019},
  publisher={Taylor \& Francis}
}

@article{li2023early,
  title={Early prediction of Alzheimer's disease and related dementias using real-world electronic health records},
  author={Li, Qian and Yang, Xi and Xu, Jie and Guo, Yi and He, Xing and Hu, Hui and Lyu, Tianchen and Marra, David and Miller, Amber and Smith, Glenn and others},
  journal={Alzheimer's \& Dementia},
  volume={19},
  number={8},
  pages={3506--3518},
  year={2023},
  publisher={Wiley Online Library}
}

@article{garcia2024prognostic,
  title={Prognostic and Predictive Factors in Early Alzheimer’s Disease: A Systematic Review},
  author={Garcia, Maria Jo{\~a}o and Leadley, Regina and Ross, Janine and Bozeat, and others},
  journal={Journal of Alzheimer's Disease Reports},
  volume={8},
  number={1},
  pages={203},
  year={2024},
  publisher={IOS Press}
}

@article{alzheimer20182018,
  title={2018 Alzheimer's disease facts and figures},
  author={Alzheimer's Association and others},
  journal={Alzheimer's \& Dementia},
  volume={14},
  number={3},
  pages={367--429},
  year={2018},
  publisher={Elsevier}
}

@article{marasco2020current,
  title={Current and evolving treatment strategies for the Alzheimer disease continuum.},
  author={Marasco, Richard A},
  journal={The American Journal of Managed Care},
  volume={26},
  number={8 Suppl},
  pages={S167--S176},
  year={2020}
}

@article{pang2023predicting,
  title={Predicting progression from normal to MCI and from MCI to AD using clinical variables in the national Alzheimer’s coordinating center uniform data set version 3: Application of machine learning models and a probability calculator},
  author={Pang, Y and Kukull, W and Sano, M and Albin, RL and Shen, C and Zhou, J and Dodge, Hiroko H},
  journal={The journal of prevention of Alzheimer's disease},
  volume={10},
  number={2},
  pages={301--313},
  year={2023},
  publisher={Springer}
}

@article{zhu2021long,
  title={Long range early diagnosis of Alzheimer's disease using longitudinal MR imaging data},
  author={Zhu, Yingying and Kim, Minjeong and Zhu, and others},
  journal={Medical image analysis},
  volume={67},
  pages={101825},
  year={2021},
  publisher={Elsevier}
}

@article{al2023ppad,
  title={PPAD: A deep learning architecture to predict progression of Alzheimer’s disease},
  author={Al Olaimat, Mohammad and Martinez, Jared and Saeed, Fahad and Bozdag, Serdar and Alzheimer’s Disease Neuroimaging Initiative},
  journal={Bioinformatics},
  volume={39},
  number={Supplement\_1},
  pages={i149--i157},
  year={2023},
  publisher={Oxford University Press}
}

@article{maheux2023forecasting,
  title={Forecasting individual progression trajectories in Alzheimer’s disease},
  author={Maheux, Etienne and Koval, Igor and Ortholand, Juliette and Birkenbihl, and others},
  journal={Nature Communications},
  volume={14},
  number={1},
  pages={761},
  year={2023},
  publisher={Nature Publishing Group UK London}
}

@article{chen2023algorithmic,
  title={Algorithmic fairness in artificial intelligence for medicine and healthcare},
  author={Chen, Richard J and Wang, Judy J and Williamson, Drew FK and Chen, Tiffany Y and Lipkova, Jana and Lu, Ming Y and Sahai, Sharifa and Mahmood, Faisal},
  journal={Nature biomedical engineering},
  volume={7},
  number={6},
  pages={719--742},
  year={2023},
  publisher={Nature Publishing Group UK London}
}

@article{hampel2011future,
  title={The future of Alzheimer's disease: the next 10 years},
  author={Hampel, Harald and Prvulovic, David and Teipel, Stefan and Jessen, and others},
  journal={Progress in neurobiology},
  volume={95},
  number={4},
  pages={718--728},
  year={2011},
  publisher={Elsevier}
}

@article{cui2019rnn,
  title={RNN-based longitudinal analysis for diagnosis of Alzheimer’s disease},
  author={Cui, Ruoxuan and Liu, Manhua and Alzheimer's Disease Neuroimaging Initiative and others},
  journal={Computerized Medical Imaging and Graphics},
  volume={73},
  pages={1--10},
  year={2019},
  publisher={Elsevier}
}

@article{perrin2009multimodal,
  title={Multimodal techniques for diagnosis and prognosis of Alzheimer's disease},
  author={Perrin, Richard J and Fagan, Anne M and Holtzman, David M},
  journal={Nature},
  volume={461},
  number={7266},
  pages={916--922},
  year={2009},
  publisher={Nature Publishing Group UK London}
}

@article{eshkoor2015mild,
  title={Mild cognitive impairment and its management in older people},
  author={Eshkoor, Sima Ataollahi and Hamid, Tengku Aizan and Mun, Chan Yoke and Ng, Chee Kyun},
  journal={Clinical interventions in aging},
  pages={687--693},
  year={2015},
  publisher={Taylor \& Francis}
}

@article{shigemizu2020prognosis,
  title={Prognosis prediction model for conversion from mild cognitive impairment to Alzheimer’s disease created by integrative analysis of multi-omics data},
  author={Shigemizu, Daichi and Akiyama, Shintaro and Higaki, Sayuri and Sugimoto, and others},
  journal={Alzheimer's research \& therapy},
  volume={12},
  pages={1--12},
  year={2020},
  publisher={Springer}
}


@article{menachemi2011benefits,
  title={Benefits and drawbacks of electronic health record systems},
  author={Menachemi, Nir and Collum, Taleah H},
  journal={Risk management and healthcare policy},
  pages={47--55},
  year={2011},
  publisher={Taylor \& Francis}
}

@article{marti2020survey,
  title={A survey on machine and statistical learning for longitudinal analysis of neuroimaging data in Alzheimer’s disease},
  author={Mart{\'\i}-Juan, Gerard and Sanroma-Guell, Gerard and Piella, Gemma},
  journal={Computer methods and programs in biomedicine},
  volume={189},
  pages={105348},
  year={2020},
  publisher={Elsevier}
}

@article{rainio2024evaluation,
  title={Evaluation metrics and statistical tests for machine learning},
  author={Rainio, Oona and Teuho, Jarmo and Kl{\'e}n, Riku},
  journal={Scientific Reports},
  volume={14},
  number={1},
  pages={6086},
  year={2024},
  publisher={Nature Publishing Group UK London}
}

@article{caton2024fairness,
  title={Fairness in machine learning: A survey},
  author={Caton, Simon and Haas, Christian},
  journal={ACM Computing Surveys},
  volume={56},
  number={7},
  pages={1--38},
  year={2024},
  publisher={ACM New York, NY}
}

@article{yuan2023algorithmic,
  title={Algorithmic Fairness of Machine Learning Models for Alzheimer Disease Progression},
  author={Yuan, Chenxi and Linn, Kristin A and Hubbard, Rebecca A},
  journal={JAMA Network Open},
  volume={6},
  number={11},
  pages={e2342203--e2342203},
  year={2023},
  publisher={American Medical Association}
}

@article{li2024kolmogorov,
  title={Kolmogorov-Arnold Networks are Radial Basis Function Networks},
  author={Li, Ziyao},
  journal={arXiv preprint arXiv:2405.06721},
  year={2024}
}



@article{alahmadi2024prediction,
  title={Prediction of mild cognitive impairment using EEG signal and BiLSTM network},
  author={Alahmadi, Tahani Jaser and Rahman, Atta Ur and Alhababi, Zaid Ali and Ali, Sania and Alkahtani, Hend Khalid},
  journal={Machine Learning: Science and Technology},
  volume={5},
  number={2},
  pages={025028},
  year={2024},
  publisher={IOP Publishing}
}

@article{goyal2024multilayered,
  title={A multilayered framework for diagnosis and classification of Alzheimer's disease using transfer learned Alexnet and LSTM},
  author={Goyal, Palak and Rani, Rinkle and Singh, Karamjeet},
  journal={Neural Computing and Applications},
  volume={36},
  number={7},
  pages={3777--3801},
  year={2024},
  publisher={Springer}
}

@article{franciotti2023comparison,
  title={Comparison of machine learning-based approaches to predict the conversion to Alzheimer’s disease from mild cognitive impairment},
  author={Franciotti, Raffaella and Nardini, Davide and Russo, and otherss},
  journal={Neuroscience},
  volume={514},
  pages={143--152},
  year={2023},
  publisher={Elsevier}
}

@article{bisgin2018comparing,
  title={Comparing SVM and ANN based machine learning methods for species identification of food contaminating beetles},
  author={Bisgin, Halil and Bera, Tanmay and Ding, and others},
  journal={Scientific reports},
  volume={8},
  number={1},
  pages={6532},
  year={2018},
  publisher={Nature Publishing Group UK London}
}

@article{retico2015predictive,
  title={Predictive models based on support vector machines: whole-brain versus regional analysis of structural MRI in the Alzheimer's disease},
  author={Retico, Alessandra and Bosco, Paolo and Cerello, Piergiorgio and Fiorina, Elisa and Chincarini, Andrea and Fantacci, Maria Evelina},
  journal={Journal of Neuroimaging},
  volume={25},
  number={4},
  pages={552--563},
  year={2015},
  publisher={Wiley Online Library}
}

@article{sheng2019novel,
  title={A novel joint HCPMMP method for automatically classifying Alzheimer’s and different stage MCI patients},
  author={Sheng, Jinhua and Wang, Bocheng and Zhang, and others},
  journal={Behavioural brain research},
  volume={365},
  pages={210--221},
  year={2019},
  publisher={Elsevier}
}

@article{alam2017twin,
  title={Twin SVM-Based Classification of Alzheimer’s Disease Using Complex Dual-Tree Wavelet Principal Coefficients and LDA},
  author={Alam, Saruar and Kwon, Goo-Rak and Kim, Ji-In and Park, Chun-Su},
  journal={Journal of healthcare engineering},
  volume={2017},
  number={1},
  pages={8750506},
  year={2017},
  publisher={Wiley Online Library}
}

@article{zeng2018new,
  title={A new switching-delayed-PSO-based optimized SVM algorithm for diagnosis of Alzheimer’s disease},
  author={Zeng, Nianyin and Qiu, Hong and Wang, Zidong and Liu, Weibo and Zhang, Hong and Li, Yurong},
  journal={Neurocomputing},
  volume={320},
  pages={195--202},
  year={2018},
  publisher={Elsevier}
}

@article{sun2018integrating,
  title={Integrating spatial-anatomical regularization and structure sparsity into SVM: Improving interpretation of Alzheimer's disease classification},
  author={Sun, Zhuo and Qiao, Yuchuan and Lelieveldt, Boudewijn PF and Staring, and otherss},
  journal={NeuroImage},
  volume={178},
  pages={445--460},
  year={2018},
  publisher={Elsevier}
}

@article{kar2019novel,
  title={A novel approach of diffusion tensor visualization based neuro fuzzy classification system for early detection of Alzheimer’s disease},
  author={Kar, Subrata and Majumder, D Dutta},
  journal={Journal of Alzheimer's Disease Reports},
  volume={3},
  number={1},
  pages={1--18},
  year={2019},
  publisher={IOS Press}
}

@article{lee2019predicting,
  title={Predicting Alzheimer’s disease progression using multi-modal deep learning approach},
  author={Lee, Garam and Nho, Kwangsik and Kang, Byungkon and Sohn, Kyung-Ah and Kim, Dokyoon},
  journal={Scientific reports},
  volume={9},
  number={1},
  pages={1952},
  year={2019},
  publisher={Nature Publishing Group UK London}
}

@article{venugopalan2021multimodal,
  title={Multimodal deep learning models for early detection of Alzheimer’s disease stage},
  author={Venugopalan, Janani and Tong, Li and Hassanzadeh, Hamid Reza and Wang, May D},
  journal={Scientific reports},
  volume={11},
  number={1},
  pages={3254},
  year={2021},
  publisher={Nature Publishing Group UK London}
}

@article{nguyen2020predicting,
  title={Predicting Alzheimer's disease progression using deep recurrent neural networks},
  author={Nguyen, Minh and He, Tong and An, Lijun and Alexander, Daniel C and Feng, and others},
  journal={NeuroImage},
  volume={222},
  pages={117203},
  year={2020},
  publisher={Elsevier}
}

@inproceedings{li2019early,
  title={Early prediction of Alzheimer’s disease dementia based on baseline hippocampal MRI and 1-year follow-up cognitive measures using deep recurrent neural networks},
  author={Li, Hongming and Fan, Yong},
  booktitle={2019 IEEE 16th international symposium on biomedical imaging (ISBI 2019)},
  pages={368--371},
  year={2019},
  organization={IEEE}
}




@article{bae2020identification,
  title={Identification of Alzheimer's disease using a convolutional neural network model based on T1-weighted magnetic resonance imaging},
  author={Bae, Jong Bin and Lee, Subin and Jung, Wonmo and Park, Sejin and Kim, and others},
  journal={Scientific reports},
  volume={10},
  number={1},
  pages={22252},
  year={2020},
  publisher={Nature Publishing Group UK London}
}

@article{weber2021worldwide,
  title={The worldwide Alzheimer's disease neuroimaging initiative: ADNI-3 updates and global perspectives},
  author={Weber, Christopher J and Carrillo, Maria C and Jagust, William and Jack Jr, Clifford R and Shaw, Leslie M and Trojanowski, John Q and Saykin, Andrew J and Beckett, Laurel A and Sur, Cyrille and Rao, Naren P and others},
  journal={Alzheimer's \& Dementia: Translational Research \& Clinical Interventions},
  volume={7},
  number={1},
  pages={e12226},
  year={2021},
  publisher={Wiley Online Library}
}

@article{chen2023orthogonal,
  title={Orthogonal latent space learning with feature weighting and graph learning for multimodal Alzheimer’s disease diagnosis},
  author={Chen, Zhi and Liu, Yongguo and Zhang, Yun and Li, Qiaoqin and Alzheimer’s Disease Neuroimaging Initiative and others},
  journal={Medical Image Analysis},
  volume={84},
  pages={102698},
  year={2023},
  publisher={Elsevier}
}

@article{mohammed2023comprehensive,
  title={A comprehensive review on ensemble deep learning: Opportunities and challenges},
  author={Mohammed, Ammar and Kora, Rania},
  journal={Journal of King Saud University-Computer and Information Sciences},
  volume={35},
  number={2},
  pages={757--774},
  year={2023},
  publisher={Elsevier}
}

@article{liu2024kan,
  title={Kan: Kolmogorov-arnold networks},
  author={Liu, Ziming and Wang, Yixuan and Vaidya, Sachin and Ruehle, Fabian and Halverson, James and Solja{\v{c}}i{\'c}, Marin and Hou, Thomas Y and Tegmark, Max},
  journal={arXiv preprint arXiv:2404.19756},
  year={2024}
}

@incollection{gordon1974b,
  title={B-spline curves and surfaces},
  author={Gordon, William J and Riesenfeld, Richard F},
  booktitle={Computer aided geometric design},
  pages={95--126},
  year={1974},
  publisher={Elsevier}
}

@article{ba2016layer,
  title={Layer normalization},
  author={Ba, Jimmy Lei and Kiros, Jamie Ryan and Hinton, Geoffrey E},
  journal={arXiv preprint arXiv:1607.06450},
  year={2016}
}

@article{samadi2024smooth,
  title={Smooth Kolmogorov Arnold networks enabling structural knowledge representation},
  author={Samadi, Moein E and M{\"u}ller, Younes and Schuppert, Andreas},
  journal={arXiv preprint arXiv:2405.11318},
  year={2024}
}

@article{vaca2024kolmogorov,
  title={Kolmogorov-arnold networks (kans) for time series analysis},
  author={Vaca-Rubio, Cristian J and Blanco, Luis and Pereira, Roberto and Caus, M{\`a}rius},
  journal={arXiv preprint arXiv:2405.08790},
  year={2024}
}

@article{sundermeyer2015feedforward,
  title={From feedforward to recurrent LSTM neural networks for language modeling},
  author={Sundermeyer, Martin and Ney, Hermann and Schl{\"u}ter, Ralf},
  journal={IEEE/ACM Transactions on Audio, Speech, and Language Processing},
  volume={23},
  number={3},
  pages={517--529},
  year={2015},
  publisher={IEEE}
}

@article{jomeiri2024longitudinal,
  title={Longitudinal MRI analysis using a hybrid DenseNet-BiLSTM method for Alzheimer's disease prediction},
  author={Jomeiri, Alireza and Navin, Ahmad Habibizad and Shamsi, Mahboubeh},
  journal={Behavioural Brain Research},
  volume={463},
  pages={114900},
  year={2024},
  publisher={Elsevier}
}

@article{poonam2024predicting,
  title={Predicting Alzheimer's Disease Progression using a Versatile-Sequence-Length-Adaptive Encoder-Decoder LSTM Architecture},
  author={Poonam, Km and Guha, Rajlakshmi and Chakrabarti, Partha P},
  journal={IEEE Journal of Biomedical and Health Informatics},
  year={2024},
  publisher={IEEE}
}

@article{sarica2017random,
  title={Random forest algorithm for the classification of neuroimaging data in Alzheimer's disease: a systematic review},
  author={Sarica, Alessia and Cerasa, Antonio and Quattrone, Aldo},
  journal={Frontiers in aging neuroscience},
  volume={9},
  pages={329},
  year={2017},
  publisher={Frontiers Media SA}
}

@article{amin2023alzheimer,
  title={Alzheimer’s disease: new insight in assessing of amyloid plaques morphologies using multifractal geometry based on Naive Bayes optimized by random forest algorithm},
  author={Amin, Elshaimaa and Elgammal, Yasmina M and Zahran, MA and Abdelsalam, Mohamed M},
  journal={Scientific Reports},
  volume={13},
  number={1},
  pages={18568},
  year={2023},
  publisher={Nature Publishing Group UK London}
}


@article{el2024novel,
  title={A novel CNN architecture for accurate early detection and classification of Alzheimer’s disease using MRI data},
  author={El-Assy, AM and Amer, Hanan M and Ibrahim, HM and Mohamed, MA},
  journal={Scientific Reports},
  volume={14},
  number={1},
  pages={3463},
  year={2024},
  publisher={Nature Publishing Group UK London}
}

@article{mehrabi2021survey,
  title={A survey on bias and fairness in machine learning},
  author={Mehrabi, Ninareh and Morstatter, Fred and Saxena, Nripsuta and Lerman, Kristina and Galstyan, Aram},
  journal={ACM computing surveys (CSUR)},
  volume={54},
  number={6},
  pages={1--35},
  year={2021},
  publisher={ACM New York, NY, USA}
}



@article{rajkomar2018ensuring,
  title={Ensuring fairness in machine learning to advance health equity},
  author={Rajkomar, Alvin and Hardt, Michaela and Howell, Michael D and Corrado, Greg and Chin, Marshall H},
  journal={Annals of internal medicine},
  volume={169},
  number={12},
  pages={866--872},
  year={2018},
  publisher={American College of Physicians}
}

@inproceedings{verma2018fairness,
  title={Fairness definitions explained},
  author={Verma, Sahil and Rubin, Julia},
  booktitle={Proceedings of the international workshop on software fairness},
  pages={1--7},
  year={2018}
}

@inproceedings{feldman2015certifying,
  title={Certifying and removing disparate impact},
  author={Feldman, Michael and Friedler, Sorelle A and Moeller, John and Scheidegger, Carlos and Venkatasubramanian, Suresh},
  booktitle={proceedings of the 21th ACM SIGKDD international conference on knowledge discovery and data mining},
  pages={259--268},
  year={2015}
}

@inproceedings{zissimopoulos2015value,
  title={The value of delaying Alzheimer’s disease onset},
  author={Zissimopoulos, Julie and Crimmins, Eileen and St. Clair, Patricia},
  booktitle={Forum for Health Economics and Policy},
  pages={25--39},
  year={2015},
  organization={De Gruyter}
}

@article{azzali2024automatic,
  title={Automatic feature extraction with Vectorial Genetic Programming for Alzheimer’s Disease prediction through handwriting analysis},
  author={Azzali, Irene and Cilia, Nicole D and De Stefano, Claudio and Fontanella, Francesco and Giacobini, Mario and Vanneschi, Leonardo},
  journal={Swarm and Evolutionary Computation},
  volume={87},
  pages={101571},
  year={2024},
  publisher={Elsevier}
}


@article{kourtis2019digital,
  title={Digital biomarkers for Alzheimer’s disease: the mobile/wearable devices opportunity},
  author={Kourtis, Lampros C and Regele, Oliver B and Wright, Justin M and Jones, Graham B},
  journal={NPJ digital medicine},
  volume={2},
  number={1},
  pages={9},
  year={2019},
  publisher={Nature Publishing Group UK London}
}

@article{duan2020topological,
  title={Topological network analysis of early Alzheimer’s disease based on resting-state EEG},
  author={Duan, Feng and Huang, Zihao and Sun, Zhe and Zhang, Yu and Zhao, Qibin and Cichocki, Andrzej and Yang, Zhenglu and Sole-Casals, Jordi},
  journal={IEEE Transactions on Neural Systems and Rehabilitation Engineering},
  volume={28},
  number={10},
  pages={2164--2172},
  year={2020},
  publisher={IEEE}
}

@article{you2020alzheimer,
  title={Alzheimer's disease classification with a cascade neural network},
  author={You, Zeng and Zeng, Runhao and Lan, Xiaoyong and Ren, Huixia and You, Zhiyang and Shi, Xue and Zhao, Shipeng and Guo, Yi and Jiang, Xin and Hu, Xiping},
  journal={Frontiers in Public Health},
  volume={8},
  pages={584387},
  year={2020},
  publisher={Frontiers Media SA}
}

@article{rad2021diagnosis,
  title={Diagnosis of mild Alzheimer's disease by EEG and ERP signals using linear and nonlinear classifiers},
  author={Rad, Elias Mazrooei and Azarnoosh, Mahdi and Ghoshuni, Majid and Khalilzadeh, Mohammad Mahdi},
  journal={Biomedical Signal Processing and Control},
  volume={70},
  pages={103049},
  year={2021},
  publisher={Elsevier}
}

@article{huggins2021deep,
  title={Deep learning of resting-state electroencephalogram signals for three-class classification of Alzheimer’s disease, mild cognitive impairment and healthy ageing},
  author={Huggins, Cameron J and Escudero, Javier and Parra, Mario A and Scally, Brian and Anghinah, Renato and De Ara{\'u}jo, Amanda Vit{\'o}ria Lacerda and Basile, Luis F and Abasolo, Daniel},
  journal={Journal of Neural Engineering},
  volume={18},
  number={4},
  pages={046087},
  year={2021},
  publisher={IOP Publishing}
}


@article{mishra2020eeg,
  title={EEG microstates as a continuous phenomenon},
  author={Mishra, Ashutosh and Englitz, Bernhard and Cohen, Michael X},
  journal={Neuroimage},
  volume={208},
  pages={116454},
  year={2020},
  publisher={Elsevier}
}

@article{tait2020eeg,
  title={EEG microstate complexity for aiding early diagnosis of Alzheimer’s disease},
  author={Tait, Luke and Tamagnini, Francesco and Stothart, George and Barvas, Edoardo and Monaldini, Chiara and Frusciante, Roberto and Volpini, Mirco and Guttmann, Susanna and Coulthard, Elizabeth and Brown, Jon T and others},
  journal={Scientific reports},
  volume={10},
  number={1},
  pages={17627},
  year={2020},
  publisher={Nature Publishing Group UK London}
}

@article{smailovic2019eeg,
  title={EEG time signature in Alzheimer s disease: functional brain networks falling apart},
  author={Smailovic, Una and Koenig, Thomas and Laukka, Erika J and Kalpouzos, Gr{\'e}goria and Andersson, Thomas and Winblad, Bengt and Jelic, Vesna},
  journal={NeuroImage: Clinical},
  volume={24},
  pages={102046},
  year={2019},
  publisher={Elsevier}
}

@article{shi2022microstate,
  title={Microstate feature fusion for distinguishing AD from MCI},
  author={Shi, Yupan and Ma, Qinying and Feng, Chunyu and Wang, Mingwei and Wang, Hualong and Li, Bing and Fang, Jiyu and Ma, Shaochen and Guo, Xin and Li, Tongliang},
  journal={Health Information Science and Systems},
  volume={10},
  number={1},
  pages={16},
  year={2022},
  publisher={Springer}
}

@article{dzianok2024pearl,
  title={PEARL-Neuro Database: EEG, fMRI, health and lifestyle data of middle-aged people at risk of dementia},
  author={Dzianok, Patrycja and Kublik, Ewa},
  journal={Scientific Data},
  volume={11},
  number={1},
  pages={276},
  year={2024},
  publisher={Nature Publishing Group UK London}
}



@article{el2023trustworthy,
  title={Trustworthy artificial intelligence in Alzheimer’s disease: state of the art, opportunities, and challenges},
  author={El-Sappagh, Shaker and Alonso-Moral, Jose M and Abuhmed, Tamer and Ali, Farman and Bugar{\'\i}n-Diz, Alberto},
  journal={Artificial Intelligence Review},
  volume={56},
  number={10},
  pages={11149--11296},
  year={2023},
  publisher={Springer}
}

@article{quadri2024epileptic,
  title={Epileptic Seizure Prediction using Stacked CNN-BiLSTM: A Novel Approach},
  author={Quadri, Zeenat Firdosh and Akhoon, M Saqib and Loan, Sajad A},
  journal={IEEE Transactions on Artificial Intelligence},
  year={2024},
  publisher={IEEE}
}

@article{faber2021fundamentally,
  title={Fundamentally altered global-and microstate EEG characteristics in Huntington’s disease},
  author={Faber, Pascal L and Milz, Patricia and Reininghaus, Eva Z and M{\"o}rkl, Sabrina and Holl, Anna K and Kapfhammer, Hans-Peter and Pascual-Marqui, Roberto D and Kochi, Kieko and Achermann, Peter and Painold, Annamaria},
  journal={Clinical Neurophysiology},
  volume={132},
  number={1},
  pages={13--22},
  year={2021},
  publisher={Elsevier}
}

@article{long2024individual,
  title={Individual arbitrariness and group fairness},
  author={Long, Carol and Hsu, Hsiang and Alghamdi, Wael and Calmon, Flavio},
  journal={Advances in Neural Information Processing Systems},
  volume={36},
  year={2024}
}

@article{chu2022enhanced,
  title={An enhanced EEG microstate recognition framework based on deep neural networks: an application to Parkinson's disease},
  author={Chu, Chunguang and Zhang, Zhen and Song, Zhenxi and Xu, Zifan and Wang, Jiang and Wang, Fei and Liu, Wei and Lu, Liying and Liu, Chen and Zhu, Xiaodong and others},
  journal={IEEE Journal of Biomedical and Health Informatics},
  volume={27},
  number={3},
  pages={1307--1318},
  year={2022},
  publisher={IEEE}
}

@article{antonova2022eeg,
  title={EEG microstates: functional significance and short-term test-retest reliability},
  author={Antonova, Elena and Holding, Martin and Suen, Ho Chak and Sumich, Alex and Maex, Reinoud and Nehaniv, Chrystopher},
  journal={Neuroimage: Reports},
  volume={2},
  number={2},
  pages={100089},
  year={2022},
  publisher={Elsevier}
}

@article{mazzeo2024resting,
  title={Resting-state electroencephalography microstates as a marker of photosensitivity in juvenile myoclonic epilepsy},
  author={Mazzeo, Adolfo and Cerulli Irelli, Emanuele and Leodori, Giorgio and Mancuso, Marco and Morano, Alessandra and Giallonardo, Anna Teresa and Di Bonaventura, Carlo},
  journal={Brain Communications},
  volume={6},
  number={2},
  pages={fcae054},
  year={2024},
  publisher={Oxford University Press US}
}

@article{michel2018eeg,
  title={EEG microstates as a tool for studying the temporal dynamics of whole-brain neuronal networks: a review},
  author={Michel, Christoph M and Koenig, Thomas},
  journal={Neuroimage},
  volume={180},
  pages={577--593},
  year={2018},
  publisher={Elsevier}
}


@article{liu2023translational,
  title={A translational perspective towards clinical AI fairness},
  author={Liu, Mingxuan and Ning, Yilin and Teixayavong, Salinelat and Mertens, Mayli and Xu, and others},
  journal={NPJ Digital Medicine},
  volume={6},
  number={1},
  pages={172},
  year={2023},
  publisher={Nature Publishing Group UK London}
}

@article{10.1145/3597199,
author = {Tang, Zeyu and Zhang, Jiji and Zhang, Kun},
title = {What-is and How-to for Fairness in Machine Learning: A Survey, Reflection, and Perspective},
year = {2023},
journal={ACM Computing Surveys},
publisher = {Association for Computing Machinery},
address = {New York, NY, USA},
volume = {55},
number = {13s}
}

@article{wickstrom2020uncertainty,
  title={Uncertainty-aware deep ensembles for reliable and explainable predictions of clinical time series},
  author={Wickstr{\o}m, Kristoffer and Mikalsen, Karl {\O}yvind and Kampffmeyer, Michael and Revhaug, Arthur and Jenssen, Robert},
  journal={IEEE Journal of Biomedical and Health Informatics},
  volume={25},
  number={7},
  pages={2435--2444},
  year={2020},
  publisher={IEEE}
}

@inproceedings{zhou2016learning,
  title={Learning deep features for discriminative localization},
  author={Zhou, Bolei and Khosla, Aditya and Lapedriza, Agata and Oliva, Aude and Torralba, Antonio},
  booktitle={Proceedings of the IEEE conference on computer vision and pattern recognition},
  pages={2921--2929},
  year={2016}
}

@inproceedings{wang2017time,
  title={Time series classification from scratch with deep neural networks: A strong baseline},
  author={Wang, Zhiguang and Yan, Weizhong and Oates, Tim},
  booktitle={2017 International joint conference on neural networks (IJCNN)},
  pages={1578--1585},
  year={2017},
  organization={IEEE}
}

@inproceedings{assaf2019explainable,
  title={Explainable deep neural networks for multivariate time series predictions.},
  author={Assaf, Roy and Schumann, Anika},
  booktitle={IJCAI},
  pages={6488--6490},
  year={2019},
  organization={Macao}
}

@article{uyulan2023class,
  title={A class activation map-based interpretable transfer learning model for automated detection of ADHD from fMRI data},
  author={Uyulan, Caglar and Erguzel, Turker Tekin and Turk, Omer and Farhad, Shams and Metin, Baris and Tarhan, Nevzat},
  journal={Clinical EEG and Neuroscience},
  volume={54},
  number={2},
  pages={151--159},
  year={2023},
  publisher={SAGE Publications Sage CA: Los Angeles, CA}
}

@article{viswan2024explainable,
  title={Explainable artificial intelligence in Alzheimer’s disease classification: A systematic review},
  author={Viswan, Vimbi and Shaffi, Noushath and Mahmud, Mufti and Subramanian, Karthikeyan and Hajamohideen, Faizal},
  journal={Cognitive Computation},
  volume={16},
  number={1},
  pages={1--44},
  year={2024},
  publisher={Springer}
}

@article{panigutti2023co,
  title={Co-design of human-centered, explainable AI for clinical decision support},
  author={Panigutti, Cecilia and Beretta, Andrea and Fadda, Daniele and Giannotti, Fosca and Pedreschi, Dino and Perotti, Alan and Rinzivillo, Salvatore},
  journal={ACM Transactions on Interactive Intelligent Systems},
  volume={13},
  number={4},
  pages={1--35},
  year={2023},
  publisher={ACM New York, NY}
}

@article{springenberg2014striving,
  title={Striving for simplicity: The all convolutional net},
  author={Springenberg, Jost Tobias and Dosovitskiy, Alexey and Brox, Thomas and Riedmiller, Martin},
  journal={International Conference on Learning Representations (ICLR)},
  year={2014}
}

@article{hata2023precise,
  title={Precise discrimination for multiple etiologies of dementia cases based on deep learning with electroencephalography},
  author={Hata, Masahiro and Watanabe, Yusuke and Tanaka, Takumi and Awata, and others},
  journal={Neuropsychobiology},
  volume={82},
  number={2},
  pages={81--90},
  year={2023},
  publisher={S. Karger AG}
}


@article{prabal2024n,
  title={N-BodyPat: Investigation on the Dementia and Alzheimer's Disorder Detection Using EEG Signals},
  author={Prabal, Datta Barua and Tuncer, Turker and Baygin, Mehmet and Dogan, Sengul and Acharya, UR},
  journal={Knowledge-Based Systems},
  pages={112510},
  year={2024},
  publisher={Elsevier}
}

@article{arya2023systematic,
  title={A systematic review on machine learning and deep learning techniques in the effective diagnosis of Alzheimer’s disease},
  author={Arya, Akhilesh Deep and Verma, Sourabh Singh and Chakarabarti, Prasun and Chakrabarti, Tulika and Elngar, Ahmed A and Kamali, Ali-Mohammad and Nami, Mohammad},
  journal={Brain Informatics},
  volume={10},
  number={1},
  pages={17},
  year={2023},
  publisher={Springer}
}



@inproceedings{nguyen2024fairad,
  title={FairAD-XAI: Evaluation Framework for Explainable AI Methods in Alzheimer's Disease Detection with Fairness-in-the-loop},
  author={Nguyen, Quoc-Toan and Le, Linh and Tran, Xuan-The and Do, Thomas and Lin, Chin-Teng},
  booktitle={Companion of the 2024 on ACM International Joint Conference on Pervasive and Ubiquitous Computing},
  pages={870--876},
  year={2024}
}



@article{qiu20243d,
  title={3D Multimodal Fusion Network with Disease-induced Joint Learning for Early Alzheimer’s Disease Diagnosis},
  author={Qiu, Zifeng and Yang, Peng and Xiao, Chunlun and Wang, Shuqiang and Xiao, Xiaohua and Qin, Jing and Liu, Chuan-Ming and Wang, Tianfu and Lei, Baiying},
  journal={IEEE Transactions on Medical Imaging},
  year={2024},
  publisher={IEEE}
}

@article{zhu2022deep,
  title={Deep multi-modal discriminative and interpretability network for Alzheimer’s disease diagnosis},
  author={Zhu, Qi and Xu, Bingliang and Huang, Jiashuang and Wang, Heyang and Xu, Ruting and Shao, Wei and Zhang, Daoqiang},
  journal={IEEE Transactions on Medical Imaging},
  volume={42},
  number={5},
  pages={1472--1483},
  year={2022},
  publisher={IEEE}
}

@article{yao2023artificial,
  title={Artificial intelligence-based diagnosis of Alzheimer's disease with brain MRI images},
  author={Yao, Zhaomin and Wang, Hongyu and Yan, Wencheng and Wang, Zheling and Zhang, Wenwen and Wang, Zhiguo and Zhang, Guoxu},
  journal={European Journal of Radiology},
  pages={110934},
  year={2023},
  publisher={Elsevier}
}

@article{el2023trustworthy,
  title={Trustworthy artificial intelligence in Alzheimer’s disease: state of the art, opportunities, and challenges},
  author={El-Sappagh, Shaker and Alonso-Moral, Jose M and Abuhmed, Tamer and Ali, Farman and Bugar{\'\i}n-Diz, Alberto},
  journal={Artificial Intelligence Review},
  volume={56},
  number={10},
  pages={11149--11296},
  year={2023},
  publisher={Springer}
}

@article{kourtis2019digital,
  title={Digital biomarkers for Alzheimer’s disease: the mobile/wearable devices opportunity},
  author={Kourtis, Lampros C and Regele, Oliver B and Wright, Justin M and Jones, Graham B},
  journal={NPJ digital medicine},
  volume={2},
  number={1},
  pages={9},
  year={2019},
  publisher={Nature Publishing Group UK London}
}

@article{blennow2018biomarkers,
  title={Biomarkers for Alzheimer's disease: current status and prospects for the future},
  author={Blennow, Kaj and Zetterberg, Henrik},
  journal={Journal of internal medicine},
  volume={284},
  number={6},
  pages={643--663},
  year={2018},
  publisher={Wiley Online Library}
}

@article{jiao2023neural,
  title={Neural biomarker diagnosis and prediction to mild cognitive impairment and Alzheimer’s disease using EEG technology},
  author={Jiao, Bin and Li, Rihui and Zhou, Hui and Qing, Kunqiang and Liu, Hui and Pan, Hefu and Lei, Yanqin and Fu, Wenjin and Wang, Xiaoan and Xiao, Xuewen and others},
  journal={Alzheimer's Research \& Therapy},
  volume={15},
  number={1},
  pages={32},
  year={2023},
  publisher={Springer}
}

@article{siuly2024exploring,
  title={Exploring Rhythms and Channels-Based EEG Biomarkers for Early Detection of Alzheimer's Disease},
  author={Siuly, Siuly and Al{\c{c}}in, {\"O}mer Faruk and Wang, Hua and Li, Yan and Wen, Peng},
  journal={IEEE Transactions on Emerging Topics in Computational Intelligence},
  year={2024},
  publisher={IEEE}
}

@article{cilia2024word,
  title={How word semantics and phonology affect handwriting of Alzheimer’s patients: a machine learning based analysis},
  author={Cilia, Nicole D and De Stefano, Claudio and Fontanella, Francesco and Siniscalchi, Sabato Marco},
  journal={Computers in Biology and Medicine},
  volume={169},
  pages={107891},
  year={2024},
  publisher={Elsevier}
}

@article{azzali2024automatic,
  title={Automatic feature extraction with Vectorial Genetic Programming for Alzheimer’s Disease prediction through handwriting analysis},
  author={Azzali, Irene and Cilia, Nicole D and De Stefano, Claudio and Fontanella, Francesco and Giacobini, Mario and Vanneschi, Leonardo},
  journal={Swarm and Evolutionary Computation},
  volume={87},
  pages={101571},
  year={2024},
  publisher={Elsevier}
}

@article{winchester2023artificial,
  title={Artificial intelligence for biomarker discovery in Alzheimer's disease and dementia},
  author={Winchester, Laura M and Harshfield, Eric L and Shi, Liu and Badhwar, AmanPreet and Khleifat, Ahmad Al and Clarke, Natasha and Dehsarvi, Amir and Lengyel, Imre and Lourida, Ilianna and Madan, Christopher R and others},
  journal={Alzheimer's \& Dementia},
  volume={19},
  number={12},
  pages={5860--5871},
  year={2023},
  publisher={Wiley Online Library}
}

@article{viswan2024explainable,
  title={Explainable artificial intelligence in Alzheimer’s disease classification: A systematic review},
  author={Viswan, Vimbi and Shaffi, Noushath and Mahmud, Mufti and Subramanian, Karthikeyan and Hajamohideen, Faizal},
  journal={Cognitive Computation},
  volume={16},
  number={1},
  pages={1--44},
  year={2024},
  publisher={Springer}
}

@article{nauta2023anecdotal,
  title={From anecdotal evidence to quantitative evaluation methods: A systematic review on evaluating explainable ai},
  author={Nauta, Meike and Trienes, Jan and Pathak, Shreyasi and Nguyen, Elisa and Peters, Michelle and Schmitt, Yasmin and Schl{\"o}tterer, J{\"o}rg and van Keulen, Maurice and Seifert, Christin},
  journal={ACM Computing Surveys},
  volume={55},
  number={13s},
  pages={1--42},
  year={2023},
  publisher={ACM New York, NY}
}

@inproceedings{deck2024critical,
  title={A Critical Survey on Fairness Benefits of Explainable AI},
  author={Deck, Luca and Schoeffer, Jakob and De-Arteaga, Maria and K{\"u}hl, Niklas},
  booktitle={The 2024 ACM Conference on Fairness, Accountability, and Transparency},
  pages={1579--1595},
  year={2024}
}

@article{confalonieri2023operational,
  title={An operational framework for guiding human evaluation in Explainable and Trustworthy AI},
  author={Confalonieri, Roberto and Alonso-Moral, Jose M},
  journal={IEEE Intelligent Systems},
  year={2023},
  publisher={IEEE}
}

@article{pessach2022review,
  title={A review on fairness in machine learning},
  author={Pessach, Dana and Shmueli, Erez},
  journal={ACM Computing Surveys (CSUR)},
  volume={55},
  number={3},
  pages={1--44},
  year={2022},
  publisher={ACM New York, NY}
}

@article{hoffman2023explainable,
  title={Explainable AI: roles and stakeholders, desirements and challenges},
  author={Hoffman, Robert R and Mueller, Shane T and Klein, Gary and Jalaeian, Mohammadreza and Tate, Connor},
  journal={Frontiers in Computer Science},
  volume={5},
  pages={1117848},
  year={2023},
  publisher={Frontiers Media SA}
}

@inproceedings{chen2016xgboost,
  title={Xgboost: A scalable tree boosting system},
  author={Chen, Tianqi and Guestrin, Carlos},
  booktitle={Proceedings of the 22nd acm sigkdd international conference on knowledge discovery and data mining},
  pages={785--794},
  year={2016}
}

@article{jack2008alzheimer,
  title={The Alzheimer's disease neuroimaging initiative (ADNI): MRI methods},
  author={Jack Jr, Clifford R and Bernstein, Matt A and Fox, Nick C and Thompson, Paul and Alexander, Gene and Harvey, Danielle and Borowski, Bret and Britson, Paula J and L. Whitwell, Jennifer and Ward, Chadwick and others},
  journal={Journal of Magnetic Resonance Imaging: An Official Journal of the International Society for Magnetic Resonance in Medicine},
  volume={27},
  number={4},
  pages={685--691},
  year={2008},
  publisher={Wiley Online Library}
}

@article{kou2020mediating,
  title={Mediating community-AI interaction through situated explanation: the case of AI-Led moderation},
  author={Kou, Yubo and Gui, Xinning},
  journal={Proceedings of the ACM on Human-Computer Interaction},
  volume={4},
  number={CSCW2},
  pages={1--27},
  year={2020},
  publisher={ACM New York, NY, USA}
}

@article{bohle2019layer,
  title={Layer-wise relevance propagation for explaining deep neural network decisions in MRI-based Alzheimer's disease classification},
  author={B{\"o}hle, Moritz and Eitel, Fabian and Weygandt, Martin and Ritter, Kerstin},
  journal={Frontiers in aging neuroscience},
  volume={11},
  pages={456892},
  year={2019},
  publisher={Frontiers}
}

@inproceedings{koh2020concept,
  title={Concept bottleneck models},
  author={Koh, Pang Wei and Nguyen, Thao and Tang, Yew Siang and Mussmann, Stephen and Pierson, Emma and Kim, Been and Liang, Percy},
  booktitle={International conference on machine learning},
  pages={5338--5348},
  year={2020},
  organization={PMLR}
}


@article{kumar2024comprehensive,
  title={Comprehensive overview of Alzheimer's disease utilizing Machine Learning approaches},
  author={Kumar, Rahul and Azad, Chandrashekhar},
  journal={Multimedia Tools and Applications},
  pages={1--53},
  year={2024},
  publisher={Springer}
}

@article{hicks2022evaluation,
  title={On evaluation metrics for medical applications of artificial intelligence},
  author={Hicks, Steven A and Str{\"u}mke, Inga and Thambawita, Vajira and Hammou, Malek and Riegler, Michael A and Halvorsen, P{\aa}l and Parasa, Sravanthi},
  journal={Scientific reports},
  volume={12},
  number={1},
  pages={5979},
  year={2022},
  publisher={Nature Publishing Group UK London}
}

@article{bo2024telemedicine,
  title={A Telemedicine Analytic Framework for Fully and Semi-automatic Alzheimer's Disease Screening using Clock Drawing Test},
  author={Bo, Wei and Sullivan, Suzanne S and Zhang, Xiaoyu and Gao, Mingchen and Xu, Wenyao},
  journal={IEEE Journal of Biomedical and Health Informatics},
  year={2024},
  publisher={IEEE}
}

@article{yang2022omnixai,
  title={Omnixai: A library for explainable ai},
  author={Yang, Wenzhuo and Le, Hung and Laud, Tanmay and Savarese, Silvio and Hoi, Steven CH},
  journal={arXiv preprint arXiv:2206.01612},
  year={2022}
}

@article{lundberg2020local,
  title={From local explanations to global understanding with explainable AI for trees},
  author={Lundberg, Scott M and Erion, Gabriel and Chen, Hugh and DeGrave, Alex and Prutkin, Jordan M and Nair, Bala and Katz, Ronit and Himmelfarb, Jonathan and Bansal, Nisha and Lee, Su-In},
  journal={Nature machine intelligence},
  volume={2},
  number={1},
  pages={56--67},
  year={2020},
  publisher={Nature Publishing Group}
}

@inproceedings{ribeiro2016should,
  title={" Why should i trust you?" Explaining the predictions of any classifier},
  author={Ribeiro, Marco Tulio and Singh, Sameer and Guestrin, Carlos},
  booktitle={Proceedings of the 22nd ACM SIGKDD international conference on knowledge discovery and data mining},
  pages={1135--1144},
  year={2016}
}

@article{larrazabal2020gender,
  title={Gender imbalance in medical imaging datasets produces biased classifiers for computer-aided diagnosis},
  author={Larrazabal, Agostina J and Nieto, Nicol{\'a}s and Peterson, Victoria and Milone, Diego H and Ferrante, Enzo},
  journal={Proceedings of the National Academy of Sciences},
  volume={117},
  number={23},
  pages={12592--12594},
  year={2020},
  publisher={National Acad Sciences}
}

@misc{vyas2020hidden,
  title={Hidden in plain sight—reconsidering the use of race correction in clinical algorithms},
  author={Vyas, Darshali A and Eisenstein, Leo G and Jones, David S},
  journal={New England Journal of Medicine},
  volume={383},
  number={9},
  pages={874--882},
  year={2020},
  publisher={Mass Medical Soc}
}

@inproceedings{nguyen2024advancing,
  title={Advancing Early Alzheimer's Disease Detection in Underdeveloped Areas with Fair Explainable AI Methods},
  author={Nguyen, Quoc-Toan},
  booktitle={Proceedings of the AAAI/ACM Conference on AI, Ethics, and Society},
  volume={7},
  number={2},
  pages={47--49},
  year={2024}
}

@article{lin2020direct,
  title={Direct-sense brain--computer interfaces and wearable computers},
  author={Lin, Chin-Teng and Do, Tien-Thong Nguyen},
  journal={IEEE Transactions on Systems, Man, and Cybernetics: Systems},
  volume={51},
  number={1},
  pages={298--312},
  year={2020},
  publisher={IEEE}
}

@misc{tran2024eegssmleveragingstatespacemodel,
      title={{EEG-SSM: Leveraging State-Space Model for Dementia Detection}}, 
      author={Xuan-The Tran and Linh Le and Quoc Toan Nguyen and Thomas Do and Chin-Teng Lin},
      year={2024},
      eprint={2407.17801},
      archivePrefix={arXiv},
      primaryClass={cs.LG},
      url={https://arxiv.org/abs/2407.17801}, 
}

@misc{openai2023a,
  author       = {OpenAI},
  year         = {2023},
  title        = {ChatGPT},
  url          = {https://openai.com/chatgpt},
  note         = {Accessed: 2024-11-25} 
}

@misc{models2023model,
  title={Model card and evaluations for claude models},
  author={Models, Claude},
  year={2023}
}

@article{bubeck2023sparks,
  title={Sparks of artificial general intelligence: Early experiments with gpt-4},
  author={Bubeck, S{\'e}bastien and Chandrasekaran, Varun and Eldan, Ronen and Gehrke, Johannes and Horvitz, Eric and Kamar, Ece and Lee, Peter and Lee, Yin Tat and Li, Yuanzhi and Lundberg, Scott and others},
  journal={arXiv preprint arXiv:2303.12712},
  year={2023}
}

@article{brown2020language,
  title={Language models are few-shot learners},
  author={Brown, Tom B},
  journal={arXiv preprint arXiv:2005.14165},
  year={2020}
}

@article{schick2024toolformer,
  title={Toolformer: Language models can teach themselves to use tools},
  author={Schick, Timo and Dwivedi-Yu, Jane and Dess{\`\i}, Roberto and Raileanu, Roberta and Lomeli, Maria and Hambro, Eric and Zettlemoyer, Luke and Cancedda, Nicola and Scialom, Thomas},
  journal={Advances in Neural Information Processing Systems},
  volume={36},
  year={2024}
}

@article{jiao2023chatgpt,
  title={Is ChatGPT a good translator? Yes with GPT-4 as the engine},
  author={Jiao, Wenxiang and Wang, Wenxuan and Huang, Jen-tse and Wang, Xing and Shi, Shuming and Tu, Zhaopeng},
  journal={arXiv preprint arXiv:2301.08745},
  year={2023}
}

@article{bang2023multitask,
  title={A multitask, multilingual, multimodal evaluation of chatgpt on reasoning, hallucination, and interactivity},
  author={Bang, Yejin and Cahyawijaya, Samuel and Lee, Nayeon and Dai, Wenliang and Su, Dan and Wilie, Bryan and Lovenia, Holy and Ji, Ziwei and Yu, Tiezheng and Chung, Willy and others},
  journal={In Proceedings of the 13th International Joint Conference on Natural Language Processing and the 3rd Conference of the Asia-Pacific Chapter of the Association for Computational Linguistics (Volume 1: Long Papers)},
  page ={ 675–718},
  year={2023}
}

@inproceedings{qin2023chatgpt,
  title={Is ChatGPT a General-Purpose Natural Language Processing Task Solver?},
  author={Qin, Chengwei and Zhang, Aston and Zhang, Zhuosheng and Chen, Jiaao and Yasunaga, Michihiro and Yang, Diyi},
  booktitle={Proceedings of the 2023 Conference on Empirical Methods in Natural Language Processing},
  pages={1339--1384},
  year={2023}
}

@inproceedings{park2023generative,
  title={Generative agents: Interactive simulacra of human behavior},
  author={Park, Joon Sung and O'Brien, Joseph and Cai, Carrie Jun and Morris, Meredith Ringel and Liang, Percy and Bernstein, Michael S},
  booktitle={Proceedings of the 36th annual acm symposium on user interface software and technology},
  pages={1--22},
  year={2023}
}

@article{christiano2017deep,
  title={Deep reinforcement learning from human preferences},
  author={Christiano, Paul F and Leike, Jan and Brown, Tom and Martic, Miljan and Legg, Shane and Amodei, Dario},
  journal={Advances in neural information processing systems},
  volume={30},
  year={2017}
}

@article{ji2023survey,
  title={Survey of hallucination in natural language generation},
  author={Ji, Ziwei and Lee, Nayeon and Frieske, Rita and Yu, Tiezheng and Su, Dan and Xu, Yan and Ishii, Etsuko and Bang, Ye Jin and Madotto, Andrea and Fung, Pascale},
  journal={ACM Computing Surveys},
  volume={55},
  number={12},
  pages={1--38},
  year={2023},
  publisher={ACM New York, NY}
}

@article{li2024inference,
  title={Inference-time intervention: Eliciting truthful answers from a language model},
  author={Li, Kenneth and Patel, Oam and Vi{\'e}gas, Fernanda and Pfister, Hanspeter and Wattenberg, Martin},
  journal={Advances in Neural Information Processing Systems},
  volume={36},
  year={2024}
}

@article{kadavath2022language,
  title={Language models (mostly) know what they know},
  author={Kadavath, Saurav and Conerly, Tom and Askell, Amanda and Henighan, Tom and Drain, Dawn and Perez, Ethan and Schiefer, Nicholas and Hatfield-Dodds, Zac and DasSarma, Nova and Tran-Johnson, Eli and others},
  journal={arXiv preprint arXiv:2207.05221},
  year={2022}
}

@article{lin2022teaching,
  title={Teaching models to express their uncertainty in words},
  author={Lin, Stephanie and Hilton, Jacob and Evans, Owain},
  journal={arXiv preprint arXiv:2205.14334},
  year={2022}
}

@article{vermunt2019duration,
  title={Duration of preclinical, prodromal, and dementia stages of Alzheimer's disease in relation to age, sex, and APOE genotype},
  author={Vermunt, Lisa and Sikkes, Sietske AM and Van Den Hout, Ardo and Handels, Ron and Bos, Isabelle and Van Der Flier, Wiesje M and Kern, Silke and Ousset, Pierre-Jean and Maruff, Paul and Skoog, Ingmar and others},
  journal={Alzheimer's \& Dementia},
  volume={15},
  number={7},
  pages={888--898},
  year={2019},
  publisher={Elsevier}
}

@article{do2024word,
  title={A Word Sense Disambiguation Method Applied to Natural Language Processing for the Portuguese Language},
  author={do Nascimento, Clovis Holanda and Garcia, Vinicius Cardoso and de Andrade Ara{\'u}jo, Ricardo},
  journal={IEEE Open Journal of the Computer Society},
  volume={5},
  pages={268--277},
  year={2024},
  publisher={IEEE}
}

@article{cheema2024cd,
  title={CD-LLMCARS: Cross Domain fine-tuned Large Language Model for Context-Aware Recommender Systems},
  author={Cheema, Adeel Ashraf and Sarfraz, Muhammad Shahzad and Habib, Usman and uz Zaman, Qamar and Boonchieng, Ekkarat},
  journal={IEEE Open Journal of the Computer Society},
  year={2024},
  publisher={IEEE}
}

@article{tangadulrat2023using,
  title={Using ChatGPT for clinical practice and medical education: cross-sectional survey of medical Students’ and Physicians’ perceptions},
  author={Tangadulrat, Pasin and Sono, Supinya and Tangtrakulwanich, Boonsin and others},
  journal={JMIR Medical Education},
  volume={9},
  number={1},
  pages={e50658},
  year={2023},
  publisher={JMIR Publications Inc., Toronto, Canada}
}

@article{armbruster2024doctor,
  title={“Doctor ChatGPT, Can You Help Me?” The Patient’s Perspective: Cross-Sectional Study},
  author={Armbruster, Jonas and Bussmann, Florian and Rothhaas, Catharina and Titze, Nadine and Gr{\"u}tzner, Paul Alfred and Freischmidt, Holger},
  journal={Journal of Medical Internet Research},
  volume={26},
  pages={e58831},
  year={2024},
  publisher={JMIR Publications Toronto, Canada}
}

@article{garg2023exploring,
  title={Exploring the role of ChatGPT in patient care (diagnosis and treatment) and medical research: A systematic review},
  author={Garg, Ravindra Kumar and Urs, Vijeth L and Agarwal, Akshay Anand and Chaudhary, Sarvesh Kumar and Paliwal, Vimal and Kar, Sujita Kumar},
  journal={Health Promotion Perspectives},
  volume={13},
  number={3},
  pages={183},
  year={2023},
  publisher={Tabriz University of Medical Sciences}
}

@article{mehnen2023chatgpt,
  title={ChatGPT as a medical doctor? A diagnostic accuracy study on common and rare diseases},
  author={Mehnen, Lars and Gruarin, Stefanie and Vasileva, Mina and Knapp, Bernhard},
  journal={MedRxiv},
  pages={2023--04},
  year={2023},
  publisher={Cold Spring Harbor Laboratory Press}
}

@article{el2024chatgpt,
  title={Chatgpt as a diagnostic aid in Alzheimer’s disease: an exploratory study},
  author={El Haj, Mohamad and Boutoleau-Bretonni{\`e}re, Claire and Gallouj, Karim and Wagemann, Nathalie and Antoine, Pascal and Kapogiannis, Dimitrios and Chapelet, Guillaume},
  journal={Journal of Alzheimer's Disease Reports},
  volume={8},
  number={1},
  pages={495--500},
  year={2024},
  publisher={IOS Press}
}

@article{hirosawa2023diagnostic,
  title={Diagnostic accuracy of differential-diagnosis lists generated by generative pretrained transformer 3 chatbot for clinical vignettes with common chief complaints: a pilot study},
  author={Hirosawa, Takanobu and Harada, Yukinori and Yokose, Masashi and Sakamoto, Tetsu and Kawamura, Ren and Shimizu, Taro},
  journal={International journal of environmental research and public health},
  volume={20},
  number={4},
  pages={3378},
  year={2023},
  publisher={MDPI}
}

@article{rao2023assessing,
  title={Assessing the utility of ChatGPT throughout the entire clinical workflow: development and usability study},
  author={Rao, Arya and Pang, Michael and Kim, John and Kamineni, Meghana and Lie, Winston and Prasad, Anoop K and Landman, Adam and Dreyer, Keith and Succi, Marc D},
  journal={Journal of Medical Internet Research},
  volume={25},
  pages={e48659},
  year={2023},
  publisher={JMIR Publications Toronto, Canada}
}

@article{rao2023evaluating,
  title={Evaluating GPT as an adjunct for radiologic decision making: GPT-4 versus GPT-3.5 in a breast imaging pilot},
  author={Rao, Arya and Kim, John and Kamineni, Meghana and Pang, Michael and Lie, Winston and Dreyer, Keith J and Succi, Marc D},
  journal={Journal of the American College of Radiology},
  volume={20},
  number={10},
  pages={990--997},
  year={2023},
  publisher={Elsevier}
}

@misc{geriatrics_workforce,
  author       = {{American Geriatrics Society}},
  title        = {Geriatrics Workforce by the Numbers},
  howpublished = {\url{https://www.americangeriatrics.org/geriatrics-profession/about-geriatrics/geriatrics-workforce-numbers}},
  note         = {Accessed: 2024-12-11}
}


@article{liu2024geographic,
  title={Geographic variation in shortfalls of dementia specialists in the United States},
  author={Liu, Jodi L and Baker, Lawrence and Chen, Annie Yu-An and Wang, Jue},
  journal={Health Affairs Scholar},
  volume={2},
  number={7},
  pages={qxae088},
  year={2024},
  publisher={Oxford University Press US}
}

@misc{adni_data,
  title = {ADNI Data},
  year = {2024},
  url = {https://adni.loni.usc.edu/data-samples/adni-data/},
  note = {Accessed: 2024-12-11, https://adni.loni.usc.edu/data-samples/adni-data/}
}


@article{aguirre2024assessing,
  title={Assessing the Quality of ChatGPT Responses to Dementia Caregivers’ Questions: Qualitative Analysis},
  author={Aguirre, Alyssa and Hilsabeck, Robin and Smith, Tawny and Xie, Bo and He, Daqing and Wang, Zhendong and Zou, Ning},
  journal={JMIR aging},
  volume={7},
  pages={e53019},
  year={2024}
}

@article{hristidis2023chatgpt,
  title={ChatGPT vs Google for queries related to dementia and other cognitive decline: comparison of results},
  author={Hristidis, Vagelis and Ruggiano, Nicole and Brown, Ellen L and Ganta, Sai Rithesh Reddy and Stewart, Selena},
  journal={Journal of Medical Internet Research},
  volume={25},
  pages={e489664,
  publisher={JMIR Publications Toronto, Canada}
}}

@incollection{thapaleveraging,
  title={Leveraging ChatGPT-Like Large Language Models for Alzheimer's Disease: Enhancing Care, Advancing Research, and Overcoming Challenges},
  author={Thapa, Surendrabikram and Adhikari, Surabhi},
  booktitle={Smart Healthcare Systems},
  pages={265--275},
  year={2024},
  publisher={CRC Press}
}

@inproceedings{NEURIPS2020_1457c0d6,
 author = {Brown, Tom and Mann, Benjamin and Ryder, Nick and Subbiah, Melanie and Kaplan, Jared D and Dhariwal, Prafulla and Neelakantan, Arvind and Shyam, Pranav and Sastry, et al.},
 booktitle = {Advances in Neural Information Processing Systems},
 editor = {H. Larochelle and M. Ranzato and R. Hadsell and M.F. Balcan and H. Lin},
 pages = {1877--1901},
 publisher = {Curran Associates, Inc.},
 title = {Language Models are Few-Shot Learners},
 volume = {33},
 year = {2020}
}


@InProceedings{pmlr-v248-kim24b,
  title = 	 {Health-LLM: Large Language Models for Health Prediction via Wearable Sensor Data},
  author =       {Kim, Yubin and Xu, Xuhai and McDuff, Daniel and Breazeal, Cynthia and Park, Hae Won},
  booktitle = 	 {Proceedings of the fifth Conference on Health, Inference, and Learning},
  pages = 	 {522--539},
  year = 	 {2024},
  editor = 	 {Pollard, Tom and Choi, Edward and Singhal, Pankhuri and Hughes, Michael and Sizikova, Elena and Mortazavi, Bobak and Chen, Irene and Wang, Fei and Sarker, Tasmie and McDermott, Matthew and Ghassemi, Marzyeh},
  volume = 	 {248},
  series = 	 {Proceedings of Machine Learning Research},
  month = 	 {27--28 Jun},
  publisher =    {PMLR}
}

@article{o2023accuracy,
  title={The Accuracy and Appropriateness of ChatGPT Responses on Nonmelanoma Skin Cancer Information Using Zero-Shot Chain of Thought Prompting},
  author={O'Hagan, Ross and Poplausky, Dina and Young, Jade N and Gulati, Nicholas and Levoska, Melissa and Ungar, Benjamin and Ungar, Jonathan},
  journal={JMIR dermatology},
  volume={6},
  pages={e49889},
  year={2023},
  publisher={JMIR Publications Toronto, Canada}
}

@article{hu2024zero,
  title={Zero-shot information extraction from radiological reports using ChatGPT},
  author={Hu, Danqing and Liu, Bing and Zhu, Xiaofeng and Lu, Xudong and Wu, Nan},
  journal={International Journal of Medical Informatics},
  volume={183},
  pages={105321},
  year={2024},
  publisher={Elsevier}
}

@inproceedings{zhai2024multi,
  title={Multi-Prompts Learning with Cross-Modal Alignment for Attribute-Based Person Re-identification},
  author={Zhai, Yajing and Zeng, Yawen and Huang, Zhiyong and Qin, Zheng and Jin, Xin and Cao, Da},
  booktitle={Proceedings of the AAAI Conference on Artificial Intelligence},
  volume={38},
  number={7},
  pages={6979--6987},
  year={2024}
}


@article{chun2023explainable,
  title={eXplainable AI with GPT4 for story analysis and generation: A novel framework for diachronic sentiment analysis},
  author={Chun, Jon and Elkins, Katherine},
  journal={International Journal of Digital Humanities},
  volume={5},
  number={2},
  pages={507--532},
  year={2023},
  publisher={Springer}
}

@article{trozze2024large,
  title={Large language models in cryptocurrency securities cases: can a GPT model meaningfully assist lawyers?},
  author={Trozze, Arianna and Davies, Toby and Kleinberg, Bennett},
  journal={Artificial Intelligence and Law},
  pages={1--47},
  year={2024},
  publisher={Springer}
}

@article{umer2024innovation,
  title={Innovation and application of Large Language Models (LLMs) in dentistry--a scoping review},
  author={Umer, Fahad and Batool, Itrat and Naved, Nighat},
  journal={Nature BDJ open},
  volume={10},
  number={1},
  pages={90},
  year={2024},
  publisher={Nature Publishing Group UK London}
}

@inproceedings{skilton2024inclusive,
  title={Inclusive Prompt Engineering: A Methodology for Hacking Biased AI Image Generation},
  author={Skilton, Rachel and Cardinal, Alison},
  booktitle={Proceedings of the 42nd ACM International Conference on Design of Communication},
  pages={76--80},
  year={2024}
}

@article{marx2024calibration,
  title={Calibration by distribution matching: trainable kernel calibration metrics},
  author={Marx, Charlie and Zalouk, Sofian and Ermon, Stefano},
  journal={NeurIPS - Advances in Neural Information Processing Systems},
  volume={36},
  year={2024}
}

@inproceedings{naeini2015obtaining,
  title={Obtaining well calibrated probabilities using bayesian binning},
  author={Naeini, Mahdi Pakdaman and Cooper, Gregory and Hauskrecht, Milos},
  booktitle={Proceedings of the AAAI conference on artificial intelligence},
  volume={29},
  number={1},
  year={2015}
}

@inproceedings{nixon2019measuring,
  title={Measuring Calibration in Deep Learning.},
  author={Nixon, Jeremy and Dusenberry, Michael W and Zhang, Linchuan and Jerfel, Ghassen and Tran, Dustin},
  booktitle={CVPR},
  volume={2},
  number={7},
  year={2019}
}

@inproceedings{niculescu2005predicting,
  title={Predicting good probabilities with supervised learning},
  author={Niculescu-Mizil, Alexandru and Caruana, Rich},
  booktitle={Proceedings of the 22nd international conference on Machine learning},
  pages={625--632},
  year={2005}
}

@inproceedings{yuan2024does,
  title={Does ChatGPT Know That It Does Not Know? Evaluating the Black-Box Calibration of ChatGPT},
  author={Yuan, Youliang and Wang, Wenxuan and Guo, Qingshuo and Xiong, Yiming and Shen, Chihao and He, Pinjia},
  booktitle={Proceedings of the 2024 Joint International Conference on Computational Linguistics, Language Resources and Evaluation (LREC-COLING 2024)},
  pages={5191--5201},
  year={2024}
}


@article{achiam2023gpt,
  title={Gpt-4 technical report},
  author={Achiam, Josh and Adler, Steven and Agarwal, Sandhini and Ahmad, Lama and Akkaya, Ilge and Aleman, Florencia Leoni and Almeida, Diogo and Altenschmidt, Janko and Altman, Sam and Anadkat, Shyamal and others},
  journal={arXiv preprint arXiv:2303.08774},
  year={2023}
}

@article{lawton1994quality,
  title={Quality of life in Alzheimer disease},
  author={Lawton, M Powell},
  journal={Alzheimer Disease \& Associated Disorders},
  volume={8},
  pages={138--150},
  year={1994},
  publisher={LWW}
}

@inproceedings{zhang2023chatgpt,
  title={Is chatgpt fair for recommendation? evaluating fairness in large language model recommendation},
  author={Zhang, Jizhi and Bao, Keqin and Zhang, Yang and Wang, Wenjie and Feng, Fuli and He, Xiangnan},
  booktitle={Proceedings of the 17th ACM Conference on Recommender Systems},
  pages={993--999},
  year={2023}
}

@article{quttainah2024cost,
  title={Cost, Usability, Credibility, Fairness, Accountability, Transparency, and Explainability Framework for Safe and Effective Large Language Models in Medical Education: Narrative Review and Qualitative Study},
  author={Quttainah, Majdi and Mishra, Vinaytosh and Madakam, Somayya and Lurie, Yotam and Mark, Shlomo and others},
  journal={JMIR AI},
  volume={3},
  number={1},
  pages={e51834},
  year={2024},
  publisher={JMIR Publications Inc., Toronto, Canada}
}

@article{sandmann2024systematic,
  title={Systematic analysis of ChatGPT, Google search and Llama 2 for clinical decision support tasks},
  author={Sandmann, Sarah and Riepenhausen, Sarah and Plagwitz, Lucas and Varghese, Julian},
  journal={Nature Communications},
  volume={15},
  number={1},
  pages={2050},
  year={2024},
  publisher={Nature Publishing Group UK London}
}

@article{carla2024exploring,
  title={Exploring AI-chatbots’ capability to suggest surgical planning in ophthalmology: ChatGPT versus Google Gemini analysis of retinal detachment cases},
  author={Carl{\`a}, Matteo Mario and Gambini, Gloria and Baldascino, Antonio and Giannuzzi, Federico and Boselli, Francesco and Crincoli, Emanuele and D’Onofrio, Nicola Claudio and Rizzo, Stanislao},
  journal={British Journal of Ophthalmology},
  year={2024},
  publisher={BMJ Publishing Group Ltd}
}

@article{chhikara2024few,
  title={Few-Shot Fairness: Unveiling LLM's Potential for Fairness-Aware Classification},
  author={Chhikara, Garima and Sharma, Anurag and Ghosh, Kripabandhu and Chakraborty, Abhijnan},
  journal={arXiv preprint arXiv:2402.18502},
  year={2024}
}