@article{aguirre2024assessing,
  title={Assessing the Quality of ChatGPT Responses to Dementia Caregivers’ Questions: Qualitative Analysis},
  author={Aguirre, Alyssa and Hilsabeck, Robin and Smith, Tawny and Xie, Bo and He, Daqing and Wang, Zhendong and Zou, Ning},
  journal={JMIR aging},
  volume={7},
  pages={e53019},
  year={2024}
}

@article{el2024chatgpt,
  title={Chatgpt as a diagnostic aid in Alzheimer’s disease: an exploratory study},
  author={El Haj, Mohamad and Boutoleau-Bretonni{\`e}re, Claire and Gallouj, Karim and Wagemann, Nathalie and Antoine, Pascal and Kapogiannis, Dimitrios and Chapelet, Guillaume},
  journal={Journal of Alzheimer's Disease Reports},
  volume={8},
  number={1},
  pages={495--500},
  year={2024},
  publisher={IOS Press}
}

@article{hristidis2023chatgpt,
  title={ChatGPT vs Google for queries related to dementia and other cognitive decline: comparison of results},
  author={Hristidis, Vagelis and Ruggiano, Nicole and Brown, Ellen L and Ganta, Sai Rithesh Reddy and Stewart, Selena},
  journal={Journal of Medical Internet Research},
  volume={25},
  pages={e489664,
  publisher={JMIR Publications Toronto, Canada}
}}

@incollection{thapaleveraging,
  title={Leveraging ChatGPT-Like Large Language Models for Alzheimer's Disease: Enhancing Care, Advancing Research, and Overcoming Challenges},
  author={Thapa, Surendrabikram and Adhikari, Surabhi},
  booktitle={Smart Healthcare Systems},
  pages={265--275},
  year={2024},
  publisher={CRC Press}
}

