@article{cloud2024gradient,
  author       = {Alex Cloud and
                  Jacob Goldman{-}Wetzler and
                  Evzen Wybitul and
                  Joseph Miller and
                  Alexander Matt Turner},
  title        = {Gradient Routing: Masking Gradients to Localize Computation in Neural
                  Networks},
  journal      = {CoRR},
  volume       = {abs/2410.04332},
  year         = {2024},
  url          = {https://doi.org/10.48550/arXiv.2410.04332},
  doi          = {10.48550/ARXIV.2410.04332},
  eprinttype    = {arXiv},
  eprint       = {2410.04332},
  timestamp    = {Tue, 12 Nov 2024 18:39:22 +0100},
  biburl       = {https://dblp.org/rec/journals/corr/abs-2410-04332.bib},
  bibsource    = {dblp computer science bibliography, https://dblp.org}
}

@article{conmy2023towards,
  title={Towards automated circuit discovery for mechanistic interpretability},
  author={Conmy, Arthur and Mavor-Parker, Augustine and Lynch, Aengus and Heimersheim, Stefan and Garriga-Alonso, Adri{\`a}},
  journal={Advances in Neural Information Processing Systems},
  volume={36},
  pages={16318--16352},
  year={2023}
}

@article{elhage2021mathematical,
  title={A mathematical framework for transformer circuits},
  author={Elhage, Nelson and Nanda, Neel and Olsson, Catherine and Henighan, Tom and Joseph, Nicholas and Mann, Ben and Askell, Amanda and Bai, Yuntao and Chen, Anna and Conerly, Tom and others},
  journal={Transformer Circuits Thread},
  volume={1},
  year={2021}
}

@article{filan2021clusterability,
  title={Clusterability in neural networks},
  author={Filan, Daniel and Casper, Stephen and Hod, Shlomi and Wild, Cody and Critch, Andrew and Russell, Stuart},
  journal={arXiv preprint arXiv:2103.03386},
  year={2021}
}

@misc{hod2022detecting,
title={Detecting Modularity in Deep Neural Networks},
author={Shlomi Hod and Stephen Casper and Daniel Filan and Cody Wild and Andrew Critch and Stuart Russell},
year={2022},
url={https://openreview.net/forum?id=tFQyjbOz34}
}

@article{lange2022clustering,
  author       = {Richard D. Lange and
                  David Rolnick and
                  Konrad P. Kording},
  title        = {Clustering units in neural networks: upstream vs downstream information},
  journal      = {Trans. Mach. Learn. Res.},
  volume       = {2022},
  year         = {2022},
  url          = {https://openreview.net/forum?id=Euf7KofunK},
  timestamp    = {Fri, 19 May 2023 11:20:43 +0200},
  biburl       = {https://dblp.org/rec/journals/tmlr/LangeRK22.bib},
  bibsource    = {dblp computer science bibliography, https://dblp.org}
}

@article{liu2023growing,
  author       = {Ziming Liu and
                  Mikail Khona and
                  Ila R. Fiete and
                  Max Tegmark},
  title        = {Growing Brains: Co-emergence of Anatomical and Functional Modularity
                  in Recurrent Neural Networks},
  journal      = {CoRR},
  volume       = {abs/2310.07711},
  year         = {2023},
  url          = {https://doi.org/10.48550/arXiv.2310.07711},
  biburl       = {https://dblp.org/rec/journals/corr/abs-2310-07711.bib},
  bibsource    = {dblp computer science bibliography, https://dblp.org}
}

@article{liu2023seeing,
  author       = {Ziming Liu and
                  Eric Gan and
                  Max Tegmark},
  title        = {Seeing is Believing: Brain-Inspired Modular Training for Mechanistic
                  Interpretability},
  journal      = {CoRR},
  volume       = {abs/2305.08746},
  year         = {2023},
  url          = {https://doi.org/10.48550/arXiv.2305.08746},
  biburl       = {https://dblp.org/rec/journals/corr/abs-2305-08746.bib},
  bibsource    = {dblp computer science bibliography, https://dblp.org}
}

@article{novelli2019deriving,
  author       = {Leonardo Novelli and
                  Fatihcan M. Atay and
                  J{\"{u}}rgen Jost and
                  Joseph T. Lizier},
  title        = {Deriving pairwise transfer entropy from network structure and motifs},
  journal      = {CoRR},
  volume       = {abs/1911.02931},
  year         = {2019},
  url          = {http://arxiv.org/abs/1911.02931},
  biburl       = {https://dblp.org/rec/journals/corr/abs-1911-02931.bib},
  bibsource    = {dblp computer science bibliography, https://dblp.org}
}

@article{olah2020zoom,
  title={Zoom in: An introduction to circuits},
  author={Olah, Chris and Cammarata, Nick and Schubert, Ludwig and Goh, Gabriel and Petrov, Michael and Carter, Shan},
  journal={Distill},
  volume={5},
  number={3},
  pages={e00024--001},
  year={2020}
}

@article{park2024monet,
  author       = {Jungwoo Park and
                  Youngjin Ahn and
                  Kee{-}Eung Kim and
                  Jaewoo Kang},
  title        = {Monet: Mixture of Monosemantic Experts for Transformers},
  journal      = {CoRR},
  volume       = {abs/2412.04139},
  year         = {2024},
  url          = {https://doi.org/10.48550/arXiv.2412.04139},
  doi          = {10.48550/ARXIV.2412.04139},
  eprinttype    = {arXiv},
  eprint       = {2412.04139},
  timestamp    = {Thu, 16 Jan 2025 09:11:15 +0100},
  biburl       = {https://dblp.org/rec/journals/corr/abs-2412-04139.bib},
  bibsource    = {dblp computer science bibliography, https://dblp.org}
}

@inproceedings{patil2023neural,
  author       = {Shreyas Malakarjun Patil and
                  Loizos Michael and
                  Constantine Dovrolis},
  editor       = {Alice Oh and
                  Tristan Naumann and
                  Amir Globerson and
                  Kate Saenko and
                  Moritz Hardt and
                  Sergey Levine},
  title        = {Neural Sculpting: Uncovering hierarchically modular task structure
                  in neural networks through pruning and network analysis},
  booktitle    = {Advances in Neural Information Processing Systems 36: Annual Conference
                  on Neural Information Processing Systems 2023, NeurIPS 2023, New Orleans,
                  LA, USA, December 10 - 16, 2023},
  year         = {2023},
  url          = {http://papers.nips.cc/paper\_files/paper/2023/hash/3b1675de6b49cc00084374213f8c38ae-Abstract-Conference.html},
  timestamp    = {Fri, 01 Mar 2024 16:26:20 +0100},
  biburl       = {https://dblp.org/rec/conf/nips/PatilMD23.bib},
  bibsource    = {dblp computer science bibliography, https://dblp.org}
}

@article{salha2022modularity,
  author       = {Guillaume Salha{-}Galvan and
                  Johannes F. Lutzeyer and
                  George Dasoulas and
                  Romain Hennequin and
                  Michalis Vazirgiannis},
  title        = {Modularity-aware graph autoencoders for joint community detection
                  and link prediction},
  journal      = {Neural Networks},
  volume       = {153},
  pages        = {474--495},
  year         = {2022},
  url          = {https://doi.org/10.1016/j.neunet.2022.06.021},
  doi          = {10.1016/J.NEUNET.2022.06.021},
  timestamp    = {Sat, 10 Sep 2022 20:59:17 +0200},
  biburl       = {https://dblp.org/rec/journals/nn/Salha-GalvanLDH22.bib},
  bibsource    = {dblp computer science bibliography, https://dblp.org}
}

@article{tsitsulin2023graph,
  author       = {Anton Tsitsulin and
                  John Palowitch and
                  Bryan Perozzi and
                  Emmanuel M{\"{u}}ller},
  title        = {Graph Clustering with Graph Neural Networks},
  journal      = {J. Mach. Learn. Res.},
  volume       = {24},
  pages        = {127:1--127:21},
  year         = {2023},
  url          = {https://jmlr.org/papers/v24/20-998.html},
  timestamp    = {Wed, 11 Sep 2024 14:41:28 +0200},
  biburl       = {https://dblp.org/rec/journals/jmlr/TsitsulinPPM23.bib},
  bibsource    = {dblp computer science bibliography, https://dblp.org}
}

@article{ursino2020transfer,
  author       = {Mauro Ursino and
                  Giulia Ricci and
                  Elisa Magosso},
  title        = {Transfer Entropy as a Measure of Brain Connectivity: {A} Critical
                  Analysis With the Help of Neural Mass Models},
  journal      = {Frontiers Comput. Neurosci.},
  volume       = {14},
  pages        = {45},
  year         = {2020},
  url          = {https://doi.org/10.3389/fncom.2020.00045},
  biburl       = {https://dblp.org/rec/journals/ficn/UrsinoRM20.bib},
  bibsource    = {dblp computer science bibliography, https://dblp.org}
}

@article{wang2022interpretability,
  title={Interpretability in the wild: a circuit for llama object identification in gpt-2 small},
  author={Wang, Kevin and Variengien, Alexandre and Conmy, Arthur and Shlegeris, Buck and Steinhardt, Jacob},
  journal={arXiv preprint arXiv:2211.00593},
  year={2022}
}

@article{watanabe2018modular,
  author       = {Chihiro Watanabe and
                  Kaoru Hiramatsu and
                  Kunio Kashino},
  title        = {Modular representation of layered neural networks},
  journal      = {Neural Networks},
  volume       = {97},
  pages        = {62--73},
  year         = {2018},
  url          = {https://doi.org/10.1016/j.neunet.2017.09.017},
  doi          = {10.1016/J.NEUNET.2017.09.017},
  timestamp    = {Wed, 14 Nov 2018 10:30:16 +0100},
  biburl       = {https://dblp.org/rec/journals/nn/WatanabeHK18.bib},
  bibsource    = {dblp computer science bibliography, https://dblp.org}
}

@inproceedings{wortsman2020supermasks,
  author       = {Mitchell Wortsman and
                  Vivek Ramanujan and
                  Rosanne Liu and
                  Aniruddha Kembhavi and
                  Mohammad Rastegari and
                  Jason Yosinski and
                  Ali Farhadi},
  editor       = {Hugo Larochelle and
                  Marc'Aurelio Ranzato and
                  Raia Hadsell and
                  Maria{-}Florina Balcan and
                  Hsuan{-}Tien Lin},
  title        = {Supermasks in Superposition},
  booktitle    = {Advances in Neural Information Processing Systems 33: Annual Conference
                  on Neural Information Processing Systems 2020, NeurIPS 2020, December
                  6-12, 2020, virtual},
  year         = {2020},
  url          = {https://proceedings.neurips.cc/paper/2020/hash/ad1f8bb9b51f023cdc80cf94bb615aa9-Abstract.html},
  timestamp    = {Tue, 19 Jan 2021 15:57:05 +0100},
  biburl       = {https://dblp.org/rec/conf/nips/WortsmanRLKRYF20.bib},
  bibsource    = {dblp computer science bibliography, https://dblp.org}
}

@inproceedings{zhang2022moefication,
  author       = { Zhang, Zhengyan and
                   Lin, Yankai and
                   Liu, Zhiyuan and
                   Li, Peng and
                   Sun, Maosong and
                   Zhou, Jie},
  editor       = {Smaranda Muresan and
                  Preslav Nakov and
                  Aline Villavicencio},
  title        = {MoEfication: Transformer Feed-forward Layers are Mixtures of Experts},
  booktitle    = {Findings of the Association for Computational Linguistics: {ACL} 2022,
                  Dublin, Ireland, May 22-27, 2022},
  pages        = {877--890},
  publisher    = {Association for Computational Linguistics},
  year         = {2022},
  url          = {https://doi.org/10.18653/v1/2022.findings-acl.71},
  doi          = {10.18653/v1/2022.findings-acl.71},
  timestamp    = {Mon, 01 Aug 2022 16:27:46 +0200},
  biburl       = {https://dblp.org/rec/conf/acl/ZhangL00S022.bib},
  bibsource    = {dblp computer science bibliography, https://dblp.org}
}

