@article{filan2021clusterability,
  title={Clusterability in neural networks},
  author={Filan, Daniel and Casper, Stephen and Hod, Shlomi and Wild, Cody and Critch, Andrew and Russell, Stuart},
  journal={arXiv preprint arXiv:2103.03386},
  year={2021}
}

@article{Frankle2018TheLT,
  title={The Lottery Ticket Hypothesis: Finding Sparse, Trainable Neural Networks},
  author={Jonathan Frankle and Michael Carbin},
  journal={arXiv: Learning},
  year={2018},
  url={https://api.semanticscholar.org/CorpusID:53388625}
}
@article{deng2012mnist,
  title={The mnist database of handwritten digit images for machine learning research},
  author={Deng, Li},
  journal={IEEE Signal Processing Magazine},
  volume={29},
  number={6},
  pages={141--142},
  year={2012},
  publisher={IEEE}
}

@article{krizhevsky2009learning,
  title={Learning multiple layers of features from tiny images},
  author={Krizhevsky, Alex and Hinton, Geoffrey and others},
  journal={},
  year={2009},
  publisher={Toronto, ON, Canada}
}

@article{kaplan2020scaling,
  title={Scaling Laws for Neural Language Models},
  author={Jared Kaplan and Sam McCandlish and Tom Brown and others},
  journal={arXiv preprint arXiv:2001.08361},
  year={2020},
  url={https://arxiv.org/abs/2001.08361}
}

@article{krizhevsky2017imagenet,
  title={Neural Network Architectures for Large-scale Image Recognition},
  author={Alex Krizhevsky and Ilya Sutskever and Geoffrey Hinton},
  journal={Communications of the ACM},
  volume={60},
  number={6},
  pages={84--90},
  year={2017},
  publisher={ACM},
  doi={10.1145/3065386},
  url={https://dl.acm.org/doi/10.1145/3065386}
}

@article{vaswani2017attention,
  title={Attention is All You Need},
  author={Ashish Vaswani and Noam Shazeer and Niki Parmar and others},
  journal={arXiv preprint arXiv:1706.03762},
  year={2017},
  url={https://arxiv.org/abs/1706.03762}
}

@article{Lipton2016TheMO,
  title={The mythos of model interpretability},
  author={Zachary Chase Lipton},
  journal={Communications of the ACM},
  year={2016},
  volume={61},
  pages={36 - 43},
  url={https://api.semanticscholar.org/CorpusID:5981909}
}

@article{McClure2020EvaluatingAR,
  title={Evaluating Adversarial Robustness for Deep Neural Network Interpretability using fMRI Decoding},
  author={Patrick McClure and Dustin Moraczewski and Ka Chun Lam and Adam G. Thomas and Francisco Pereira},
  journal={ArXiv},
  year={2020},
  volume={abs/2004.11114},
  url={https://api.semanticscholar.org/CorpusID:216080955}
}

@article{Bereska2024MechanisticIF,
  title={Mechanistic Interpretability for AI Safety - A Review},
  author={Leonard Bereska and Efstratios Gavves},
  journal={ArXiv},
  year={2024},
  volume={abs/2404.14082},
  url={https://api.semanticscholar.org/CorpusID:269293418}
}

@article{olah2020zoom,
  title={Zoom in: An introduction to circuits},
  author={Olah, Chris and Cammarata, Nick and Schubert, Ludwig and Goh, Gabriel and Petrov, Michael and Carter, Shan},
  journal={Distill},
  volume={5},
  number={3},
  pages={e00024--001},
  year={2020}
}

@article{elhage2021mathematical,
  title={A mathematical framework for transformer circuits},
  author={Elhage, Nelson and Nanda, Neel and Olsson, Catherine and Henighan, Tom and Joseph, Nicholas and Mann, Ben and Askell, Amanda and Bai, Yuntao and Chen, Anna and Conerly, Tom and others},
  journal={Transformer Circuits Thread},
  volume={1},
  year={2021}
}

@article{wang2022interpretability,
  title={Interpretability in the wild: a circuit for llama object identification in gpt-2 small},
  author={Wang, Kevin and Variengien, Alexandre and Conmy, Arthur and Shlegeris, Buck and Steinhardt, Jacob},
  journal={arXiv preprint arXiv:2211.00593},
  year={2022}
}

@article{zou2023representation,
  title={Representation engineering: A top-down approach to ai transparency},
  author={Zou, Andy and Phan, Long and Chen, Sarah and Campbell, James and Guo, Phillip and Ren, Richard and Pan, Alexander and Yin, Xuwang and Mazeika, Mantas and Dombrowski, Ann-Kathrin and others},
  journal={arXiv preprint arXiv:2310.01405},
  year={2023}
}

@article{bricken2023towards,
  title={Towards monosemanticity: Decomposing language models with dictionary learning},
  author={Bricken, Trenton and Templeton, Adly and Batson, Joshua and Chen, Brian and Jermyn, Adam and Conerly, Tom and Turner, Nick and Anil, Cem and Denison, Carson and Askell, Amanda and others},
  journal={Transformer Circuits Thread},
  pages={2},
  year={2023}
}

@article{lieberum2023does,
  title={Does circuit analysis interpretability scale? evidence from multiple choice capabilities in chinchilla},
  author={Lieberum, Tom and Rahtz, Matthew and Kram{\'a}r, J{\'a}nos and Nanda, Neel and Irving, Geoffrey and Shah, Rohin and Mikulik, Vladimir},
  journal={arXiv preprint arXiv:2307.09458},
  year={2023}
}

@inproceedings{golechha2024challenges,
  title={Challenges in Mechanistically Interpreting Model Representations},
  author={Golechha, Satvik and Dao, James},
  year={2024},
  booktitle={ICML 2024 Workshop on Mechanistic Interpretability}
}

@article{henighan2023superposition,
  title={Superposition, memorization, and double descent},
  author={Henighan, Tom and Carter, Shan and Hume, Tristan and Elhage, Nelson and Lasenby, Robert and Fort, Stanislav and Schiefer, Nicholas and Olah, Christopher},
  journal={Transformer Circuits Thread},
  volume={6},
  pages={24},
  year={2023}
}

@article{conmy2023towards,
  title={Towards automated circuit discovery for mechanistic interpretability},
  author={Conmy, Arthur and Mavor-Parker, Augustine and Lynch, Aengus and Heimersheim, Stefan and Garriga-Alonso, Adri{\`a}},
  journal={Advances in Neural Information Processing Systems},
  volume={36},
  pages={16318--16352},
  year={2023}
}

@article{watanabe2018modular,
  author       = {Chihiro Watanabe and
                  Kaoru Hiramatsu and
                  Kunio Kashino},
  title        = {Modular representation of layered neural networks},
  journal      = {Neural Networks},
  volume       = {97},
  pages        = {62--73},
  year         = {2018},
  url          = {https://doi.org/10.1016/j.neunet.2017.09.017},
  doi          = {10.1016/J.NEUNET.2017.09.017},
  timestamp    = {Wed, 14 Nov 2018 10:30:16 +0100},
  biburl       = {https://dblp.org/rec/journals/nn/WatanabeHK18.bib},
  bibsource    = {dblp computer science bibliography, https://dblp.org}
}

@inproceedings{patil2023neural,
  author       = {Shreyas Malakarjun Patil and
                  Loizos Michael and
                  Constantine Dovrolis},
  editor       = {Alice Oh and
                  Tristan Naumann and
                  Amir Globerson and
                  Kate Saenko and
                  Moritz Hardt and
                  Sergey Levine},
  title        = {Neural Sculpting: Uncovering hierarchically modular task structure
                  in neural networks through pruning and network analysis},
  booktitle    = {Advances in Neural Information Processing Systems 36: Annual Conference
                  on Neural Information Processing Systems 2023, NeurIPS 2023, New Orleans,
                  LA, USA, December 10 - 16, 2023},
  year         = {2023},
  url          = {http://papers.nips.cc/paper\_files/paper/2023/hash/3b1675de6b49cc00084374213f8c38ae-Abstract-Conference.html},
  timestamp    = {Fri, 01 Mar 2024 16:26:20 +0100},
  biburl       = {https://dblp.org/rec/conf/nips/PatilMD23.bib},
  bibsource    = {dblp computer science bibliography, https://dblp.org}
}

@article{lange2022clustering,
  author       = {Richard D. Lange and
                  David Rolnick and
                  Konrad P. Kording},
  title        = {Clustering units in neural networks: upstream vs downstream information},
  journal      = {Trans. Mach. Learn. Res.},
  volume       = {2022},
  year         = {2022},
  url          = {https://openreview.net/forum?id=Euf7KofunK},
  timestamp    = {Fri, 19 May 2023 11:20:43 +0200},
  biburl       = {https://dblp.org/rec/journals/tmlr/LangeRK22.bib},
  bibsource    = {dblp computer science bibliography, https://dblp.org}
}

@article{ursino2020transfer,
  author       = {Mauro Ursino and
                  Giulia Ricci and
                  Elisa Magosso},
  title        = {Transfer Entropy as a Measure of Brain Connectivity: {A} Critical
                  Analysis With the Help of Neural Mass Models},
  journal      = {Frontiers Comput. Neurosci.},
  volume       = {14},
  pages        = {45},
  year         = {2020},
  url          = {https://doi.org/10.3389/fncom.2020.00045},
  biburl       = {https://dblp.org/rec/journals/ficn/UrsinoRM20.bib},
  bibsource    = {dblp computer science bibliography, https://dblp.org}
}

@article{novelli2019deriving,
  author       = {Leonardo Novelli and
                  Fatihcan M. Atay and
                  J{\"{u}}rgen Jost and
                  Joseph T. Lizier},
  title        = {Deriving pairwise transfer entropy from network structure and motifs},
  journal      = {CoRR},
  volume       = {abs/1911.02931},
  year         = {2019},
  url          = {http://arxiv.org/abs/1911.02931},
  biburl       = {https://dblp.org/rec/journals/corr/abs-1911-02931.bib},
  bibsource    = {dblp computer science bibliography, https://dblp.org}
}

@article{liu2023seeing,
  author       = {Ziming Liu and
                  Eric Gan and
                  Max Tegmark},
  title        = {Seeing is Believing: Brain-Inspired Modular Training for Mechanistic
                  Interpretability},
  journal      = {CoRR},
  volume       = {abs/2305.08746},
  year         = {2023},
  url          = {https://doi.org/10.48550/arXiv.2305.08746},
  biburl       = {https://dblp.org/rec/journals/corr/abs-2305-08746.bib},
  bibsource    = {dblp computer science bibliography, https://dblp.org}
}

@article{liu2023growing,
  author       = {Ziming Liu and
                  Mikail Khona and
                  Ila R. Fiete and
                  Max Tegmark},
  title        = {Growing Brains: Co-emergence of Anatomical and Functional Modularity
                  in Recurrent Neural Networks},
  journal      = {CoRR},
  volume       = {abs/2310.07711},
  year         = {2023},
  url          = {https://doi.org/10.48550/arXiv.2310.07711},
  biburl       = {https://dblp.org/rec/journals/corr/abs-2310-07711.bib},
  bibsource    = {dblp computer science bibliography, https://dblp.org}
}

@inproceedings{zhang2022moefication,
  author       = { Zhang, Zhengyan and
                   Lin, Yankai and
                   Liu, Zhiyuan and
                   Li, Peng and
                   Sun, Maosong and
                   Zhou, Jie},
  editor       = {Smaranda Muresan and
                  Preslav Nakov and
                  Aline Villavicencio},
  title        = {MoEfication: Transformer Feed-forward Layers are Mixtures of Experts},
  booktitle    = {Findings of the Association for Computational Linguistics: {ACL} 2022,
                  Dublin, Ireland, May 22-27, 2022},
  pages        = {877--890},
  publisher    = {Association for Computational Linguistics},
  year         = {2022},
  url          = {https://doi.org/10.18653/v1/2022.findings-acl.71},
  doi          = {10.18653/v1/2022.findings-acl.71},
  timestamp    = {Mon, 01 Aug 2022 16:27:46 +0200},
  biburl       = {https://dblp.org/rec/conf/acl/ZhangL00S022.bib},
  bibsource    = {dblp computer science bibliography, https://dblp.org}
}

@misc{hod2022detecting,
title={Detecting Modularity in Deep Neural Networks},
author={Shlomi Hod and Stephen Casper and Daniel Filan and Cody Wild and Andrew Critch and Stuart Russell},
year={2022},
url={https://openreview.net/forum?id=tFQyjbOz34}
}

@misc{nanda2023progressmeasuresgrokkingmechanistic,
      title={Progress measures for grokking via mechanistic interpretability}, 
      author={Neel Nanda and Lawrence Chan and Tom Lieberum and Jess Smith and Jacob Steinhardt},
      year={2023},
      eprint={2301.05217},
      archivePrefix={arXiv},
      primaryClass={cs.LG},
      url={https://arxiv.org/abs/2301.05217}, 
}

@article{sudjianto2020unwrapping,
  title={Unwrapping the black box of deep ReLU networks: interpretability, diagnostics, and simplification},
  author={Sudjianto, Agus and Knauth, William and Singh, Rahul and Yang, Zebin and Zhang, Aijun},
journal = {arXiv},
  year={2020}
}

@inproceedings{johnson1984extensions,
  author       = {Johnson, William B. and Lindenstrauss, Joram },
  title        = {Extensions of Lipschitz mappings into a Hilbert space},
  booktitle    = {Conference in modern analysis and probability, Contemporary Mathematics},
  volume={26},
  pages={189–206},
  year         = {1984},
publisher={American Mathematical Society}
}

@article{tsitsulin2023graph,
  author       = {Anton Tsitsulin and
                  John Palowitch and
                  Bryan Perozzi and
                  Emmanuel M{\"{u}}ller},
  title        = {Graph Clustering with Graph Neural Networks},
  journal      = {J. Mach. Learn. Res.},
  volume       = {24},
  pages        = {127:1--127:21},
  year         = {2023},
  url          = {https://jmlr.org/papers/v24/20-998.html},
  timestamp    = {Wed, 11 Sep 2024 14:41:28 +0200},
  biburl       = {https://dblp.org/rec/journals/jmlr/TsitsulinPPM23.bib},
  bibsource    = {dblp computer science bibliography, https://dblp.org}
}

@article{salha2022modularity,
  author       = {Guillaume Salha{-}Galvan and
                  Johannes F. Lutzeyer and
                  George Dasoulas and
                  Romain Hennequin and
                  Michalis Vazirgiannis},
  title        = {Modularity-aware graph autoencoders for joint community detection
                  and link prediction},
  journal      = {Neural Networks},
  volume       = {153},
  pages        = {474--495},
  year         = {2022},
  url          = {https://doi.org/10.1016/j.neunet.2022.06.021},
  doi          = {10.1016/J.NEUNET.2022.06.021},
  timestamp    = {Sat, 10 Sep 2022 20:59:17 +0200},
  biburl       = {https://dblp.org/rec/journals/nn/Salha-GalvanLDH22.bib},
  bibsource    = {dblp computer science bibliography, https://dblp.org}
}

@article{cloud2024gradient,
  author       = {Alex Cloud and
                  Jacob Goldman{-}Wetzler and
                  Evzen Wybitul and
                  Joseph Miller and
                  Alexander Matt Turner},
  title        = {Gradient Routing: Masking Gradients to Localize Computation in Neural
                  Networks},
  journal      = {CoRR},
  volume       = {abs/2410.04332},
  year         = {2024},
  url          = {https://doi.org/10.48550/arXiv.2410.04332},
  doi          = {10.48550/ARXIV.2410.04332},
  eprinttype    = {arXiv},
  eprint       = {2410.04332},
  timestamp    = {Tue, 12 Nov 2024 18:39:22 +0100},
  biburl       = {https://dblp.org/rec/journals/corr/abs-2410-04332.bib},
  bibsource    = {dblp computer science bibliography, https://dblp.org}
}

@article{park2024monet,
  author       = {Jungwoo Park and
                  Youngjin Ahn and
                  Kee{-}Eung Kim and
                  Jaewoo Kang},
  title        = {Monet: Mixture of Monosemantic Experts for Transformers},
  journal      = {CoRR},
  volume       = {abs/2412.04139},
  year         = {2024},
  url          = {https://doi.org/10.48550/arXiv.2412.04139},
  doi          = {10.48550/ARXIV.2412.04139},
  eprinttype    = {arXiv},
  eprint       = {2412.04139},
  timestamp    = {Thu, 16 Jan 2025 09:11:15 +0100},
  biburl       = {https://dblp.org/rec/journals/corr/abs-2412-04139.bib},
  bibsource    = {dblp computer science bibliography, https://dblp.org}
}

@inproceedings{wortsman2020supermasks,
  author       = {Mitchell Wortsman and
                  Vivek Ramanujan and
                  Rosanne Liu and
                  Aniruddha Kembhavi and
                  Mohammad Rastegari and
                  Jason Yosinski and
                  Ali Farhadi},
  editor       = {Hugo Larochelle and
                  Marc'Aurelio Ranzato and
                  Raia Hadsell and
                  Maria{-}Florina Balcan and
                  Hsuan{-}Tien Lin},
  title        = {Supermasks in Superposition},
  booktitle    = {Advances in Neural Information Processing Systems 33: Annual Conference
                  on Neural Information Processing Systems 2020, NeurIPS 2020, December
                  6-12, 2020, virtual},
  year         = {2020},
  url          = {https://proceedings.neurips.cc/paper/2020/hash/ad1f8bb9b51f023cdc80cf94bb615aa9-Abstract.html},
  timestamp    = {Tue, 19 Jan 2021 15:57:05 +0100},
  biburl       = {https://dblp.org/rec/conf/nips/WortsmanRLKRYF20.bib},
  bibsource    = {dblp computer science bibliography, https://dblp.org}
}

@inproceedings{huben2024sparse,
  author       = {Robert Huben and
                  Hoagy Cunningham and
                  Logan Riggs and
                  Aidan Ewart and
                  Lee Sharkey},
  title        = {Sparse Autoencoders Find Highly Interpretable Features in Language
                  Models},
  booktitle    = {The Twelfth International Conference on Learning Representations,
                  {ICLR} 2024, Vienna, Austria, May 7-11, 2024},
  publisher    = {OpenReview.net},
  year         = {2024},
  url          = {https://openreview.net/forum?id=F76bwRSLeK},
  timestamp    = {Wed, 07 Aug 2024 17:11:53 +0200},
  biburl       = {https://dblp.org/rec/conf/iclr/HubenCRES24.bib},
  bibsource    = {dblp computer science bibliography, https://dblp.org}
}

@article{
newman2006modularity,
author = {M. E. J. Newman },
title = {Modularity and community structure in networks},
journal = {Proceedings of the National Academy of Sciences},
volume = {103},
number = {23},
pages = {8577-8582},
year = {2006},
doi = {10.1073/pnas.0601602103},
URL = {https://www.pnas.org/doi/abs/10.1073/pnas.0601602103},
eprint = {https://www.pnas.org/doi/pdf/10.1073/pnas.0601602103}
}

@inproceedings{bhowmick2024neural,
  author       = {Aritra Bhowmick and
                  Mert Kosan and
                  Zexi Huang and
                  Ambuj K. Singh and
                  Sourav Medya},
  editor       = {Michael J. Wooldridge and
                  Jennifer G. Dy and
                  Sriraam Natarajan},
  title        = {{DGCLUSTER:} {A} Neural Framework for Attributed Graph Clustering
                  via Modularity Maximization},
  booktitle    = {Thirty-Eighth {AAAI} Conference on Artificial Intelligence, {AAAI}
                  2024, Thirty-Sixth Conference on Innovative Applications of Artificial
                  Intelligence, {IAAI} 2024, Fourteenth Symposium on Educational Advances
                  in Artificial Intelligence, {EAAI} 2014, February 20-27, 2024, Vancouver,
                  Canada},
  pages        = {11069--11077},
  publisher    = {{AAAI} Press},
  year         = {2024},
  url          = {https://doi.org/10.1609/aaai.v38i10.28983},
  doi          = {10.1609/AAAI.V38I10.28983},
  timestamp    = {Tue, 02 Apr 2024 16:32:08 +0200},
  biburl       = {https://dblp.org/rec/conf/aaai/BhowmickKHSM24.bib},
  bibsource    = {dblp computer science bibliography, https://dblp.org}
}

@misc{cunningham2023sparseautoencodershighlyinterpretable,
      title={Sparse Autoencoders Find Highly Interpretable Features in Language Models}, 
      author={Hoagy Cunningham and Aidan Ewart and Logan Riggs and Robert Huben and Lee Sharkey},
      year={2023},
      eprint={2309.08600},
      archivePrefix={arXiv},
      primaryClass={cs.LG},
      url={https://arxiv.org/abs/2309.08600}, 
}

@misc{merity2016pointer,
      title={Pointer Sentinel Mixture Models},
      author={Stephen Merity and Caiming Xiong and James Bradbury and Richard Socher},
      year={2016},
      eprint={1609.07843},
      archivePrefix={arXiv},
      primaryClass={cs.CL}
}

@misc{veniat2021efficientcontinuallearningmodular,
      title={Efficient Continual Learning with Modular Networks and Task-Driven Priors}, 
      author={Tom Veniat and Ludovic Denoyer and Marc'Aurelio Ranzato},
      year={2021},
      eprint={2012.12631},
      archivePrefix={arXiv},
      primaryClass={cs.LG},
      url={https://arxiv.org/abs/2012.12631}, 
}

@misc{biderman2023pythiasuiteanalyzinglarge,
      title={Pythia: A Suite for Analyzing Large Language Models Across Training and Scaling}, 
      author={Stella Biderman and Hailey Schoelkopf and Quentin Anthony and Herbie Bradley and Kyle O'Brien and Eric Hallahan and Mohammad Aflah Khan and Shivanshu Purohit and USVSN Sai Prashanth and Edward Raff and Aviya Skowron and Lintang Sutawika and Oskar van der Wal},
      year={2023},
      eprint={2304.01373},
      archivePrefix={arXiv},
      primaryClass={cs.CL},
      url={https://arxiv.org/abs/2304.01373}, 
}