@article{2024_global_streetscapes,
 author = {Hou, Yujun and Quintana, Matias and Khomiakov, Maxim and Yap, Winston and Ouyang, Jiani and Ito, Koichi and et al.},
 doi = {10.1016/j.isprsjprs.2024.06.023},
 journal = {ISPRS J. Photogrammetry Remote Sensing},
 pages = {216-238},
 title = {Global {S}treetscapes - {A} comprehensive dataset of 10 million street-level images across 688 cities for urban science and analytics},
 volume = {215},
 year = {2024}
}

@article{StreetView1,
author = {Biljecki, F. and Ito, K.}, 
title = {Street view imagery in urban analytics and {GIS}: A review},
journal = {Landscape and Urban Planning},
volume = 215,
number = 104217,
year = 2021
}

@article{Zhu1,
author = {Hoffmann, E. J. and Wang, Y. and Werner, M. and Kang, J. and X. X. Zhu},
title = {Model fusion for building type classification from aerial and street view images},
journal = {Remote Sensing},
volume = 11,
number = 11,
pages = {1259},
year = 2019
}

@article{chen2024global,
  title={Global urban road network patterns: Unveiling multiscale planning paradigms of 144 cities with a novel deep learning approach},
  author={Chen, Wangyang and et al.},
  journal={Landscape and Urban Planning},
  volume={241},
  pages={104901},
  year={2024},
  publisher={Elsevier}
}

@article{streetpaper,
 author = {Liang, X. and et al.},
 journal = {Landscape Urban Planning},
 title = {Revealing spatio-temporal evolution of urban visual environments with street view},
 year = {2023}
}

@article{transf1,
 author = {Zhu, Sijie and Shah, Mubarak and Chen, Chen},
 journal = {In Proc. IEEE/CVF Conference on Computer Vision and Pattern Recognition},
 pages = {1162–1171},
 title = {Trans{G}eo: Transformer is all you need for cross-view image geo-localization},
 year = {2022}
}

@article{transf2,
 author = {Dionelis, Nikolaos and Pro, Francesco and Maiano, Luca and Amerini, Irene and Le Saux, Bertrand},
 journal = {In Proc. IGARSS},
 title = {Learning from Unlabelled Data with Transformers: Domain Adaptation for Semanitc Segmentation of High Resolution Aerial Images},
 year = {2024}
}

@article{transf3,
 author = {Xie, Enze and et al.},
 journal = {In Proc. NeurIPS, 34:12077},
 title = {SegFormer: Simple and efficient design for semantic segmentation with Transformers},
 year = {2021}
}

@article{transf4,
 author = {Francesco Pro, Nikolaos Dionelis, Luca Maiano, Bertrand Le Saux, and Irene Amerini},
 journal = {In Proceedings IEEE IGARSS},
 title = {A semantic segmentation-guided approach for ground-to-aerial image matching},
 year = {2024}
}

@article{transf5,
 author = {Yujiao Shi, Xin Yu, et al.},
 journal = {In Proceedings IEEE/CVF CVPR, pp. 4064–4072},
 title = {Where am {I} looking at? {J}oint location and orientation estimation by cross-view matching},
 year = {2020}
}

@inproceedings{xia_2023_openearthmap,
    title = {Open{E}arth{M}ap: A Benchmark Dataset for Global High-Resolution Land Cover Mapping},
    author = {Junshi Xia and et al.},
    booktitle = {Proceedings of the IEEE/CVF Winter Conference on Applications of Computer Vision (WACV)},
    year = {2023}
}

@inproceedings{xia_2023_openearthmap2,
    title = {Learnable Prompt for Few-Shot Semantic Segmentation in Remote Sensing},
    author = {Steve Andreas Immanuel and Hagai Raja Sinulingga},
    booktitle = {W CVPR L3D-IVU},
    year = {2024}
}

