% Long form of conference & journal abbreviations -- especially for camera ready
@String(PAMI  = {IEEE Trans. Pattern Anal. Mach. Intell.})
@String(IJCV  = {Int. J. Comput. Vis.})
@String(CVPR  = {IEEE Conf. Comput. Vis. Pattern Recog.})
@String(ICCV  = {Int. Conf. Comput. Vis.})
@String(ECCV  = {Eur. Conf. Comput. Vis.})
@String(NeurIPS = {Adv. Neural Inform. Process. Syst.})
@String(ICML  = {Int. Conf. Mach. Learn.})
@String(ICLR  = {Int. Conf. Learn. Represent.})
@String(ACCV  = {Asian Conf. Comput. Vis.})
@String(BMVC  = {Brit. Mach. Vis. Conf.})
@String(CVPRW = {IEEE Conf. Comput. Vis. Pattern Recog. Worksh.})
@String(AAAI  = {AAAI})
@String(IJCAI = {IJCAI})
@String(ICIP  = {IEEE Int. Conf. Image Process.})
@String(ICPR  = {Int. Conf. Pattern Recog.})
@String(ICASSP=	{ICASSP})
@String(ICME  = {Int. Conf. Multimedia and Expo})
@String(JMLR  = {J. Mach. Learn. Res.})
@String(TMLR  = {Trans. Mach. Learn Res.})
@String(TOG   = {ACM Trans. Graph.})
@String(TIP   = {IEEE Trans. Image Process.})
@String(TVCG  = {IEEE Trans. Vis. Comput. Graph.})
@String(TCSVT = {IEEE Trans. Circuit Syst. Video Technol.})
@String(TMM   = {IEEE Trans. Multimedia})
@String(ACMMM = {ACM Int. Conf. Multimedia})
@String(PR    = {Pattern Recognition})

@String(MNI	  = {Nature Mach. Intell.})
@String(SPL	  = {IEEE Sign. Process. Letters})
@String(VR    = {Vis. Res.})
@String(JOV	  = {J. Vis.})
@String(TVC   = {The Vis. Comput.})
@String(JCST  = {J. Comput. Sci. Tech.})
@String(CGF   = {Comput. Graph. Forum})
@String(CVM   = {Computational Visual Media})


% Short form of conference & journal abbreviations -- especially for submission version
% if desired, remove these macros in favor of the above ones
@String(PAMI  = {IEEE TPAMI})
@String(IJCV  = {IJCV})
@String(CVPR  = {CVPR})
@String(ICCV  = {ICCV})
@String(ECCV  = {ECCV})
@String(NeurIPS = {NeurIPS})
@String(ICML  = {ICML})
@String(ICLR  = {ICLR})
@String(ACCV  = {ACCV})
@String(BMVC  =	{BMVC})
@String(CVPRW = {CVPRW})
@String(AAAI  = {AAAI})
@String(IJCAI = {IJCAI})
@String(ICIP  = {ICIP})
@String(ICPR  = {ICPR})
@String(ICASSP=	{ICASSP})
@String(ICME  =	{ICME})
@String(JMLR  = {JMLR})
@String(TMLR  = {TMLR})
@String(TOG   = {ACM TOG})
@String(TIP   = {IEEE TIP})
@String(TVCG  = {IEEE TVCG})
@String(TCSVT = {IEEE TCSVT})
@String(TMM   =	{IEEE TMM})
@String(ACMMM = {ACM MM})
@String(PR    = {PR})





@article{Zhu1,
author = {Hoffmann, E. J. and Wang, Y. and Werner, M. and Kang, J. and X. X. Zhu},
title = {Model fusion for building type classification from aerial and street view images},
journal = {Remote Sensing},
volume = 11,
number = 11,
pages = {1259},
year = 2019
}

@article{StreetView1,
author = {Biljecki, F. and Ito, K.}, 
title = {Street view imagery in urban analytics and {GIS}: A review},
journal = {Landscape and Urban Planning},
volume = 215,
number = 104217,
year = 2021
} 

@article{2024_global_streetscapes,
 author = {Hou, Yujun and Quintana, Matias and Khomiakov, Maxim and Yap, Winston and Ouyang, Jiani and Ito, Koichi and et al.},
 doi = {10.1016/j.isprsjprs.2024.06.023},
 journal = {ISPRS J. Photogrammetry Remote Sensing},
 pages = {216-238},
 title = {Global {S}treetscapes - {A} comprehensive dataset of 10 million street-level images across 688 cities for urban science and analytics},
 volume = {215},
 year = {2024}
}       






@article{transf1,
 author = {Zhu, Sijie and Shah, Mubarak and Chen, Chen},
 journal = {In Proc. IEEE/CVF Conference on Computer Vision and Pattern Recognition},
 pages = {1162–1171},
 title = {Trans{G}eo: Transformer is all you need for cross-view image geo-localization},
 year = {2022}
}   

@article{transf2,
 author = {Dionelis, Nikolaos and Pro, Francesco and Maiano, Luca and Amerini, Irene and Le Saux, Bertrand},
 journal = {In Proc. IGARSS},
 title = {Learning from Unlabelled Data with Transformers: Domain Adaptation for Semanitc Segmentation of High Resolution Aerial Images},
 year = {2024}
}    



@article{transf3,
 author = {Xie, Enze and et al.},
 journal = {In Proc. NeurIPS, 34:12077},
 title = {SegFormer: Simple and efficient design for semantic segmentation with Transformers},
 year = {2021}
}      



@article{transf4,
 author = {Francesco Pro, Nikolaos Dionelis, Luca Maiano, Bertrand Le Saux, and Irene Amerini},
 journal = {In Proceedings IEEE IGARSS},
 title = {A semantic segmentation-guided approach for ground-to-aerial image matching},
 year = {2024}
}

@article{transf5,
 author = {Yujiao Shi, Xin Yu, et al.},
 journal = {In Proceedings IEEE/CVF CVPR, pp. 4064–4072},
 title = {Where am {I} looking at? {J}oint location and orientation estimation by cross-view matching},
 year = {2020}
}  

@article{streetpaper,
 author = {Liang, X. and et al.},
 journal = {Landscape Urban Planning},
 title = {Revealing spatio-temporal evolution of urban visual environments with street view},
 year = {2023}
} 



@article{chen2024global,
  title={Global urban road network patterns: Unveiling multiscale planning paradigms of 144 cities with a novel deep learning approach},
  author={Chen, Wangyang and et al.},
  journal={Landscape and Urban Planning},
  volume={241},
  pages={104901},
  year={2024},
  publisher={Elsevier}
}     






@inproceedings{xia_2023_openearthmap,
    title = {Open{E}arth{M}ap: A Benchmark Dataset for Global High-Resolution Land Cover Mapping},
    author = {Junshi Xia and et al.},
    booktitle = {Proceedings of the IEEE/CVF Winter Conference on Applications of Computer Vision (WACV)},
    year = {2023}
}  






@inproceedings{xia_2023_openearthmap2,
    title = {Learnable Prompt for Few-Shot Semantic Segmentation in Remote Sensing},
    author = {Steve Andreas Immanuel and Hagai Raja Sinulingga},
    booktitle = {W CVPR L3D-IVU},
    year = {2024}
}    






@article{EOFM1,
 author = {Casper Fibaek, et al.},
 journal = {In Proceedings IEEE IGARSS},
 title = {PhilEO Bench: Evaluating Geo-Spatial Foundation Models},
 year = {2024}
}  

@article{EOFM2,
 author = {Nikolaos Dionelis, Nicolas Longepe},
 journal = {To appear, arXiv:2406.18279},
 title = {CAS: Confidence Assessments of classification algorithms for Semantic segmentation of EO data},
 year = {2024}
}





@article{EVANEW,
 author = {{Yuxin Fang, et al.}},
 journal = {In Proc. IEEE/CVF Conference Computer Vision and Pattern Recognition (CVPR), p. 19358-19369},
 title = {E{VA}: {E}xploring the limits of masked visual representation learning at scale},
 year = {2023}
}  




@article{EVA2,
 author = {{Y. Fang, et al.}},
 journal = {arXiv:2303.11331},
 title = {E{VA}-02: A {V}isual {R}epresentation for {N}eon {G}enesis},
 year = {2023}
} 




@article{reBENNEW,
 author = {{K. Clasen, et al.}},
 journal = {arXiv:2407.03653},
 title = {re{BEN}: {R}efined {B}ig{E}arth{N}et {D}ataset for {R}emote {S}ensing {I}mage {A}nalysis},
 year = {2024}
}  




@article{FusionNew1,
 author = {{Boan Chen, et al.}},
 journal = {Int J Applied EO Geoinformation, 109, 102794},
 title = {Multi-modal fusion of satellite and street-view images for urban village classification based on a dual-branch deep neural network},
 year = {2022}
}      




@article{MissingModality1,
 author = {{Hu Wang, et al.}},
 journal = {In Proc. IEEE/CVF CVPR},
 title = {Multi-modal learning with missing modality via shared-specific feature modelling},
 year = {2023}
}







