@article{8963966,
  author={Zhang, Feifan and Yao, Lei and Zhou, Wenjiao and You, Qinjing and Zhang, Huayong},
  journal={IEEE Access}, 
  title={Using Shannon Entropy and Contagion Index to Interpret Pattern Self-Organization in a Dynamic Vegetation-Sand Model}, 
  year={2020},
  volume={8},
  number={},
  pages={17221-17230},
  keywords={Entropy;Indexes;Vegetation mapping;Vegetation;Bifurcation;Biological system modeling;Mathematical model;Contagion index;Neimark-Sacker bifurcation;Shannon entropy;Turing bifurcation},
  doi={10.1109/ACCESS.2020.2968242}}

@article{abdi2010principal,
  title={Principal component analysis},
  author={Abdi, Herv{\'e} and Williams, Lynne J},
  journal={Wiley interdisciplinary reviews: computational statistics},
  volume={2},
  number={4},
  pages={433--459},
  year={2010},
  publisher={Wiley Online Library}
}

@article{altieri2019advances,
  title={Advances in spatial entropy measures},
  author={Altieri, Linda and Cocchi, Daniela and Roli, Giulia},
  journal={Stochastic Environmental Research and Risk Assessment},
  volume={33},
  pages={1223--1240},
  year={2019},
  publisher={Springer}
}

@inproceedings{jones1987using,
  title={Using the inertial coefficient, {\ss}, to characterize heterogeneity in reservoir rock},
  author={Jones, SC},
  booktitle={SPE Annual Technical Conference and Exhibition?},
  pages={SPE--16949},
  year={1987},
  organization={SPE}
}

@inproceedings{li2004characterization,
  title={Characterization of rock heterogeneity using fractal geometry},
  author={Li, Kewen},
  booktitle={SPE Western Regional Meeting},
  pages={SPE--86975},
  year={2004},
  organization={SPE}
}

@inproceedings{lin2021prediction,
  title={Prediction of rock constitutive relation under high temperature and high stress by recurrent neural network},
  author={Lin, H and Zhou, FJ and Tian, YK and Yang, XT and Hu, LQ and Liu, YX and Pan, ZK},
  booktitle={ARMA US Rock Mechanics/Geomechanics Symposium},
  pages={ARMA--2021},
  year={2021},
  organization={ARMA}
}

@article{mohamed2023scale,
  title={Scale-Independent Rock Heterogeneity Classification Algorithm Applied to Microtomography Images},
  author={Mohamed, Ali and Prodanovi{\'c}, Ma{\v{s}}a},
  journal={Transport in Porous Media},
  volume={150},
  number={2},
  pages={257--284},
  year={2023},
  publisher={Springer}
}

@inproceedings{sahu2024assessment,
  title={Assessment of Petrophysical Heterogeneity Based on Image Data},
  author={Sahu, Pallavi and Heidari, Zoya},
  booktitle={SPWLA Annual Logging Symposium},
  pages={D041S010R004},
  year={2024},
  organization={SPWLA}
}

@article{tian2023quantification,
  title={Quantification of rock heterogeneity and application in predicting rock mechanical properties},
  author={Tian, Yakai and Zhou, Fujian and Hu, Longqiao and Liu, Hongtao},
  journal={Bulletin of Engineering Geology and the Environment},
  volume={82},
  number={11},
  pages={401},
  year={2023},
  publisher={Springer}
}

@article{vranken2015review,
  title={A review on the use of entropy in landscape ecology: heterogeneity, unpredictability, scale dependence and their links with thermodynamics},
  author={Vranken, Isabelle and Baudry, Jacques and Aubinet, Marc and Visser, Marjolein and Bogaert, Jan},
  journal={Landscape ecology},
  volume={30},
  pages={51--65},
  year={2015},
  publisher={Springer}
}

@article{wang2018spatial,
  title={Spatial heterogeneity analysis: Introducing a new form of spatial entropy},
  author={Wang, Chaojun and Zhao, Hongrui},
  journal={Entropy},
  volume={20},
  number={6},
  pages={398},
  year={2018},
  publisher={MDPI}
}

@article{xie2020sesv,
  title={SESV: Accurate medical image segmentation by predicting and correcting errors},
  author={Xie, Yutong and Zhang, Jianpeng and Lu, Hao and Shen, Chunhua and Xia, Yong},
  journal={IEEE Transactions on Medical Imaging},
  volume={40},
  number={1},
  pages={286--296},
  year={2020},
  publisher={IEEE}
}

@article{yazynina2021new,
  title={New method of oil reservoir rock heterogeneity quantitative estimation from X-ray MCT data},
  author={Yazynina, Irena Viktorovna and Shelyago, Evgeny Vladimirovich and Abrosimov, Andrey Andreevich and Yakushev, Vladimir Stanislavovich},
  journal={Energies},
  volume={14},
  number={16},
  pages={5103},
  year={2021},
  publisher={MDPI}
}

