@article{mohamed2023scale,
  title={Scale-Independent Rock Heterogeneity Classification Algorithm Applied to Microtomography Images},
  author={Mohamed, Ali and Prodanovi{\'c}, Ma{\v{s}}a},
  journal={Transport in Porous Media},
  volume={150},
  number={2},
  pages={257--284},
  year={2023},
  publisher={Springer}
}

@article{carrillo2022impact,
  title={The impact of sub-resolution porosity on numerical simulations of multiphase flow},
  author={Carrillo, Francisco J and Soulaine, Cyprien and Bourg, Ian C},
  journal={Advances in Water Resources},
  volume={161},
  pages={104094},
  year={2022},
  publisher={Elsevier}
}

@article{sun2017analysis,
  title={Analysis of heterogeneity and permeability anisotropy in carbonate rock samples using digital rock physics},
  author={Sun, Huafeng and Vega, Sandra and Tao, Guo},
  journal={Journal of petroleum science and engineering},
  volume={156},
  pages={419--429},
  year={2017},
  publisher={Elsevier}
}

@inproceedings{sahu2024assessment,
  title={Assessment of Petrophysical Heterogeneity Based on Image Data},
  author={Sahu, Pallavi and Heidari, Zoya},
  booktitle={SPWLA Annual Logging Symposium},
  pages={D041S010R004},
  year={2024},
  organization={SPWLA}
}

@article{tian2023quantification,
  title={Quantification of rock heterogeneity and application in predicting rock mechanical properties},
  author={Tian, Yakai and Zhou, Fujian and Hu, Longqiao and Liu, Hongtao},
  journal={Bulletin of Engineering Geology and the Environment},
  volume={82},
  number={11},
  pages={401},
  year={2023},
  publisher={Springer}
}

@article{godoy2024modeling,
  title={Modeling sub-resolution porosity of a heterogeneous carbonate rock sample},
  author={Godoy, William and Pontedeiro, Elizabeth M and Barros, Rafael ABR and de Vries, Enno T and Raoof, Amir and van Genuchten, Martinus Th and Couto, Paulo},
  journal={Vadose Zone Journal},
  pages={e20348},
  year={2024},
  publisher={Wiley Online Library}
}
@book{tavakoli2019carbonate,
  title={Carbonate reservoir heterogeneity: overcoming the challenges},
  author={Tavakoli, Vahid},
  year={2019},
  publisher={Springer Nature}
}

@article{shannon1948mathematical,
  title={A mathematical theory of communication},
  author={Shannon, Claude Elwood},
  journal={The Bell system technical journal},
  volume={27},
  number={3},
  pages={379--423},
  year={1948},
  publisher={Nokia Bell Labs}
}

@inproceedings{yanai2005image,
  title={Image region entropy: a measure of" visualness" of web images associated with one concept},
  author={Yanai, Keiji and Barnard, Kobus},
  booktitle={Proceedings of the 13th annual ACM international conference on Multimedia},
  pages={419--422},
  year={2005}
}

@article{fitch2015integrated,
  title={An integrated and quantitative approach to petrophysical heterogeneity},
  author={Fitch, Peter JR and Lovell, Mike A and Davies, Sarah J and Pritchard, Tim and Harvey, Peter K},
  journal={Marine and Petroleum Geology},
  volume={63},
  pages={82--96},
  year={2015},
  publisher={Elsevier}
}

@article{dykstra1950prediction,
  title={The prediction of oil recovery by water flood},
  author={Dykstra, Herman and Parsons, RL},
  journal={Secondary recovery of oil in the United States},
  volume={2},
  pages={160--174},
  year={1950},
  publisher={API New York}
}

@article{abdi2010principal,
  title={Principal component analysis},
  author={Abdi, Herv{\'e} and Williams, Lynne J},
  journal={Wiley interdisciplinary reviews: computational statistics},
  volume={2},
  number={4},
  pages={433--459},
  year={2010},
  publisher={Wiley Online Library}
}

@inproceedings{lin2021prediction,
  title={Prediction of rock constitutive relation under high temperature and high stress by recurrent neural network},
  author={Lin, H and Zhou, FJ and Tian, YK and Yang, XT and Hu, LQ and Liu, YX and Pan, ZK},
  booktitle={ARMA US Rock Mechanics/Geomechanics Symposium},
  pages={ARMA--2021},
  year={2021},
  organization={ARMA}
}

@article{xie2020sesv,
  title={SESV: Accurate medical image segmentation by predicting and correcting errors},
  author={Xie, Yutong and Zhang, Jianpeng and Lu, Hao and Shen, Chunhua and Xia, Yong},
  journal={IEEE Transactions on Medical Imaging},
  volume={40},
  number={1},
  pages={286--296},
  year={2020},
  publisher={IEEE}
}

@article{journel1993entropy,
  title={Entropy and spatial disorder},
  author={Journel, Andr{\'e} G and Deutsch, Clayton V},
  journal={Mathematical Geology},
  volume={25},
  pages={329--355},
  year={1993},
  publisher={Springer}
}

@article{christakos1990bayesian,
  title={A Bayesian/maximum-entropy view to the spatial estimation problem},
  author={Christakos, George},
  journal={Mathematical Geology},
  volume={22},
  pages={763--777},
  year={1990},
  publisher={Springer}
}

@article{jiang2013representation,
  title={Representation of multiscale heterogeneity via multiscale pore networks},
  author={Jiang, Zeyun and Van Dijke, MIJ and Sorbie, Kenneth Stuart and Couples, Gary Douglas},
  journal={Water resources research},
  volume={49},
  number={9},
  pages={5437--5449},
  year={2013},
  publisher={Wiley Online Library}
}

@inproceedings{li2004characterization,
  title={Characterization of rock heterogeneity using fractal geometry},
  author={Li, Kewen},
  booktitle={SPE Western Regional Meeting},
  pages={SPE--86975},
  year={2004},
  organization={SPE}
}

@article{ahmed2010fundamentals,
  title={Fundamentals of rock properties},
  author={Ahmed, Tarek},
  journal={Reservoir engineering handbook},
  pages={189--287},
  year={2010}
}

@inproceedings{jones1987using,
  title={Using the inertial coefficient, {\ss}, to characterize heterogeneity in reservoir rock},
  author={Jones, SC},
  booktitle={SPE Annual Technical Conference and Exhibition?},
  pages={SPE--16949},
  year={1987},
  organization={SPE}
}

@article{zamanzadeh2024robust,
  title={Robust Machine Learning Predictive Models for Real-Time Determination of Confined Compressive Strength of Rock Using Mudlogging Data},
  author={Zamanzadeh Talkhouncheh, Milad and Davoodi, Shadfar and Wood, David A and Mehrad, Mohammad and Rukavishnikov, Valeriy S and Bakhshi, Reza},
  journal={Rock Mechanics and Rock Engineering},
  pages={1--27},
  year={2024},
  publisher={Springer}
}

@article{scikit-learn,
  title={Scikit-learn: Machine Learning in {P}ython},
  author={Pedregosa, F. and Varoquaux, G. and Gramfort, A. and Michel, V.
          and Thirion, B. and Grisel, O. and Blondel, M. and Prettenhofer, P.
          and Weiss, R. and Dubourg, V. and Vanderplas, J. and Passos, A. and
          Cournapeau, D. and Brucher, M. and Perrot, M. and Duchesnay, E.},
  journal={Journal of Machine Learning Research},
  volume={12},
  pages={2825--2830},
  year={2011}
}

@inproceedings{wkeglarczyk2018kernel,
  title={Kernel density estimation and its application},
  author={Weglarczyk, Stanis{\l}aw},
  booktitle={ITM web of conferences},
  volume={23},
  pages={00037},
  year={2018},
  organization={EDP Sciences}
}

@article{ali2023shannon,
  title={Shannon entropy in artificial intelligence and its applications based on information theory},
  author={Ali, Aqib and Anam, Sania and Ahmed, Muhammad Munawar},
  journal={Journal of Applied and Emerging Sciences},
  volume={13},
  number={1},
  pages={09--17},
  year={2023}
}

@inproceedings{dubois2019generalization,
  title={Generalization of the discrete and continuous Shannon entropy by positive definite functions related to the constant of motion of the non-linear Lotka-Volterra system},
  author={Dubois, Daniel M},
  booktitle={Journal of Physics: Conference Series},
  volume={1251},
  number={1},
  pages={012012},
  year={2019},
  organization={IOP Publishing}
}

@article{wang2018spatial,
  title={Spatial heterogeneity analysis: Introducing a new form of spatial entropy},
  author={Wang, Chaojun and Zhao, Hongrui},
  journal={Entropy},
  volume={20},
  number={6},
  pages={398},
  year={2018},
  publisher={MDPI}
}

@article{batty2014entropy,
  title={Entropy, complexity, and spatial information},
  author={Batty, Michael and Morphet, Robin and Masucci, Paolo and Stanilov, Kiril},
  journal={Journal of geographical systems},
  volume={16},
  pages={363--385},
  year={2014},
  publisher={Springer}
}

@article{altieri2019advances,
  title={Advances in spatial entropy measures},
  author={Altieri, Linda and Cocchi, Daniela and Roli, Giulia},
  journal={Stochastic Environmental Research and Risk Assessment},
  volume={33},
  pages={1223--1240},
  year={2019},
  publisher={Springer}
}

@article{batty1974spatial,
  title={Spatial entropy},
  author={Batty, Michael},
  journal={Geographical analysis},
  volume={6},
  number={1},
  pages={1--31},
  year={1974},
  publisher={Wiley Online Library}
}

@article{skorobogatov2004principle,
  title={The principle of information entropy for the description of fracture at multiple dimensions in real materials (concrete, rock) of buildings and rock seams},
  author={Skorobogatov, SM},
  journal={International journal of fracture},
  volume={128},
  pages={335--343},
  year={2004},
  publisher={Springer}
}

@article{zhou2022novel,
  title={Novel approach to evaluate rock mass fragmentation in block caving using unascertained measurement model and information entropy with flexible credible identification criterion},
  author={Zhou, Jian and Chen, Chao and Khandelwal, Manoj and Tao, Ming and Li, Chuanqi},
  journal={Engineering with Computers},
  volume={38},
  number={Suppl 5},
  pages={3789--3809},
  year={2022},
  publisher={Springer}
}

@article{torquato2022local,
  title={Local order metrics for two-phase media across length scales},
  author={Torquato, Salvatore and Skolnick, Murray and Kim, Jaeuk},
  journal={Journal of Physics A: Mathematical and Theoretical},
  volume={55},
  number={27},
  pages={274003},
  year={2022},
  publisher={IOP Publishing}
}

@article{8963966,
  author={Zhang, Feifan and Yao, Lei and Zhou, Wenjiao and You, Qinjing and Zhang, Huayong},
  journal={IEEE Access}, 
  title={Using Shannon Entropy and Contagion Index to Interpret Pattern Self-Organization in a Dynamic Vegetation-Sand Model}, 
  year={2020},
  volume={8},
  number={},
  pages={17221-17230},
  keywords={Entropy;Indexes;Vegetation mapping;Vegetation;Bifurcation;Biological system modeling;Mathematical model;Contagion index;Neimark-Sacker bifurcation;Shannon entropy;Turing bifurcation},
  doi={10.1109/ACCESS.2020.2968242}}

@article{vranken2015review,
  title={A review on the use of entropy in landscape ecology: heterogeneity, unpredictability, scale dependence and their links with thermodynamics},
  author={Vranken, Isabelle and Baudry, Jacques and Aubinet, Marc and Visser, Marjolein and Bogaert, Jan},
  journal={Landscape ecology},
  volume={30},
  pages={51--65},
  year={2015},
  publisher={Springer}
}

@article{singhal2013micro,
  title={Micro/nano-CT for visualization of internal structures},
  author={Singhal, Anjali and Grande, James C and Zhou, Ying},
  journal={Microscopy Today},
  volume={21},
  number={2},
  pages={16--22},
  year={2013},
  publisher={Oxford University Press}
}

@book{dodge2008concise,
  title={The Concise Encyclopedia of Statistics},
  author={Dodge, Y},
  year={2008},
  publisher={Springer New York}
}

@article{haralick1973textural,
  title={Textural features for image classification},
  author={Haralick, Robert M and Shanmugam, Karthikeyan and Dinstein, Its' Hak},
  journal={IEEE Transactions on systems, man, and cybernetics},
  number={6},
  pages={610--621},
  year={1973},
  publisher={Ieee}
}

@article{brusco2021comparison,
  title={A comparison of 71 binary similarity coefficients: The effect of base rates},
  author={Brusco, Michael and Cradit, J Dennis and Steinley, Douglas},
  journal={Plos one},
  volume={16},
  number={4},
  pages={e0247751},
  year={2021},
  publisher={Public Library of Science San Francisco, CA USA}
}

@article{kornbrot2014point,
  title={Point biserial correlation},
  author={Kornbrot, Diana},
  journal={Wiley StatsRef: Statistics Reference Online},
  year={2014},
  publisher={Wiley Online Library}
}

@book{degroot2005optimal,
  title={Optimal statistical decisions},
  author={DeGroot, Morris H},
  year={2005},
  publisher={John Wiley \& Sons}
}
@article{yazynina2021new,
  title={New method of oil reservoir rock heterogeneity quantitative estimation from X-ray MCT data},
  author={Yazynina, Irena Viktorovna and Shelyago, Evgeny Vladimirovich and Abrosimov, Andrey Andreevich and Yakushev, Vladimir Stanislavovich},
  journal={Energies},
  volume={14},
  number={16},
  pages={5103},
  year={2021},
  publisher={MDPI}
}

@article{wang2023image,
  title={Image segmentation and flow prediction of digital rock with U-net network},
  author={Wang, Fuyong and Zai, Yun},
  journal={Advances in Water Resources},
  volume={172},
  pages={104384},
  year={2023},
  publisher={Elsevier}
}

@article{xie2023relative,
  title={Relative permeability curve prediction from digital rocks with variable sizes using deep learning},
  author={Xie, Chiyu and Zhu, Jingwei and Yang, Hongen and Wang, Jiulong and Liu, Lin and Song, Hongqing},
  journal={Physics of Fluids},
  volume={35},
  number={9},
  year={2023},
  publisher={AIP Publishing}
}

@article{liu2023hierarchical,
  title={Hierarchical homogenization with deep-learning-based surrogate model for rapid estimation of effective permeability from digital rocks},
  author={Liu, Mingliang and Ahmad, Rasool and Cai, Wei and Mukerji, Tapan},
  journal={Journal of Geophysical Research: Solid Earth},
  volume={128},
  number={2},
  pages={e2022JB025378},
  year={2023},
  publisher={Wiley Online Library}
}

@article{cureton1956rank,
  title={Rank-biserial correlation},
  author={Cureton, Edward E},
  journal={Psychometrika},
  volume={21},
  number={3},
  pages={287--290},
  year={1956},
  publisher={Springer}
}

@article{mcknight2010mann,
  title={Mann-Whitney U Test},
  author={McKnight, Patrick E and Najab, Julius},
  journal={The Corsini encyclopedia of psychology},
  pages={1--1},
  year={2010},
  publisher={Wiley Online Library}
}

@article{dos2023permeability,
  title={Permeability estimation on raw micro-CT of carbonate rock samples using deep learning},
  author={dos Anjos, Carlos Eduardo Menezes and de Matos, Thais Fernandes and Avila, Manuel Ramon Vargas and Fernandes, Julio de Castro Vargas and Surmas, Rodrigo and Evsukoff, Alexandre Gon{\c{c}}alves},
  journal={Geoenergy Science and Engineering},
  volume={222},
  pages={211335},
  year={2023},
  publisher={Elsevier}
}

@article{dos2021deep,
  title={Deep learning for lithological classification of carbonate rock micro-CT images},
  author={dos Anjos, Carlos EM and Avila, Manuel RV and Vasconcelos, Adna GP and Pereira Neta, Aurea M and Medeiros, Lizianne C and Evsukoff, Alexandre G and Surmas, Rodrigo and Landau, Luiz},
  journal={Computational Geosciences},
  volume={25},
  pages={971--983},
  year={2021},
  publisher={Springer}
}

@article{de2024absolute,
  title={Absolute permeability estimation from microtomography rock images through deep learning super-resolution and adversarial fine tuning},
  author={de Castro Vargas Fernandes, J{\'u}lio and Duarte Vidal, Alyne and Carvalho Medeiros, Lizianne and Menezes dos Anjos, Carlos Eduardo and Surmas, Rodrigo and Gon{\c{c}}alves Evsukoff, Alexandre},
  journal={Scientific Reports},
  volume={14},
  number={1},
  pages={16704},
  year={2024},
  publisher={Nature Publishing Group UK London}
}

@article{milani2007bacias,
  title={Bacias sedimentares brasileiras: cartas estratigr{\'a}ficas},
  author={Milani, Edison Jos{\'e} and Rangel, Hamilton Duncan and Bueno, Gilmar Vital and Stica, Juliano Magalh{\~a}es and Winter, Wilson Rubem and Caixeta, Jos{\'e} Maur{\'\i}cio and Neto, O Pessoa and others},
  journal={Boletim de Geociencias da PETROBRAS},
  volume={15},
  number={2},
  pages={183--205},
  year={2007}
}
