@article{AnomalyDNN,
  title={A novel approach for detecting anomalous energy consumption based on micro-moments and deep neural networks},
  author={Himeur, Yassine and Alsalemi, Abdullah and Bensaali, Faycal and Amira, Abbes},
  journal={Cognitive Computation},
  volume={12},
  number={6},
  pages={1381--1401},
  year={2020},
  publisher={Springer}
}

@article{AsynchronousFL,
  title={Asynchronous adaptive federated learning for distributed load forecasting with smart meter data},
  author={Fekri, Mohammad Navid and Grolinger, Katarina and Mir, Syed},
  journal={Int. Journal of Electrical Power \& Energy Systems},
  volume={153},
  pages={109285},
  year={2023},
  publisher={Elsevier}
}

@article{ChalaDNN2020,
  title={A deep learning approach for anomaly detection and prediction in power consumption data},
  author={Chahla, Charbel and Snoussi, Hichem and Merghem, L and Esseghir, M},
  journal={Energy Efficiency},
  volume={13},
  number={8},
  pages={1633--1651},
  year={2020},
  publisher={Springer}
}

@article{DistributedLoad2022,
  title={Distributed load forecasting using smart meter data: Federated learning with Recurrent Neural Networks},
  author={Fekri, Mohammad Navid and Grolinger, Katarina and Mir, Syed},
  journal={Int. Journal of Electrical Power \& Energy Systems},
  volume={137},
  pages={107669},
  year={2022},
  publisher={Elsevier}
}

@article{Sater2020AFL,
  title={A federated learning approach to anomaly detection in smart buildings},
  author={Sater, Raed Abdel and Hamza, A Ben},
  journal={ACM Transactions on Internet of Things},
  volume={2},
  number={4},
  pages={1--23},
  year={2021},
  publisher={ACM New York, NY, USA}
}

@article{achiam2023gpt,
  title={Gpt-4 technical report},
  author={Achiam, Josh and Adler, Steven and Agarwal, Sandhini and Ahmad, Lama and Akkaya, Ilge and Aleman, Florencia Leoni and Almeida, Diogo and Altenschmidt, Janko and Altman, Sam and Anadkat, Shyamal and others},
  journal={arXiv preprint arXiv:2303.08774},
  year={2023}
}

@article{bondok2023novel,
  title={Novel evasion attacks against adversarial training defense for smart grid federated learning},
  author={Bondok, Atef H and Mahmoud, Mohamed and Badr, Mahmoud M and Fouda, Mostafa M and Abdallah, Mohamed and Alsabaan, Maazen},
  journal={IEEE Access},
  year={2023},
}

@inproceedings{fawaz2019adversarial,
  title={Adversarial attacks on deep neural networks for time series classification},
  author={Fawaz, Hassan Ismail and Forestier, Germain and Weber, Jonathan and Idoumghar, Lhassane and Muller, Pierre-Alain},
  booktitle={Int. Joint Conf. on Neural Networks},
  pages={1--8},
  year={2019},
  organization={IEEE}
}

@inproceedings{goodfellow2014explaining,
  title={Explaining and harnessing adversarial examples},
  author={Goodfellow, Ian J and Shlens, Jonathon and Szegedy, Christian},
  booktitle={Int. Conf. on Learning Representations},
  year={2015}
}

@article{jithish2023distributed,
  title={Distributed anomaly detection in smart grids: a federated learning-based approach},
  author={Jithish, J and Alangot, Bithin and Mahalingam, Nagarajan and Yeo, Kiat Seng},
  journal={IEEE Access},
  volume={11},
  pages={7157--7179},
  year={2023},
}

@inproceedings{kurakin2017adversarial,
  title={Adversarial Examples in the Physical World},
  author={Kurakin, Alexey and Goodfellow, Ian and Bengio, Samy},
  booktitle={Int. Conf. on Learning Representations},
  year={2017}
}

@inproceedings{madry2017towards,
  title={Towards Deep Learning Models Resistant to Adversarial Attacks},
  author={Madry, Aleksander and Makelov, Aleksandar and Schmidt, Ludwig and Tsipras, Dimitris and Vladu, Adrian},
  booktitle={Int. Conf. on Learning Representations},
  year={2018}
}

@inproceedings{mode2020adversarial,
  title={Adversarial examples in deep learning for multivariate time series regression},
  author={Mode, Gautam Raj and Hoque, Khaza Anuarul},
  booktitle={IEEE Applied Imagery Pattern Recognition Workshop},
  pages={1--10},
  year={2020},
}

@article{nazir2023forecasting,
  title={Forecasting energy consumption demand of customers in smart grid using Temporal Fusion Transformer ({TFT})},
  author={Nazir, Amril and Shaikh, Abdul Khalique and Shah, Abdul Salam and Khalil, Ashraf},
  journal={Results in Engineering},
  volume={17},
  pages={100888},
  year={2023},
  publisher={Elsevier}
}

@article{somu2021deep,
  title={A deep learning framework for building energy consumption forecast},
  author={Somu, Nivethitha and MR, Gauthama Raman and Ramamritham, Krithi},
  journal={Renewable and Sustainable Energy Reviews},
  volume={137},
  pages={110591},
  year={2021},
  publisher={Elsevier}
}

@article{srCNN2021,
  title={Anomaly detection with machine learning algorithms and big data in electricity consumption},
  author={Oprea, Simona-Vasilica and B{\^a}ra, Adela and Puican, Florina Camelia and Radu, Ioan Cosmin},
  journal={Sustainability},
  volume={13},
  number={19},
  pages={10963},
  year={2021},
  publisher={MDPI}
}

@article{zhang2021power,
  title={Power consumption predicting and anomaly detection based on transformer and K-means},
  author={Zhang, Junfeng and Zhang, Hui and Ding, Song and Zhang, Xiaoxiong},
  journal={Frontiers in Energy Research},
  volume={9},
  pages={779587},
  year={2021},
  publisher={Frontiers Media SA}
}

