@IEEEtranBSTCTL{IEEEexample:BSTcontrol,
  CTLuse_forced_etal       = "yes",
  CTLmax_names_forced_etal = "3",
  CTLnames_show_etal       = "2" 
}

%gpt4 report
@article{achiam2023gpt,
  title={Gpt-4 technical report},
  author={Achiam, Josh and Adler, Steven and Agarwal, Sandhini and Ahmad, Lama and Akkaya, Ilge and Aleman, Florencia Leoni and Almeida, Diogo and Altenschmidt, Janko and Altman, Sam and Anadkat, Shyamal and others},
  journal={arXiv preprint arXiv:2303.08774},
  year={2023}
}

% Focal Loss
@inproceedings{lin2017focal,
  title={Focal loss for dense object detection},
  author={Lin, Tsung-Yi and Goyal, Priya and Girshick, Ross and He, Kaiming and Doll{\'a}r, Piotr},
  booktitle={IEEE Int. Conf. on Computer Vision},
  pages={2980--2988},
  year={2017}
}

@article{Robust-fed,
  title={Federated-learning-based anomaly detection for IoT security attacks},
  author={Mothukuri, Viraaji and Khare, Prachi and Parizi, Reza M and Pouriyeh, Seyedamin and Dehghantanha, Ali and Srivastava, Gautam},
  journal={IEEE Internet of Things Journal},
  volume={9},
  number={4},
  pages={2545--2554},
  year={2021},
}


@article{security-fed,
  title={Security and privacy-enhanced federated learning for anomaly detection in IoT infrastructures},
  author={Cui, Lei and Qu, Youyang and Xie, Gang and Zeng, Deze and Li, Ruidong and Shen, Shigen and Yu, Shui},
  journal={IEEE Transactions on Industrial Informatics},
  volume={18},
  number={5},
  pages={3492--3500},
  year={2021},
}

@inproceedings{goodfellow2014explaining,
  title={Explaining and harnessing adversarial examples},
  author={Goodfellow, Ian J and Shlens, Jonathon and Szegedy, Christian},
  booktitle={Int. Conf. on Learning Representations},
  year={2015}
}

@inproceedings{madry2017towards,
  title={Towards Deep Learning Models Resistant to Adversarial Attacks},
  author={Madry, Aleksander and Makelov, Aleksandar and Schmidt, Ludwig and Tsipras, Dimitris and Vladu, Adrian},
  booktitle={Int. Conf. on Learning Representations},
  year={2018}
}

@inproceedings{fawaz2019adversarial,
  title={Adversarial attacks on deep neural networks for time series classification},
  author={Fawaz, Hassan Ismail and Forestier, Germain and Weber, Jonathan and Idoumghar, Lhassane and Muller, Pierre-Alain},
  booktitle={Int. Joint Conf. on Neural Networks},
  pages={1--8},
  year={2019},
  organization={IEEE}
}

@inproceedings{mode2020adversarial,
  title={Adversarial examples in deep learning for multivariate time series regression},
  author={Mode, Gautam Raj and Hoque, Khaza Anuarul},
  booktitle={IEEE Applied Imagery Pattern Recognition Workshop},
  pages={1--10},
  year={2020},
}

@inproceedings{tolpegin2020data,
  title={Data poisoning attacks against federated learning systems},
  author={Tolpegin, Vale and Truex, Stacey and Gursoy, Mehmet Emre and Liu, Ling},
  booktitle={25th European Symposium on Research in Computer Security},
  pages={480--501},
  year={2020},
  organization={Springer}
}

@inproceedings{zhang2023delving,
  title={Delving into the adversarial robustness of federated learning},
  author={Zhang, Jie and Li, Bo and Chen, Chen and Lyu, Lingjuan and Wu, Shuang and Ding, Shouhong and Wu, Chao},
  booktitle={AAAI Conf. on Artif. Intelligence},
  pages={11245--11253},
  year={2023}
}

@inproceedings{mcmahan2017communication,
  title={Communication-efficient learning of deep networks from decentralized data},
  author={McMahan, Brendan and Moore, Eider and Ramage, Daniel and Hampson, Seth and y Arcas, Blaise Aguera},
  booktitle={Artificial intelligence and statistics},
  pages={1273--1282},
  year={2017},
  organization={PMLR}
}

@inproceedings{madry2018towards,
  title={Towards Deep Learning Models Resistant to Adversarial Attacks},
  author={Madry, Aleksander and Makelov, Aleksandar and Schmidt, Ludwig and Tsipras, Dimitris and Vladu, Adrian},
  booktitle={Int. Conf. on Learning Representations},
  year={2018}
}

@article{zhao2022detecting,
  title={Detecting and mitigating poisoning attacks in federated learning using generative adversarial networks},
  author={Zhao, Ying and Chen, Junjun and Zhang, Jiale and Wu, Di and Blumenstein, Michael and Yu, Shui},
  journal={Concurrency and Computation: Practice and Experience},
  volume={34},
  number={7},
  pages={e5906},
  year={2022},
  publisher={Wiley Online Library}
}

@article{bondok2023novel,
  title={Novel evasion attacks against adversarial training defense for smart grid federated learning},
  author={Bondok, Atef H and Mahmoud, Mohamed and Badr, Mahmoud M and Fouda, Mostafa M and Abdallah, Mohamed and Alsabaan, Maazen},
  journal={IEEE Access},
  year={2023},
}

@article{araya2017ensemble,
  title={An ensemble learning framework for anomaly detection in building energy consumption},
  author={Araya, Daniel B and Grolinger, Katarina and ElYamany, Hany F and Capretz, Miriam AM and Bitsuamlak, Girma},
  journal={Energy and Buildings},
  volume={144},
  pages={191--206},
  year={2017},
  publisher={Elsevier}
}

@inproceedings{2022Anomaly,
    author = {Turowski, Marian and Weber, Moritz and Neumann, Oliver and Heidrich, Benedikt and Phipps, Kaleb and \c{C}akmak, H\"{u}seyin K. and Mikut, Ralf and Hagenmeyer, Veit},
    title = {Modeling and generating synthetic anomalies for energy and power time series},
    year = {2022},
    isbn = {9781450393973},
    doi = {10.1145/3538637.3539760},
    pages = {471â€“484},
    series = {e-Energy '22}
}

@misc{UNEP2024,
    author       = "{UN}",
    title        = "{Global Status Report for Buildings and Construction}",
    year         = 2024,
    url          = "https://www.unep.org/resources/report/global-status-report-buildings-and-construction",
}

@inproceedings{goodfellow2015explaining,
  title={Explaining and Harnessing Adversarial Examples},
  author={Goodfellow, Ian J and Shlens, Jonathon and Szegedy, Christian},
  booktitle={Int. Conf. on Learning Representations},
  year={2015}
}

@inproceedings{madry2018towards,
  title={Towards Deep Learning Models Resistant to Adversarial Attacks},
  author={Madry, Aleksander and Makelov, Aleksandar and Schmidt, Ludwig and Tsipras, Dimitris and Vladu, Adrian},
  booktitle={Int. Conf. on Learning Representations},
  year={2018}
}

@inproceedings{kurakin2017adversarial,
  title={Adversarial Examples in the Physical World},
  author={Kurakin, Alexey and Goodfellow, Ian and Bengio, Samy},
  booktitle={Int. Conf. on Learning Representations},
  year={2017}
}

@article{sial2021detecting,
  title={Detecting anomalous energy consumption using contextual analysis of smart meter data},
  author={Sial, A. and Singh, A. and Mahanti, A.},
  journal={Wireless Networks},
  volume={27},
  number={7},
  pages={4275--4292},
  year={2021},
  publisher={Springer},
  doi={10.1007/s11276-019-02074-8}
}

@ARTICLE{outage2013,
  title={A survey on smart grid potential applications and communication requirements},
  author={Gungor, V Cagri and Sahin, Dilan and Kocak, Taskin and Ergut, Salih and Buccella, Concettina and Cecati, Carlo and Hancke, Gerhard P},
  journal={IEEE Transactions on Industrial Informatics},
  volume={9},
  number={1},
  pages={28--42},
  year={2012},
}

% Not used
@INPROCEEDINGS{blackboxtheft2020,
  author={Li, Jiangnan and Yang, Yingyuan and Sun, Jinyuan Stella},
  booktitle={IEEE Int. Conf. on Communications, Control, and Computing Technologies for Smart Grids}, 
  title={SearchFromFree: Adversarial Measurements for Machine Learning-based Energy Theft Detection}, 
  year={2020},
  pages={1-6},
}

@inproceedings{ma2023white,
  title={White-Box Adversarial Attacks on Deep Learning-Based Radio Frequency Fingerprint Identification},
  author={Ma, Jie and Zhang, Junqing and Shen, Guanxiong and Marshall, Alan and Chang, Chip-Hong},
  booktitle={nternational Conf. on Communications},
  pages={3714--3719},
  year={2023},
  organization={IEEE}
}

@article{DistributedLoad2022,
  title={Distributed load forecasting using smart meter data: Federated learning with Recurrent Neural Networks},
  author={Fekri, Mohammad Navid and Grolinger, Katarina and Mir, Syed},
  journal={Int. Journal of Electrical Power \& Energy Systems},
  volume={137},
  pages={107669},
  year={2022},
  publisher={Elsevier}
}

%==== Anomaly Detection  Citation ===========
@article{Nam2020AnAD,
  title={An Anomaly Detection Scheme based on {LSTM} Autoencoder for Energy Management},
  author={Hong-soon Nam and Youn-Kwae Jeong and Jong Won Park},
  journal={Int. Conf. on Information and Communication Technology Convergence},
  year={2020},
  pages={1445-1447},
  url={https://api.semanticscholar.org/CorpusID:229376522}
}

% NNs are universal approximators
@article{hornik1989multilayer,
  title={Multilayer feedforward networks are universal approximators},
  author={Hornik, Kurt and Stinchcombe, Maxwell and White, Halbert},
  journal={Neural networks},
  volume={2},
  number={5},
  pages={359--366},
  year={1989},
  publisher={Elsevier}
}

@article{AnomalyDNN,
  title={A novel approach for detecting anomalous energy consumption based on micro-moments and deep neural networks},
  author={Himeur, Yassine and Alsalemi, Abdullah and Bensaali, Faycal and Amira, Abbes},
  journal={Cognitive Computation},
  volume={12},
  number={6},
  pages={1381--1401},
  year={2020},
  publisher={Springer}
}

@article{ChalaDNN2020,
  title={A deep learning approach for anomaly detection and prediction in power consumption data},
  author={Chahla, Charbel and Snoussi, Hichem and Merghem, L and Esseghir, M},
  journal={Energy Efficiency},
  volume={13},
  number={8},
  pages={1633--1651},
  year={2020},
  publisher={Springer}
}

@article{somu2021deep,
  title={A deep learning framework for building energy consumption forecast},
  author={Somu, Nivethitha and MR, Gauthama Raman and Ramamritham, Krithi},
  journal={Renewable and Sustainable Energy Reviews},
  volume={137},
  pages={110591},
  year={2021},
  publisher={Elsevier}
}

@article{srCNN2021,
  title={Anomaly detection with machine learning algorithms and big data in electricity consumption},
  author={Oprea, Simona-Vasilica and B{\^a}ra, Adela and Puican, Florina Camelia and Radu, Ioan Cosmin},
  journal={Sustainability},
  volume={13},
  number={19},
  pages={10963},
  year={2021},
  publisher={MDPI}
}


%============= Fed citations =====================
@article{AsynchronousFL,
  title={Asynchronous adaptive federated learning for distributed load forecasting with smart meter data},
  author={Fekri, Mohammad Navid and Grolinger, Katarina and Mir, Syed},
  journal={Int. Journal of Electrical Power \& Energy Systems},
  volume={153},
  pages={109285},
  year={2023},
  publisher={Elsevier}
}

@article{WANGAdaptiveFL2023,
  title={An adaptive federated learning system for community building energy load forecasting and anomaly prediction},
  author={Wang, Rui and Yun, Hongguang and Rayhana, Rakiba and Bin, Junchi and Zhang, Chengkai and Herrera, Omar E and Liu, Zheng and M{\'e}rida, Walter},
  journal={Energy and Buildings},
  volume={295},
  pages={113215},
  year={2023},
  publisher={Elsevier}
}

@article{Sater2020AFL,
  title={A federated learning approach to anomaly detection in smart buildings},
  author={Sater, Raed Abdel and Hamza, A Ben},
  journal={ACM Transactions on Internet of Things},
  volume={2},
  number={4},
  pages={1--23},
  year={2021},
  publisher={ACM New York, NY, USA}
}

@article{AnomalyChandola,
  title={Anomaly detection: A survey},
  author={Chandola, Varun and Banerjee, Arindam and Kumar, Vipin},
  journal={ACM computing surveys},
  volume={41},
  number={3},
  pages={1--58},
  year={2009},
  publisher={ACM New York, NY, USA}
}

@article{kairouz2021advances,
  title={Advances and open problems in federated learning},
  author={Kairouz, Peter and McMahan, H Brendan and Avent, Brendan and Bellet, Aur{\'e}lien and Bennis, Mehdi and Bhagoji, Arjun Nitin and Bonawitz, Kallista and Charles, Zachary and Cormode, Graham and Cummings, Rachel and others},
  journal={Foundations and trends in machine learning},
  volume={14},
  number={1--2},
  pages={1--210},
  year={2021},
  publisher={Now Publishers, Inc.}
}


@ARTICLE{Bouacida2021,
  title={Vulnerabilities in federated learning},
  author={Bouacida, Nader and Mohapatra, Prasant},
  journal={IEEE Access},
  volume={9},
  pages={63229--63249},
  year={2021},
}

@inproceedings{chen2022gear,
  title={Gear: a margin-based federated adversarial training approach},
  author={Chen, Chen and Zhang, Jie and Lyu, Lingjuan},
  booktitle={Int. Workshop on Trustable, Verifiable, and Auditable Federated Learning in AAAI},
  year={2022}
}

@INPROCEEDINGS{soni2016,
  title={Electrical and operational anomaly detection in energy intensive manufacturing industries},
  author={Soni, Nimish and Gopalan, Venkoparao Vijendran and Varadharajan, R},
  booktitle={IEEE Annual India Conf.},
  pages={1--6},
  year={2016},
}

@misc{UNEP2024Net,
  author       = {{UN}},
  title        = {Net Zero Coalition},
  year         = 2024,
  url          = {https://www.un.org/en/climatechange/net-zero-coalition},
}

@article{yip2018anomaly,
  title={An anomaly detection framework for identifying energy theft and defective meters in smart grids},
  author={Yip, Sook-Chin and Tan, Wooi-Nee and Tan, ChiaKwang and Gan, Ming-Tao and Wong, KokSheik},
  journal={Int. Journal of Electrical Power \& Energy Systems},
  volume={101},
  pages={189--203},
  year={2018},
  publisher={Elsevier}
}

@article{jithish2023distributed,
  title={Distributed anomaly detection in smart grids: a federated learning-based approach},
  author={Jithish, J and Alangot, Bithin and Mahalingam, Nagarajan and Yeo, Kiat Seng},
  journal={IEEE Access},
  volume={11},
  pages={7157--7179},
  year={2023},
}

@article{TRUONG2021102402,
  title={Privacy preservation in federated learning: An insightful survey from the GDPR perspective},
  author={Truong, Nguyen and Sun, Kai and Wang, Siyao and Guitton, Florian and Guo, YiKe},
  journal={Computers \& Security},
  volume={110},
  pages={102402},
  year={2021},
  publisher={Elsevier}
}

@article{pan2022high,
  title={High-dimensional energy consumption anomaly detection: A deep learning-based method for detecting anomalies},
  author={Pan, Haipeng and Yin, Zhongqian and Jiang, Xianzhi},
  journal={Energies},
  volume={15},
  number={17},
  pages={6139},
  year={2022},
  publisher={MDPI}
}

@article{elmasry2022enhanced,
  title={Enhanced Anomaly-Based Fault Detection System in Electrical Power Grids},
  author={Elmasry, Wisam and Wadi, Mohammed},
  journal={Int. Transactions on Electrical Energy Systems},
  volume={2022},
  number={1},
  pages={1870136},
  year={2022},
  publisher={Wiley Online Library}
}

@article{nazir2023forecasting,
  title={Forecasting energy consumption demand of customers in smart grid using Temporal Fusion Transformer ({TFT})},
  author={Nazir, Amril and Shaikh, Abdul Khalique and Shah, Abdul Salam and Khalil, Ashraf},
  journal={Results in Engineering},
  volume={17},
  pages={100888},
  year={2023},
  publisher={Elsevier}
}

@article{huang2023forecasting,
  title={Forecasting energy consumption of a public building using transformer and support vector regression},
  author={Huang, Junhui and Kaewunruen, Sakdirat},
  journal={Energies},
  volume={16},
  number={2},
  pages={966},
  year={2023},
  publisher={MDPI}
}

@article{zhang2021power,
  title={Power consumption predicting and anomaly detection based on transformer and K-means},
  author={Zhang, Junfeng and Zhang, Hui and Ding, Song and Zhang, Xiaoxiong},
  journal={Frontiers in Energy Research},
  volume={9},
  pages={779587},
  year={2021},
  publisher={Frontiers Media SA}
}

@article{l2022transformer,
  title={Transformer-based model for electrical load forecasting},
  author={Lâ€™Heureux, Alexandra and Grolinger, Katarina and Capretz, Miriam AM},
  journal={Energies},
  volume={15},
  number={14},
  year={2022}
}

@inproceedings{bhagoji2019analyzing,
  title={Analyzing federated learning through an adversarial lens},
  author={Bhagoji, Arjun Nitin and Chakraborty, Supriyo and Mittal, Prateek and Calo, Seraphin},
  booktitle={Int. Conf. on Machine Learning},
  pages={634--643},
  year={2019},
  organization={PMLR}
}

@inproceedings{boenisch2023curious,
  title={When the curious abandon honesty: Federated learning is not private},
  author={Boenisch, Franziska and Dziedzic, Adam and Schuster, Roei and Shamsabadi, Ali Shahin and Shumailov, Ilia and Papernot, Nicolas},
  booktitle={IEEE 8th European Symposium on Security and Privacy},
  pages={175--199},
  year={2023}
}

@article{fowl2021robbing,
  title={Robbing the fed: Directly obtaining private data in federated learning with modified models},
  author={Fowl, Liam and Geiping, Jonas and Czaja, Wojtek and Goldblum, Micah and Goldstein, Tom},
  journal={arXiv preprint arXiv:2110.13057},
  year={2021}
}

@article{wang2020lstm,
  title={{LSTM} based long-term energy consumption prediction with periodicity},
  author={Wang, Jian Qi and Du, Yu and Wang, Jing},
  journal={Energy},
  volume={197},
  pages={117197},
  year={2020},
  publisher={Elsevier}
}

@article{shen2023privacy,
  title={Privacy-preserving federated learning against label-flipping attacks on non-iid data},
  author={Shen, Xicong and Liu, Ying and Li, Fu and Li, Chunguang},
  journal={IEEE Internet of Things Journal},
  volume={11},
  number={1},
  pages={1241--1255},
  year={2023},
}

@article{vaswani2017attention,
  title={Attention is all you need},
  author={Vaswani, A},
  journal={Advances in Neural Information Processing Systems},
  year={2017}
}

@article{hochreiter1997long,
  title={Long Short-term Memory},
  author={Hochreiter, S},
  journal={Neural Computation MIT-Press},
  year={1997}
}