@article{ref1,
  title={Diversification-driven tabu search for unconstrained binary quadratic problems},
  author={Glover, Fred and L{\"u}, Zhipeng and Hao, Jin-Kao},
  journal={4OR},
  volume={8},
  pages={239--253},
  year={2010},
  publisher={Springer}
}

@article{ref10,
  title={Solving touristic trip planning problem by using taboo search approach},
  author={Sylejmani, Kadri and Dika, Agni},
  journal={International Journal of Computer Science Issues (IJCSI)},
  volume={8},
  number={5},
  pages={139},
  year={2011},
  publisher={Citeseer}
}

@article{ref2,
  title={Partitioning optimization problems for hybrid classical},
  author={Booth, Michael and Reinhardt, Steven P and Roy, Aidan},
  journal={quantum execution. Technical Report},
  pages={01--09},
  year={2017}
}

@article{ref28,
  title={Building an iterative heuristic solver for a quantum annealer},
  author={Rosenberg, Gili and Vazifeh, Mohammad and Woods, Brad and Haber, Eldad},
  journal={Computational Optimization and Applications},
  volume={65},
  pages={845--869},
  year={2016},
  publisher={Springer}
}

@article{ref29,
  title={The variational quantum eigensolver: a review of methods and best practices},
  author={Tilly, Jules and Chen, Hongxiang and Cao, Shuxiang and Picozzi, Dario and Setia, Kanav and Li, Ying and Grant, Edward and Wossnig, Leonard and Rungger, Ivan and Booth, George H and others},
  journal={Physics Reports},
  volume={986},
  pages={1--128},
  year={2022},
  publisher={Elsevier}
}

@article{ref3,
  title={Trip Planning Based on subQUBO Annealing},
  author={Noguchi, Tatsuya and Fukada, Keisuke and Bao, Siya and Togawa, Nozomu},
  journal={IEEE Access},
  year={2023},
  publisher={IEEE}
}

@article{ref4,
  title={Hybrid annealing method based on subQUBO model extraction with multiple solution instances},
  author={Atobe, Yuta and Tawada, Masashi and Togawa, Nozomu},
  journal={IEEE Transactions on Computers},
  volume={71},
  number={10},
  pages={2606--2619},
  year={2021},
  publisher={IEEE}
}

@article{ref5,
  title={Multi-objective trip planning based on ant colony optimization utilizing trip records},
  author={Saeki, Etsushi and Bao, Siya and Takayama, Toshinori and Togawa, Nozomu},
  journal={IEEE Access},
  volume={10},
  pages={127825--127844},
  year={2022},
  publisher={IEEE}
}

