@article{ref1,
  title={Diversification-driven tabu search for unconstrained binary quadratic problems},
  author={Glover, Fred and L{\"u}, Zhipeng and Hao, Jin-Kao},
  journal={4OR},
  volume={8},
  pages={239--253},
  year={2010},
  publisher={Springer}
}

@article{ref2,
  title={Partitioning optimization problems for hybrid classical},
  author={Booth, Michael and Reinhardt, Steven P and Roy, Aidan},
  journal={quantum execution. Technical Report},
  pages={01--09},
  year={2017}
}

@article{ref3,
  title={Trip Planning Based on subQUBO Annealing},
  author={Noguchi, Tatsuya and Fukada, Keisuke and Bao, Siya and Togawa, Nozomu},
  journal={IEEE Access},
  year={2023},
  publisher={IEEE}
}

@article{ref4,
  title={Hybrid annealing method based on subQUBO model extraction with multiple solution instances},
  author={Atobe, Yuta and Tawada, Masashi and Togawa, Nozomu},
  journal={IEEE Transactions on Computers},
  volume={71},
  number={10},
  pages={2606--2619},
  year={2021},
  publisher={IEEE}
}

@article{ref5,
  title={Multi-objective trip planning based on ant colony optimization utilizing trip records},
  author={Saeki, Etsushi and Bao, Siya and Takayama, Toshinori and Togawa, Nozomu},
  journal={IEEE Access},
  volume={10},
  pages={127825--127844},
  year={2022},
  publisher={IEEE}
}

@inproceedings{ref6,
  title={Multi-day travel planning using ising machines for real-world applications},
  author={Bao, Siya and Tawada, Masashi and Tanaka, Shu and Togawa, Nozomu},
  booktitle={2021 IEEE International Intelligent Transportation Systems Conference (ITSC)},
  pages={3704--3709},
  year={2021},
  organization={IEEE}
}

@misc{ref7,
  title={OR-Library: Unconstrained binary quadratic programming},
  author={Beasley, JE},
  year={2000}
}


@article{ref8,
  title={Analysis and acceleration of the quadratic knapsack problem on an ising machine},
  author={Parizy, Matthieu and Togawa, Nozomu},
  journal={IEICE Transactions on Fundamentals of Electronics, Communications and Computer Sciences},
  volume={104},
  number={11},
  pages={1526--1535},
  year={2021},
  publisher={The Institute of Electronics, Information and Communication Engineers}
}

@article{ref9,
  title={Solving constrained slot placement problems using an Ising machine and its evaluations},
  author={Kanamaru, Sho and Kawamura, Kazushi and Tanaka, Shu and Tomita, Yoshinori and Togawa, Nozomu},
  journal={IEICE TRANSACTIONS on Information and Systems},
  volume={104},
  number={2},
  pages={226--236},
  year={2021},
  publisher={The Institute of Electronics, Information and Communication Engineers}
}

@article{ref10,
  title={Solving touristic trip planning problem by using taboo search approach},
  author={Sylejmani, Kadri and Dika, Agni},
  journal={International Journal of Computer Science Issues (IJCSI)},
  volume={8},
  number={5},
  pages={139},
  year={2011},
  publisher={Citeseer}
}

@article{ref11,
  title={Ising machines as hardware solvers of combinatorial optimization problems},
  author={Mohseni, Naeimeh and McMahon, Peter L and Byrnes, Tim},
  journal={Nature Reviews Physics},
  volume={4},
  number={6},
  pages={363--379},
  year={2022},
  publisher={Nature Publishing Group UK London}
}

@article{ref12,
  title={Solving combinatorial optimisation problems using oscillator based Ising machines},
  author={Wang, Tianshi and Wu, Leon and Nobel, Parth and Roychowdhury, Jaijeet},
  journal={Natural Computing},
  volume={20},
  number={2},
  pages={287--306},
  year={2021},
  publisher={Springer}
}

@article{ref13,
  title={Guiding principle for minor-embedding in simulated-annealing-based Ising machines},
  author={Shirai, Tatsuhiko and Tanaka, Shu and Togawa, Nozomu},
  journal={IEEE Access},
  volume={8},
  pages={210490--210502},
  year={2020},
  publisher={IEEE}
}

@article{ref14,
  title={A coherent Ising machine for 2000-node optimization problems},
  author={Inagaki, Takahiro and Haribara, Yoshitaka and Igarashi, Koji and Sonobe, Tomohiro and Tamate, Shuhei and Honjo, Toshimori and Marandi, Alireza and McMahon, Peter L and Umeki, Takeshi and Enbutsu, Koji and others},
  journal={Science},
  volume={354},
  number={6312},
  pages={603--606},
  year={2016},
  publisher={American Association for the Advancement of Science}
}

@inproceedings{ref15,
  title={15.6 e-Chimera: A Scalable SRAM-Based Ising Macro with Enhanced-Chimera Topology for Solving Combinatorial Optimization Problems Within Memory},
  author={Bae, Jooyoung and Shim, Chaeyun and Kim, Bongjin},
  booktitle={2024 IEEE International Solid-State Circuits Conference (ISSCC)},
  volume={67},
  pages={286--288},
  year={2024},
  organization={IEEE}
}

@inproceedings{ref16,
  title={30.5 A Variation-Tolerant In-eDRAM Continuous-Time Ising Machine Featuring 15-Level Coefficients and Leaked Negative-Feedback Annealing},
  author={Song, Jiahao and Wu, Zihan and Tang, Xiyuan and Xu, Bocheng and Luo, Haoyang and Yang, Youming and Wang, Yuan and Wang, Runsheng and Huang, Ru},
  booktitle={2024 IEEE International Solid-State Circuits Conference (ISSCC)},
  volume={67},
  pages={490--492},
  year={2024},
  organization={IEEE}
}

@article{ref17,
  title={FlexSpin: A CMOS Ising Machine With 256 Flexible Spin Processing Elements With 8-b Coefficients for Solving Combinatorial Optimization Problems},
  author={Su, Yuqi and Kim, Tony Tae-Hyoung and Kim, Bongjin},
  journal={IEEE Journal of Solid-State Circuits},
  year={2024},
  publisher={IEEE}
}

@article{ref18,
  title={Mean-field coherent Ising machines with artificial Zeeman terms},
  author={Mastiyage Don, Sudeera Hasaranga Gunathilaka and Inui, Yoshitaka and Kako, Satoshi and Yamamoto, Yoshihisa and Aonishi, Toru},
  journal={Journal of Applied Physics},
  volume={134},
  number={23},
  year={2023},
  publisher={AIP Publishing}
}

@article{ref19,
  title={Conditions for dual-pumped optical parametric oscillation in Kerr microresonators},
  author={He, Menglong and Jamshidi, Kambiz},
  journal={Physical Review Applied},
  volume={20},
  number={5},
  pages={054036},
  year={2023},
  publisher={APS}
}

@inproceedings{ref20,
  title={Neural Deep Operator Networks representation of Coherent Ising Machine Dynamics},
  author={Taassob, Arsalan and Venturelli, Davide and Lott, Paul Aaron},
  booktitle={Machine Learning with New Compute Paradigms},
  year={2023}
}

@article{ref21,
  title={Annealing for prediction of grand canonical crystal structures: Implementation of n-body atomic interactions},
  author={Couzini{\'e}, Yannick and Nishiya, Yusuke and Nishi, Hirofumi and Kosugi, Taichi and Nishimori, Hidetoshi and Matsushita, Yu-ichiro},
  journal={Physical Review A},
  volume={109},
  number={3},
  pages={032416},
  year={2024},
  publisher={APS}
}

@article{ref22,
  title={Iterated tabu search for the maximum diversity problem},
  author={Palubeckis, Gintaras},
  journal={Applied Mathematics and Computation},
  volume={189},
  number={1},
  pages={371--383},
  year={2007},
  publisher={Elsevier}
}

@article{ref23,
  title={Mapping NP-hard and NP-complete optimisation problems to quadratic unconstrained binary optimisation problems},
  author={Lodewijks, Bas},
  journal={arXiv preprint arXiv:1911.08043},
  year={2019}
}

@inproceedings{ref24,
  title={Simulation of implementable quantum-assisted genetic algorithm},
  author={Supasil, Jirayu and Pathumsoot, Poramet and Suwanna, Sujin},
  booktitle={Journal of Physics: Conference Series},
  volume={1719},
  number={1},
  pages={012102},
  year={2021},
  organization={IOP Publishing}
}

@article{ref25,
  title={Josephson parametric oscillator based Ising machine},
  author={Razmkhah, Sasan and Kamal, Mehdi and Yoshikawa, Nobuyuki and Pedram, Massoud},
  journal={Physical Review B},
  volume={109},
  number={1},
  pages={014511},
  year={2024},
  publisher={APS}
}

@misc{ref26,
  author       = {{D-Wave Systems Inc.}},
  title        = {{Welcome to D-Wave}},
  howpublished = {{D-Wave System Documentation}},
  year         = {2024},
  url          = {https://docs.dwavesys.com/docs/latest/c_gs_1.html},
}

@misc{ref27,
  author       = {{D-Wave Systems Inc.}},
  title        = {{Qbsolv Documentation}},
  howpublished = {\url{https://docs.ocean.dwavesys.com/projects/qbsolv/en/latest}},
}

@article{ref28,
  title={Building an iterative heuristic solver for a quantum annealer},
  author={Rosenberg, Gili and Vazifeh, Mohammad and Woods, Brad and Haber, Eldad},
  journal={Computational Optimization and Applications},
  volume={65},
  pages={845--869},
  year={2016},
  publisher={Springer}
}

@article{ref29,
  title={The variational quantum eigensolver: a review of methods and best practices},
  author={Tilly, Jules and Chen, Hongxiang and Cao, Shuxiang and Picozzi, Dario and Setia, Kanav and Li, Ying and Grant, Edward and Wossnig, Leonard and Rungger, Ivan and Booth, George H and others},
  journal={Physics Reports},
  volume={986},
  pages={1--128},
  year={2022},
  publisher={Elsevier}
}

@article{ref30,
  title={Multistart tabu search strategies for the unconstrained binary quadratic optimization problem},
  author={Palubeckis, Gintaras},
  journal={Annals of Operations Research},
  volume={131},
  pages={259--282},
  year={2004},
  publisher={Springer}
}

@article{ref31,
  title={Massively parallel probabilistic computing with sparse Ising machines},
  author={Aadit, Navid Anjum and Grimaldi, Andrea and Carpentieri, Mario and Theogarajan, Luke and Martinis, John M and Finocchio, Giovanni and Camsari, Kerem Y},
  journal={Nature Electronics},
  volume={5},
  number={7},
  pages={460--468},
  year={2022},
  publisher={Nature Publishing Group}
}

@article{ref32,
  title={Ferroelectric compute-in-memory annealer for combinatorial optimization problems},
  author={Yin, Xunzhao and Qian, Yu and Vardar, Alptekin and G{\"u}nther, Marcel and M{\"u}ller, Franz and Laleni, Nellie and Zhao, Zijian and Jiang, Zhouhang and Shi, Zhiguo and Shi, Yiyu and others},
  journal={Nature Communications},
  volume={15},
  number={1},
  pages={2419},
  year={2024},
  publisher={Nature Publishing Group UK London}
}

@article{ref33,
  title={Efficient combinatorial optimization by quantum-inspired parallel annealing in analogue memristor crossbar},
  author={Jiang, Mingrui and Shan, Keyi and He, Chengping and Li, Can},
  journal={Nature Communications},
  volume={14},
  number={1},
  pages={5927},
  year={2023},
  publisher={Nature Publishing Group UK London}
}