@inproceedings{opv2v,
author = {Xu, Runsheng and Xiang, Hao and Xia, Xin and Han, Xu and Li, Jinlong and Ma, Jiaqi},
title = {OPV2V: An Open Benchmark Dataset and Fusion Pipeline for Perception with Vehicle-to-Vehicle Communication},
year = {2022},
booktitle = {2022 International Conference on Robotics and Automation (ICRA)},
pages = {2583--2589},
}
@INPROCEEDINGS{9294660,
  author={Zhang, Ethan and Masoud, Neda},
  booktitle={2020 IEEE 23rd International Conference on Intelligent Transportation Systems (ITSC)}, 
  title={V2XSim: A V2X Simulator for Connected and Automated Vehicle Environment Simulation}, 
  year={2020},
  pages={1--6}}
@inproceedings{10.1007/978-3-031-19842-7_7,
author = {Xu, Runsheng and Xiang, Hao and Tu, Zhengzhong and Xia, Xin and Yang, Ming-Hsuan and Ma, Jiaqi},
title = {V2X-ViT: Vehicle-to-Everything Cooperative Perception with Vision Transformer},
year = {2022},
booktitle = {Computer Vision – ECCV 2022: 17th European Conference, Tel Aviv, Israel, October 23–27, 2022, Proceedings, Part XXXIX},
pages = {107--124},
}
@inproceedings{Where2comm:22,
author={Hu, Yue and Fang, Shaoheng and Lei, Zixing and Zhong, Yiqi and Chen, Siheng},
  title={Where2comm: Communication-Efficient Collaborative Perception via Spatial Confidence Maps},
  booktitle={Thirty-sixth Conference on Neural Information Processing Systems (Neurips 2022)},
  volume={35},
  pages={4874--4886},
  year={2022}
}
@inproceedings{10.1007/978-3-030-58536-5_36,
author = {Wang, Tsun-Hsuan and Manivasagam, Sivabalan and Liang, Ming and Yang, Bin and Zeng, Wenyuan and Urtasun, Raquel},
title = {V2VNet: Vehicle-to-Vehicle Communication for Joint Perception and Prediction},
year = {2020},
booktitle = {Computer Vision – ECCV 2020: 16th European Conference, Glasgow, UK, August 23–28, 2020, Proceedings, Part II},
pages = {605--621},
}
@inproceedings{NEURIPS2021_f702defb,
 author = {Li, Yiming and Ren, Shunli and Wu, Pengxiang and Chen, Siheng and Feng, Chen and Zhang, Wenjun},
 booktitle = {Thirty-fifth Conference on Neural Information Processing Systems (NeurIPS 2021)},
 pages = {29541--29552},
 title = {Learning Distilled Collaboration Graph for Multi-Agent Perception},
 volume = {34},
 year = {2021}
}
@INPROCEEDINGS{9879243,
  author={Yu, Haibao and Luo, Yizhen and Shu, Mao and Huo, Yiyi and Yang, Zebang and Shi, Yifeng and Guo, Zhenglong and Li, Hanyu and Hu, Xing and Yuan, Jirui and Nie, Zaiqing},
  booktitle={2022 IEEE/CVF Conference on Computer Vision and Pattern Recognition (CVPR)}, 
  title={DAIR-V2X: A Large-Scale Dataset for Vehicle-Infrastructure Cooperative 3D Object Detection}, 
  year={2022},
  pages={21329--21338}}
@INPROCEEDINGS{8885377,
  author={Chen, Qi and Tang, Sihai and Yang, Qing and Fu, Song},
  booktitle={2019 IEEE 39th International Conference on Distributed Computing Systems (ICDCS)}, 
  title={Cooper: Cooperative Perception for Connected Autonomous Vehicles Based on 3D Point Clouds}, 
  year={2019},
  pages={514--524},}
@INPROCEEDINGS{9304695,
  author={Hurl, Braden and Cohen, Robin and Czarnecki, Krzysztof and Waslander, Steven},
  booktitle={2020 IEEE Intelligent Vehicles Symposium (IV)}, 
  title={TruPercept: Trust Modelling for Autonomous Vehicle Cooperative Perception from Synthetic Data}, 
  year={2020},
  pages={341-347}}
@INPROCEEDINGS{9197364,
  author={Liu, Yen-Cheng and Tian, Junjiao and Ma, Chih-Yao and Glaser, Nathan and Kuo, Chia-Wen and Kira, Zsolt},
  booktitle={2020 IEEE International Conference on Robotics and Automation (ICRA)}, 
  title={Who2com: Collaborative Perception via Learnable Handshake Communication}, 
  year={2020},
  pages={6876--6883}}
@InProceedings{Liu_2020_CVPR,
author = {Liu, Yen-Cheng and Tian, Junjiao and Glaser, Nathaniel and Kira, Zsolt},
title = {When2com: Multi-Agent Perception via Communication Graph Grouping},
booktitle = {Proceedings of the IEEE/CVF Conference on Computer Vision and Pattern Recognition (CVPR)},
month = {June},
year = {2020},
pages={4106--4115}
}

@InProceedings{pmlr-v205-xu23a,
  title = 	 {CoBEVT: Cooperative Bird’s Eye View Semantic Segmentation with Sparse Transformers},
  author =       {Xu, Runsheng and Tu, Zhengzhong and Xiang, Hao and Shao, Wei and Zhou, Bolei and Ma, Jiaqi},
  booktitle = 	 {Proceedings of The 6th Conference on Robot Learning},
  pages = 	 {989--1000},
  year = 	 {2023},

  volume = 	 {205},  
}
@INPROCEEDINGS{8099499,
  author={Charles, R. Qi and Su, Hao and Kaichun, Mo and Guibas, Leonidas J.},
  booktitle={2017 IEEE Conference on Computer Vision and Pattern Recognition (CVPR)}, 
  title={PointNet: Deep Learning on Point Sets for 3D Classification and Segmentation}, 
  year={2017},
  pages={77--85}}
@inproceedings{10.5555/3295222.3295263,
author = {Qi, Charles R. and Yi, Li and Su, Hao and Guibas, Leonidas J.},
title = {PointNet++: Deep Hierarchical Feature Learning on Point Sets in a Metric Space},
year = {2017},
booktitle = {Proceedings of the 31st International Conference on Neural Information Processing Systems},
pages = {5105--5114},
}
@INPROCEEDINGS{8954080,
  author={Shi, Shaoshuai and Wang, Xiaogang and Li, Hongsheng},
  booktitle={2019 IEEE/CVF Conference on Computer Vision and Pattern Recognition (CVPR)}, 
  title={PointRCNN: 3D Object Proposal Generation and Detection From Point Cloud}, 
  year={2019},
  pages={770--779}}
@InProceedings{Zhou_2018_CVPR,
author = {Zhou, Yin and Tuzel, Oncel},
title = {VoxelNet: End-to-End Learning for Point Cloud Based 3D Object Detection},
booktitle = {Proceedings of the IEEE Conference on Computer Vision and Pattern Recognition (CVPR)},
pages={4490--4499},
year = {2018}}
@INPROCEEDINGS{9710835,
  author={Mao, Jiageng and Xue, Yujing and Niu, Minzhe and Bai, Haoyue and Feng, Jiashi and Liang, Xiaodan and Xu, Hang and Xu, Chunjing},
  booktitle={2021 IEEE/CVF International Conference on Computer Vision (ICCV)}, 
  title={Voxel Transformer for 3D Object Detection}, 
  year={2021},
  pages={3144--3153}}
@INPROCEEDINGS{8954311,
  author={Lang, Alex H. and Vora, Sourabh and Caesar, Holger and Zhou, Lubing and Yang, Jiong and Beijbom, Oscar},
  booktitle={2019 IEEE/CVF Conference on Computer Vision and Pattern Recognition (CVPR)}, 
  title={PointPillars: Fast Encoders for Object Detection From Point Clouds}, 
  year={2019},
  pages={12689--12697}}
@INPROCEEDINGS{9008777,
  author={Yang, Zetong and Sun, Yanan and Liu, Shu and Shen, Xiaoyong and Jia, Jiaya},
  booktitle={2019 IEEE/CVF International Conference on Computer Vision (ICCV)}, 
  title={STD: Sparse-to-Dense 3D Object Detector for Point Cloud}, 
  year={2019},
  pages={1951--1960}}

@InProceedings{pmlr-v164-wang22b,
  title = 	 {DETR3D: 3D Object Detection from Multi-view Images via 3D-to-2D Queries},
  author =       {Wang, Yue and Guizilini, Vitor Campagnolo and Zhang, Tianyuan and Wang, Yilun and Zhao, Hang and Solomon, Justin},
  booktitle = 	 {Proceedings of the 5th Conference on Robot Learning},
  pages = 	 {180--191},
  year = 	 {2022},
  volume = 	 {164}}
@inproceedings{10.1007/978-3-031-20077-9_1,
author = {Li, Zhiqi and Wang, Wenhai and Li, Hongyang and Xie, Enze and Sima, Chonghao and Lu, Tong and Qiao, Yu and Dai, Jifeng},
title = {BEVFormer: Learning Bird’s-Eye-View Representation from Multi-Camera Images via Spatiotemporal Transformers},
year = {2022},
booktitle = {Computer Vision – ECCV 2022: 17th European Conference, Tel Aviv, Israel, October 23–27, 2022, Proceedings, Part IX},
pages = {1--18}}
@ARTICLE{9726893,
  author={Lin, Chunmian and Tian, Daxin and Duan, Xuting and Zhou, Jianshan and Zhao, Dezong and Cao, Dongpu},
  journal={IEEE Transactions on Intelligent Transportation Systems}, 
  title={CL3D: Camera-LiDAR 3D Object Detection With Point Feature Enhancement and Point-Guided Fusion}, 
  year={2022},
  volume={23},
  number={10},
  pages={18040--18050}}
@inproceedings{10.1109/IROS45743.2020.9341791,
author = {Pang, Su and Morris, Daniel and Radha, Hayder},
title = {CLOCs: Camera-LiDAR Object Candidates Fusion for 3D Object Detection},
year = {2020},
booktitle = {2020 IEEE/RSJ International Conference on Intelligent Robots and Systems (IROS)},
pages = {10386--10393}}
@InProceedings{Vora_2020_CVPR,
author = {Vora, Sourabh and Lang, Alex H. and Helou, Bassam and Beijbom, Oscar},
title = {PointPainting: Sequential Fusion for 3D Object Detection},
booktitle = {Proceedings of the IEEE/CVF Conference on Computer Vision and Pattern Recognition (CVPR)},
month = {June},
pages = {4604--4612},
year = {2020}
}
@INPROCEEDINGS{10204403,
  author={Zhou, Zhizhuo and Tulsiani, Shubham},
  booktitle={2023 IEEE/CVF Conference on Computer Vision and Pattern Recognition (CVPR)}, 
  title={SparseFusion: Distilling View-Conditioned Diffusion for 3D Reconstruction}, 
  year={2023},
  pages={12588--12597}}
@INPROCEEDINGS{7780459,
  author={He, Kaiming and Zhang, Xiangyu and Ren, Shaoqing and Sun, Jian},
  booktitle={2016 IEEE Conference on Computer Vision and Pattern Recognition (CVPR)}, 
  title={Deep Residual Learning for Image Recognition}, 
  year={2016},
  pages={770--778}}
@inproceedings{he2016deep,
  title={Deep residual learning for image recognition},
  author={He, Kaiming and Zhang, Xiangyu and Ren, Shaoqing and Sun, Jian},
  booktitle={Proceedings of the IEEE conference on computer vision and pattern recognition},
  pages={770--778},
  year={2016}
}

@inproceedings{lu2023robust,
  title={Robust collaborative 3d object detection in presence of pose errors},
  author={Lu, Yifan and Li, Quanhao and Liu, Baoan and Dianati, Mehrdad and Feng, Chen and Chen, Siheng and Wang, Yanfeng},
  booktitle={2023 IEEE International Conference on Robotics and Automation (ICRA)},
  pages={4812--4818},
  year={2023}
}


@InProceedings{pmlr-v229-zhao23a,
  title = 	 {BM2CP: Efficient Collaborative Perception with LiDAR-Camera Modalities},
  author =       {Zhao, Binyu and ZHANG, Wei and Zou, Zhaonian},
  booktitle = 	 {Proceedings of The 7th Conference on Robot Learning},
  pages = 	 {1022--1035},
  year = 	 {2023},
  volume = 	 {229},
  publisher =    {PMLR}, 
}
@article{DBLP,
  author       = {Xingyi Zhou and
                  Dequan Wang and
                  Philipp Kr{\"{a}}henb{\"{u}}hl},
  title        = {Objects as Points},
  journal      = {CoRR},
  volume       = {abs/1904.07850},
  year         = {2019},

}