
%%%%%%%%%%%%%%%%%%% SIAM COMP and JACM %%%%%%%%%%%%%%%%%%%%%%%%%%%
@article{SIAMCOMP:GoyKopWat20,
  author       = {Rishab Goyal and
                  Venkata Koppula and
                  Brent Waters},
  title        = {Collusion Resistant Traitor Tracing from Learning with Errors},
  journal      = {{SIAM} J. Comput.},
  volume       = {49},
  number       = {5},
  year         = {2020},
  url          = {https://doi.org/10.1137/18M1197825},
  doi          = {10.1137/18M1197825},
}

@article{JACM:GolGolMic86,
  author    = {Oded Goldreich and
               Shafi Goldwasser and
               Silvio Micali},
  title     = {How to construct random functions},
  journal   = jacm,
  volume    = {33},
  number    = {4},
  pages     = {792--807},
  year      = {1986},
  doi       = {10.1145/6490.6503},
}


@article{JACM:Shamir92,
  author    = {Adi Shamir},
  title     = {{IP} = {PSPACE}},
  journal   = jacm,
  volume    = {39},
  number    = {4},
  pages     = {869--877},
  year      = {1992},
  doi       = {10.1145/146585.146609},
}

@article{JACM:NaoRei04,
  author    = {Moni Naor and
               Omer Reingold},
  title     = {Number-theoretic constructions of efficient pseudo-random functions},
  journal   = jacm,
  volume    = {51},
  number    = {2},
  pages     = {231--262},
  year      = {2004},
  doi       = {10.1145/972639.972643},
}


@article{JACM:CanGolHal04,
  author    = {Ran Canetti and
               Oded Goldreich and
               Shai Halevi},
  title     = {The random oracle methodology, revisited},
  journal   = {J. {ACM}},
  volume    = {51},
  number    = {4},
  pages     = {557--594},
  year      = {2004},
  doi       = {10.1145/1008731.1008734},
}

@article{JACM:Regev09,
  author    = {Oded Regev},
  title     = {On lattices, learning with errors, random linear codes, and cryptography},
  journal   = jacm,
  volume    = {56},
  number    = {6},
  pages     = {34:1--34:40},
  year      = {2009},
}


@Article{JACM:BGIRSVY12,
  author    = {Boaz Barak and
               Oded Goldreich and
               Russell Impagliazzo and
               Steven Rudich and
               Amit Sahai and
               Salil P. Vadhan and
               Ke Yang},
  title     = {On the (im)possibility of obfuscating programs},
  journal   = jacm,
  volume    = {59},
  number    = {2},
  pages     = {6:1--6:48},
  year      = {2012},
}

@article{JACM:GroOstSah12,
  author    = {Jens Groth and
               Rafail Ostrovsky and
               Amit Sahai},
  title     = {New Techniques for Noninteractive Zero-Knowledge},
  journal   = jacm,
  volume    = {59},
  number    = {3},
  pages     = {11:1--11:35},
  year      = {2012},
  doi       = {10.1145/2220357.2220358},
}



@article{JACM:GorVaiWee15,
  author    = {Sergey Gorbunov and
               Vinod Vaikuntanathan and
               Hoeteck Wee},
  title     = {Attribute-Based Encryption for Circuits},
  journal   = jacm,
  volume    = {62},
  number    = {6},
  pages     = {45:1--45:33},
  year      = {2015},
  doi       = {10.1145/2824233},
}

@article{JACM:GolKalRot15,
  author    = {Shafi Goldwasser and
               Yael Tauman Kalai and
               Guy N. Rothblum},
  title     = {Delegating Computation: Interactive Proofs for Muggles},
  journal   = jacm,
  volume    = {62},
  number    = {4},
  pages     = {27:1--27:64},
  year      = {2015},
  doi       = {10.1145/2699436},
}

@article{JACM:Unruh15,
  author    = {Dominique Unruh},
  title     = {Revocable Quantum Timed-Release Encryption},
  journal   = {J. {ACM}},
  volume    = {62},
  number    = {6},
  pages     = {49:1--49:76},
  year      = {2015},
}

@article{JACM:BitVai18,
  author    = {Nir Bitansky and
               Vinod Vaikuntanathan},
  title     = {Indistinguishability Obfuscation from Functional Encryption},
  journal   = jacm,
  volume    = {65},
  number    = {6},
  pages     = {39:1--39:37},
  year      = {2018},
  doi       = {10.1145/3234511},
}

@article{SIAMCOMP:CooHoo85,
  author    = {Stephen A. Cook and
               H. James Hoover},
  title     = {A Depth-Universal Circuit},
  journal   = sicomp,
  volume    = {14},
  number    = {4},
  pages     = {833--839},
  year      = {1985},
}

@article{SIAMCOMP:LubRac88,
  author    = {Michael Luby and
               Charles Rackoff},
  title     = {How to Construct Pseudorandom Permutations from Pseudorandom Functions},
  journal   = sicomp,
  volume    = {17},
  number    = {2},
  pages     = {373--386},
  year      = {1988},
}

@article{SIAMCOMP:GolMicRac89,
  author    = {Shafi Goldwasser and
               Silvio Micali and
               Charles Rackoff},
  title     = {The Knowledge Complexity of Interactive Proof Systems},
  journal   = sicomp,
  volume    = {18},
  number    = {1},
  pages     = {186--208},
  year      = {1989},
  doi       = {10.1137/0218012},
}

@article{SIAMCOMP:FeiLapSha99,
  author    = {Uriel Feige and
               Dror Lapidot and
               Adi Shamir},
  title     = {Multiple NonInteractive Zero Knowledge Proofs Under General Assumptions},
  journal   = sicomp,
  volume    = {29},
  number    = {1},
  pages     = {1--28},
  year      = {1999},
  doi       = {10.1137/S0097539792230010},
}

@article{SIAMCOMP:HILL99,
  author    = {Johan H{\aa}stad and
               Russell Impagliazzo and
               Leonid A. Levin and
               Michael Luby},
  title     = {A Pseudorandom Generator from any One-way Function},
  journal   = sicomp,
  volume    = {28},
  number    = {4},
  pages     = {1364--1396},
  year      = {1999},
  doi       = {10.1137/S0097539793244708},
}

@article{SIAMCOMP:DolDwoNao00,
  author    = {Danny Dolev and
               Cynthia Dwork and
               Moni Naor},
  title     = {Nonmalleable Cryptography},
  journal   = sicomp,
  volume    = {30},
  number    = {2},
  pages     = {391--437},
  year      = {2000},
  url       = {https://doi.org/10.1137/S0097539795291562},
  doi       = {10.1137/S0097539795291562},
}

@article{SIAMCOMP:BonFra03,
  author    = {Dan Boneh and
               Matthew K. Franklin},
  title     = {Identity-Based Encryption from the Weil Pairing},
  journal   = {{SIAM} J. Comput.},
  volume    = {32},
  number    = {3},
  pages     = {586--615},
  year      = {2003},
  url       = {https://doi.org/10.1137/S0097539701398521},
  doi       = {10.1137/S0097539701398521},
}

@article{SIAMCOMP:CraSho03,
  author    = {Ronald Cramer and
               Victor Shoup},
  title     = {Design and Analysis of Practical Public-Key Encryption Schemes Secure
               against Adaptive Chosen Ciphertext Attack},
  journal   = {{SIAM} J. Comput.},
  volume    = {33},
  number    = {1},
  pages     = {167--226},
  year      = {2003},
  doi       = {10.1137/S0097539702403773},
}

@article{SIAMCOMP:Watrous09,
  author    = {John Watrous},
  title     = {Zero-Knowledge against Quantum Attacks},
  journal   = {{SIAM} J. Comput.},
  volume    = {39},
  number    = {1},
  pages     = {25--58},
  year      = {2009},
  url       = {https://doi.org/10.1137/060670997},
  doi       = {10.1137/060670997},
}

@article{SIAMCOMP:PeiWat11,
  author    = {Chris Peikert and
               Brent Waters},
  title     = {Lossy Trapdoor Functions and Their Applications},
  journal   = sicomp,
  volume    = {40},
  number    = {6},
  pages     = {1803--1844},
  year      = {2011},
}

@article{SIAMCOMP:GroSah12,
  author    = {Jens Groth and
               Amit Sahai},
  title     = {Efficient Noninteractive Proof Systems for Bilinear Groups},
  journal   = sicomp,
  volume    = {41},
  number    = {5},
  pages     = {1193--1232},
  year      = {2012},
  doi       = {10.1137/080725386},
}


@article{SIAMCOMP:BraVai14,
  author    = {Zvika Brakerski and
               Vinod Vaikuntanathan},
  title     = {Efficient Fully Homomorphic Encryption from (Standard) {\textdollar}{\textbackslash}mathsf\{LWE\}{\textdollar}},
  journal   = sicomp,
  volume    = {43},
  number    = {2},
  pages     = {831--871},
  year      = {2014},
  doi       = {10.1137/120868669},
}

@article{SIAMCOMP:FRRTV14,
  author    = {Sebastian Faust and
               Tal Rabin and
               Leonid Reyzin and
               Eran Tromer and
               Vinod Vaikuntanathan},
  title     = {Protecting Circuits from Computationally Bounded and Noisy Leakage},
  journal   = sicomp,
  volume    = {43},
  number    = {5},
  pages     = {1564--1614},
  year      = {2014},
  doi       = {10.1137/120880343},
}

@article{SIAMCOMP:BitPan15,
  author    = {Nir Bitansky and
               Omer Paneth},
  title     = {On Non-Black-Box Simulation and the Impossibility of Approximate Obfuscation},
  journal   = sicomp,
  volume    = {44},
  number    = {5},
  pages     = {1325--1383},
  year      = {2015},
  doi       = {10.1137/130928236},
}

@article{SIAMCOMP:GGHRSW16,
  author    = {Sanjam Garg and
               Craig Gentry and
               Shai Halevi and
               Mariana Raykova and
               Amit Sahai and
               Brent Waters},
  title     = {Candidate Indistinguishability Obfuscation and Functional Encryption
               for All Circuits},
  journal   = sicomp,
  volume    = {45},
  number    = {3},
  pages     = {882--929},
  year      = {2016},
}

@article{SIAMCOMP:BitCanPanRos16,
  author    = {Nir Bitansky and
               Ran Canetti and
               Omer Paneth and
               Alon Rosen},
  title     = {On the Existence of Extractable One-Way Functions},
  journal   = sicomp,
  volume    = {45},
  number    = {5},
  pages     = {1910--1952},
  year      = {2016},
  doi       = {10.1137/140975048},
}

@article{SIAMCOMP:AshSeg16,
  author    = {Gilad Asharov and
               Gil Segev},
  title     = {Limits on the Power of Indistinguishability Obfuscation and Functional
               Encryption},
  journal   = sicomp,
  volume    = {45},
  number    = {6},
  pages     = {2117--2176},
  year      = {2016},
  doi       = {10.1137/15M1034064},
}

@article{SIAMCOMP:LopTroVai17,
  author    = {Adriana L{\'{o}}pez{-}Alt and
               Eran Tromer and
               Vinod Vaikuntanathan},
  title     = {Multikey Fully Homomorphic Encryption and Applications},
  journal   = sicomp,
  volume    = {46},
  number    = {6},
  pages     = {1827--1892},
  year      = {2017},
  doi       = {10.1137/14100124X},
}

@article{SIAMCOMP:CHNVW18,
  author    = {Aloni Cohen and
               Justin Holmgren and
               Ryo Nishimaki and
               Vinod Vaikuntanathan and
               Daniel Wichs},
  title     = {Watermarking Cryptographic Capabilities},
  journal   = sicomp,
  volume    = {47},
  number    = {6},
  pages     = {2157--2202},
  year      = {2018},
  doi       = {10.1137/18M1164834},
}

@article{SIAMCOMP:BCGHJLPT18,
  author    = {Nir Bitansky and
               Ran Canetti and
               Sanjam Garg and
               Justin Holmgren and
               Abhishek Jain and
               Huijia Lin and
               Rafael Pass and
               Sidharth Telang and
               Vinod Vaikuntanathan},
  title     = {Indistinguishability Obfuscation for {RAM} Programs and Succinct Randomized
               Encodings},
  journal   = sicomp,
  volume    = {47},
  number    = {3},
  pages     = {1123--1210},
  year      = {2018},
  doi       = {10.1137/15M1050963},
}

@article{SIAMCOMP:SahWat21,
  author    = {Amit Sahai and
               Brent Waters},
  title     = {How to Use Indistinguishability Obfuscation: Deniable Encryption,
               and More},
  journal   = {{SIAM} J. Comput.},
  volume    = {50},
  number    = {3},
  pages     = {857--908},
  year      = {2021},
  }


@article{CC:AppIshKus06,
  author    = {Benny Applebaum and
               Yuval Ishai and
               Eyal Kushilevitz},
  title     = {Computationally Private Randomizing Polynomials and Their Applications},
  journal   = {Computational Complexity},
  volume    = {15},
  number    = {2},
  pages     = {115--162},
  year      = {2006},
}
