@article{chen2022self,
    author = {Chen, Weijie and Lin, Luojun and Yang, Shicai and Xie, Di and Pu, Shiliang and Zhuang, Yueting},
    title = {Self-supervised noisy label learning for source-free unsupervised domain adaptation},
    journal = {TROS},
    year = {2022}
}

@article{du2021cross,
    author = {Du, Zhekai and Li, Jingjing and Su, Hongzu and Zhu, Lei and Lu, Ke},
    title = {Cross-domain gradient discrepancy minimization for unsupervised domain adaptation},
    journal = {CVPR},
    year = {2021}
}

@article{ganin2015unsupervised,
    author = {Ganin, Yaroslav and Lempitsky, Victor},
    title = {Unsupervised domain adaptation by backpropagation},
    journal = {ICML},
    year = {2015}
}

@article{kundu2020towards,
    author = {Kundu, Jogendra Nath and Venkat, Naveen and Revanur, Ambareesh and Babu, R Venkatesh and others},
    title = {Towards inheritable models for open-set domain adaptation},
    journal = {CVPR},
    year = {2020}
}

@article{kundu2020universal,
    author = {Kundu, Jogendra Nath and Venkat, Naveen and Babu, R Venkatesh and others},
    title = {Universal source-free domain adaptation},
    journal = {CVPR},
    year = {2020}
}

@article{lee2023fewshot,
    author = {Suho Lee and Seungwon Seo and Jihyo Kim and Yejin Lee and Sangheum Hwang},
    title = {Few-shot Fine-tuning is All You Need for Source-free Domain Adaptation}, 
    journal = {arXiv},
    year = {2023}
}

@article{li2020deep,
  title={Deep residual correction network for partial domain adaptation},
  author={Li, Shuang and Liu, Chi Harold and Lin, Qiuxia and Wen, Qi and Su, Limin and Huang, Gao and Ding, Zhengming},
  journal={IEEE transactions on pattern analysis and machine intelligence},
  volume={43},
  number={7},
  pages={2329--2344},
  year={2020},
  publisher={IEEE}
}

@article{li2021bi,
    author = {Li, Shuang and Lv, Fangrui and Xie, Binhui and Liu, Chi Harold and Liang, Jian and Qin, Chen},
    title = {Bi-classifier determinacy maximization for unsupervised domain adaptation},
    journal = {AAAI},
    year = {2021}
}

@article{liang2020really,
    author = {Jian Liang and Dapeng Hu and Jiashi Feng},
    title = {Do We Really Need to Access the Source Data? Source Hypothesis Transfer for Unsupervised Domain Adaptation}, 
    journal = {ICML},
    year = {2020}
}

@article{long2015learning,
  author = {Long, Mingsheng and Cao, Yue and Wang, Jianmin and Jordan, Michael},
  title = {Learning transferable features with deep adaptation networks},
  journal = {ICML},
  year = {2015}
}

@article{long2018conditional,
  author = {Long, Mingsheng and Cao, Zhangjie and Wang, Jianmin and Jordan, Michael I},
  title = {Conditional adversarial domain adaptation},
  journal = {NeurIPS},
  year = {2018}
}

@article{pan2009survey,
  title={A survey on transfer learning},
  author={Pan, Sinno Jialin and Yang, Qiang},
  journal={IEEE Transactions on knowledge and data engineering},
  volume={22},
  number={10},
  pages={1345--1359},
  year={2009},
  publisher={IEEE}
}

@article{qiu2021source,
    author = {Qiu, Zhen and Zhang, Yifan and Lin, Hongbin and Niu, Shuaicheng and Liu, Yanxia and Du, Qing and Tan, Mingkui},
    title = {Source-free domain adaptation via avatar prototype generation and adaptation},
    journal = {arXiv},
    year = {2021}
}

@article{saito2018maximum,
    author = {Saito, Kuniaki and Watanabe, Kohei and Ushiku, Yoshitaka and Harada, Tatsuya},
    title = {Maximum classifier discrepancy for unsupervised domain adaptation},
    journal = {CVPR},
    year = {2018}
}

@article{saito2018open,
    author = {Saito, Kuniaki and Yamamoto, Shohei and Ushiku, Yoshitaka and Harada, Tatsuya},
    title = {Open set domain adaptation by backpropagation},
    journal = {ECCV},
    year = {2018}
}

@article{sun2016return,
    author = {Sun, Baochen and Feng, Jiashi and Saenko, Kate},
    title = {Return of frustratingly easy domain adaptation},
    journal = {AAAI},
    year = {2016}
}

@article{tian2021vdm,
  title={VDM-DA: Virtual domain modeling for source data-free domain adaptation},
  author={Tian, Jiayi and Zhang, Jing and Li, Wen and Xu, Dong},
  journal={IEEE Transactions on Circuits and Systems for Video Technology},
  volume={32},
  number={6},
  pages={3749--3760},
  year={2021},
  publisher={IEEE}
}

@article{tzeng2014deep,
  author = {Tzeng, Eric and Hoffman, Judy and Zhang, Ning and Saenko, Kate and Darrell, Trevor},
  title = {Deep domain confusion: Maximizing for domain invariance},
  journal = {arXiv},
  year = {2014}
}

@inproceedings{wu2020dual,
  title={Dual mixup regularized learning for adversarial domain adaptation},
  author={Wu, Yuan and Inkpen, Diana and El-Roby, Ahmed},
  booktitle={Computer Vision--ECCV 2020: 16th European Conference, Glasgow, UK, August 23--28, 2020, Proceedings, Part XXIX 16},
  pages={540--555},
  year={2020},
  organization={Springer}
}

@article{yosinski2014transferable,
    author = {Yosinski, Jason and Clune, Jeff and Bengio, Yoshua and Lipson, Hod},
    title = {How transferable are features in deep neural networks?},
    journal = {NeurIPS},
    year = {2014}
}

@article{you2019universal,
    author = {You, Kaichao and Long, Mingsheng and Cao, Zhangjie and Wang, Jianmin and Jordan, Michael I},
    title = {Universal domain adaptation},
    journal = {CVPR},
    year = {2019}
}

@article{zhang2022few,
  author = {Zhang, Wenyu and Shen, Li and Zhang, Wanyue and Foo, Chuan-Sheng},
  title = {Few-shot adaptation of pre-trained networks for domain shift},
  journal = {IJCAI},
  year = {2022}
}

