@article{lee2023fewshot,
    author = {Suho Lee and Seungwon Seo and Jihyo Kim and Yejin Lee and Sangheum Hwang},
    title = {Few-shot Fine-tuning is All You Need for Source-free Domain Adaptation}, 
    journal = {arXiv},
    year = {2023}
}

@article{liang2020really,
    author = {Jian Liang and Dapeng Hu and Jiashi Feng},
    title = {Do We Really Need to Access the Source Data? Source Hypothesis Transfer for Unsupervised Domain Adaptation}, 
    journal = {ICML},
    year = {2020}
}

@article{cubuk2019autoaugment,
    author = {Cubuk, Ekin D and Zoph, Barret and Mane, Dandelion and Vasudevan, Vijay and Le, Quoc V},
    title = {Autoaugment: Learning augmentation strategies from data},
    journal = {CVPR},
    year = {2019}
}

@article{saenko2010adapting,
    author = {Saenko, Kate and Kulis, Brian and Fritz, Mario and Darrell, Trevor},
    title = {Adapting visual category models to new domains},
    journal = {ECCV},
    year = {2010}
}

@article{venkateswara2017deep,
    author = {Venkateswara, Hemanth and Eusebio, Jose and Chakraborty, Shayok and Panchanathan, Sethuraman},
    title = {Deep hashing network for unsupervised domain adaptation},
    journal = {CVPR},
    year = {2017}
}

@article{peng2017visda,
  author = {Peng, Xingchao and Usman, Ben and Kaushik, Neela and Hoffman, Judy and Wang, Dequan and Saenko, Kate},
  title = {Visda: The visual domain adaptation challenge},
  journal = {arXiv},
  year = {2017}
}

@article{beery2018recognition,
    author = {Beery, Sara and Van Horn, Grant and Perona, Pietro},
    title = {Recognition in terra incognita},
    journal = {ECCV},
    year = {2018}
}

@article{liang2021source,
  title={Source data-absent unsupervised domain adaptation through hypothesis transfer and labeling transfer},
  author={Liang, Jian and Hu, Dapeng and Wang, Yunbo and He, Ran and Feng, Jiashi},
  journal={IEEE Transactions on Pattern Analysis and Machine Intelligence},
  volume={44},
  number={11},
  pages={8602--8617},
  year={2021},
  publisher={IEEE}
}

@article{yang2022attracting,
  author = {Yang, Shiqi and Jui, Shangling and van de Weijer, Joost and others},
  title = {Attracting and dispersing: A simple approach for source-free domain adaptation},
  journal = {NeurIPS},
  year = {2022}
}

@article{yang2021generalized,
    author = {Yang, Shiqi and Wang, Yaxing and Van De Weijer, Joost and Herranz, Luis and Jui, Shangling},
    title = {Generalized source-free domain adaptation},
    journal = {ICCV},
    year = {2021}
}

@article{yang2021exploiting,
  author = {Yang, Shiqi and van de Weijer, Joost and Herranz, Luis and Jui, Shangling and others},
  title = {Exploiting the intrinsic neighborhood structure for source-free domain adaptation},
  journal = {NeurIPS},
  year = {2021}
}

@article{lee2022confidence,
    author = {Lee, Jonghyun and Jung, Dahuin and Yim, Junho and Yoon, Sungroh},
    title = {Confidence score for source-free unsupervised domain adaptation},
    journal = {ICML},
    year = {2022}
}

@article{deng2009imagenet,
    author = {Deng, Jia and Dong, Wei and Socher, Richard and Li, Li-Jia and Li, Kai and Fei-Fei, Li},
    title = {Imagenet: A large-scale hierarchical image database},
    journal = {CVPR},
    year = {2009}
}

@article{ganin2015unsupervised,
    author = {Ganin, Yaroslav and Lempitsky, Victor},
    title = {Unsupervised domain adaptation by backpropagation},
    journal = {ICML},
    year = {2015}
}

@article{long2018conditional,
  author = {Long, Mingsheng and Cao, Zhangjie and Wang, Jianmin and Jordan, Michael I},
  title = {Conditional adversarial domain adaptation},
  journal = {NeurIPS},
  year = {2018}
}

@article{xuhong2018explicit,
    author = {Xuhong, LI and Grandvalet, Yves and Davoine, Franck},
    title = {Explicit inductive bias for transfer learning with convolutional networks},
    journal = {ICML},
    year = {2018}
}

@article{li2019delta,
  author = {Li, Xingjian and Xiong, Haoyi and Wang, Hanchao and Rao, Yuxuan and Liu, Liping and Chen, Zeyu and Huan, Jun},
  title = {Delta: Deep learning transfer using feature map with attention for convolutional networks},
  journal = {arXiv},
  year = {2019}
}

@article{chen2019catastrophic,
  author = {Chen, Xinyang and Wang, Sinan and Fu, Bo and Long, Mingsheng and Wang, Jianmin},
  title = {Catastrophic forgetting meets negative transfer: Batch spectral shrinkage for safe transfer learning},
  journal = {NeurIPS},
  year = {2019}
}

@article{zhang2022few,
  author = {Zhang, Wenyu and Shen, Li and Zhang, Wanyue and Foo, Chuan-Sheng},
  title = {Few-shot adaptation of pre-trained networks for domain shift},
  journal = {IJCAI},
  year = {2022}
}

@article{kumar2022fine,
  author = {Kumar, Ananya and Raghunathan, Aditi and Jones, Robbie and Ma, Tengyu and Liang, Percy},
  title = {Fine-tuning can distort pretrained features and underperform out-of-distribution},
  journal = {ICLR},
  year = {2022}
}

@article{long2015learning,
  author = {Long, Mingsheng and Cao, Yue and Wang, Jianmin and Jordan, Michael},
  title = {Learning transferable features with deep adaptation networks},
  journal = {ICML},
  year = {2015}
}

@article{sun2016return,
    author = {Sun, Baochen and Feng, Jiashi and Saenko, Kate},
    title = {Return of frustratingly easy domain adaptation},
    journal = {AAAI},
    year = {2016}
}

@article{tzeng2014deep,
  author = {Tzeng, Eric and Hoffman, Judy and Zhang, Ning and Saenko, Kate and Darrell, Trevor},
  title = {Deep domain confusion: Maximizing for domain invariance},
  journal = {arXiv},
  year = {2014}
}

@article{saito2018maximum,
    author = {Saito, Kuniaki and Watanabe, Kohei and Ushiku, Yoshitaka and Harada, Tatsuya},
    title = {Maximum classifier discrepancy for unsupervised domain adaptation},
    journal = {CVPR},
    year = {2018}
}

@article{li2021bi,
    author = {Li, Shuang and Lv, Fangrui and Xie, Binhui and Liu, Chi Harold and Liang, Jian and Qin, Chen},
    title = {Bi-classifier determinacy maximization for unsupervised domain adaptation},
    journal = {AAAI},
    year = {2021}
}

@article{du2021cross,
    author = {Du, Zhekai and Li, Jingjing and Su, Hongzu and Zhu, Lei and Lu, Ke},
    title = {Cross-domain gradient discrepancy minimization for unsupervised domain adaptation},
    journal = {CVPR},
    year = {2021}
}

@article{kundu2020universal,
    author = {Kundu, Jogendra Nath and Venkat, Naveen and Babu, R Venkatesh and others},
    title = {Universal source-free domain adaptation},
    journal = {CVPR},
    year = {2020}
}

@article{kundu2020towards,
    author = {Kundu, Jogendra Nath and Venkat, Naveen and Revanur, Ambareesh and Babu, R Venkatesh and others},
    title = {Towards inheritable models for open-set domain adaptation},
    journal = {CVPR},
    year = {2020}
}

@article{you2019universal,
    author = {You, Kaichao and Long, Mingsheng and Cao, Zhangjie and Wang, Jianmin and Jordan, Michael I},
    title = {Universal domain adaptation},
    journal = {CVPR},
    year = {2019}
}

@article{saito2018open,
    author = {Saito, Kuniaki and Yamamoto, Shohei and Ushiku, Yoshitaka and Harada, Tatsuya},
    title = {Open set domain adaptation by backpropagation},
    journal = {ECCV},
    year = {2018}
}

@article{qiu2021source,
    author = {Qiu, Zhen and Zhang, Yifan and Lin, Hongbin and Niu, Shuaicheng and Liu, Yanxia and Du, Qing and Tan, Mingkui},
    title = {Source-free domain adaptation via avatar prototype generation and adaptation},
    journal = {arXiv},
    year = {2021}
}

@article{tian2021vdm,
  title={VDM-DA: Virtual domain modeling for source data-free domain adaptation},
  author={Tian, Jiayi and Zhang, Jing and Li, Wen and Xu, Dong},
  journal={IEEE Transactions on Circuits and Systems for Video Technology},
  volume={32},
  number={6},
  pages={3749--3760},
  year={2021},
  publisher={IEEE}
}

@article{chen2022self,
    author = {Chen, Weijie and Lin, Luojun and Yang, Shicai and Xie, Di and Pu, Shiliang and Zhuang, Yueting},
    title = {Self-supervised noisy label learning for source-free unsupervised domain adaptation},
    journal = {TROS},
    year = {2022}
}

@article{li2020deep,
  title={Deep residual correction network for partial domain adaptation},
  author={Li, Shuang and Liu, Chi Harold and Lin, Qiuxia and Wen, Qi and Su, Limin and Huang, Gao and Ding, Zhengming},
  journal={IEEE transactions on pattern analysis and machine intelligence},
  volume={43},
  number={7},
  pages={2329--2344},
  year={2020},
  publisher={IEEE}
}

@article{pan2009survey,
  title={A survey on transfer learning},
  author={Pan, Sinno Jialin and Yang, Qiang},
  journal={IEEE Transactions on knowledge and data engineering},
  volume={22},
  number={10},
  pages={1345--1359},
  year={2009},
  publisher={IEEE}
}

@article{yosinski2014transferable,
    author = {Yosinski, Jason and Clune, Jeff and Bengio, Yoshua and Lipson, Hod},
    title = {How transferable are features in deep neural networks?},
    journal = {NeurIPS},
    year = {2014}
}

@article{foret2020sharpness,
  author = {Foret, Pierre and Kleiner, Ariel and Mobahi, Hossein and Neyshabur, Behnam},
  title = {Sharpness-aware minimization for efficiently improving generalization},
  journal = {arXiv},
  year = {2020}
}

@article{kwon2021asam,
    author = {Kwon, Jungmin and Kim, Jeongseop and Park, Hyunseo and Choi, In Kwon},
    title = {Asam: Adaptive sharpness-aware minimization for scale-invariant learning of deep neural networks},
    journal = {ICML},
    year = {2021}
}

@article{buda2018systematic,
  title={A systematic study of the class imbalance problem in convolutional neural networks},
  author={Buda, Mateusz and Maki, Atsuto and Mazurowski, Maciej A},
  journal={Neural networks},
  volume={106},
  pages={249--259},
  year={2018},
  publisher={Elsevier}
}

@article{ben2010theory,
  title={A theory of learning from different domains},
  author={Ben-David, Shai and Blitzer, John and Crammer, Koby and Kulesza, Alex and Pereira, Fernando and Vaughan, Jennifer Wortman},
  journal={Machine learning},
  volume={79},
  pages={151--175},
  year={2010},
  publisher={Springer}
}

@article{fang2022source,
  author = {Fang, Yuqi and Yap, Pew-Thian and Lin, Weili and Zhu, Hongtu and Liu, Mingxia},
  title = {Source-free unsupervised domain adaptation: A survey},
  journal = {arXiv},
  year = {2022}
}

@article{peng2019moment,
    author = {Peng, Xingchao and Bai, Qinxun and Xia, Xide and Huang, Zijun and Saenko, Kate and Wang, Bo},
    title = {Moment matching for multi-source domain adaptation},
    journal = {ICCV},
    year = {2019}
}

@article{peng2019domain,
    author = {Peng, Xingchao and Huang, Zijun and Sun, Ximeng and Saenko, Kate},
    title = {Domain agnostic learning with disentangled representations},
    journal = {ICML},
    year = {2019}
}

@article{panareda2017open,
    author = {Panareda Busto, Pau and Gall, Juergen},
    title = {Open set domain adaptation},
    journal = {ICCV},
    year = {2017}
}

@article{cao2018partial,
    author = {Cao, Zhangjie and Long, Mingsheng and Wang, Jianmin and Jordan, Michael I},
    title = {Partial transfer learning with selective adversarial networks},
    journal = {CVPR},
    year = {2018}
}

@article{he2016deep,
    author = {He, Kaiming and Zhang, Xiangyu and Ren, Shaoqing and Sun, Jian},
    title = {Deep residual learning for image recognition},
    journal = {CVPR},
    year = {2016}
}

@article{zhang2018importance,
    author = {Zhang, Jing and Ding, Zewei and Li, Wanqing and Ogunbona, Philip},
    title = {Importance weighted adversarial nets for partial domain adaptation},
    journal = {CVPR},
    year = {2018}
}

@article{cao2019learning,
    author = {Cao, Zhangjie and You, Kaichao and Long, Mingsheng and Wang, Jianmin and Yang, Qiang},
    title = {Learning to transfer examples for partial domain adaptation},
    journal = {CVPR},
    year = {2019}
}

@article{xu2019larger,
    author = {Xu, Ruijia and Li, Guanbin and Yang, Jihan and Lin, Liang},
    title = {Larger norm more transferable: An adaptive feature norm approach for unsupervised domain adaptation},
    journal = {ICCV},
    year = {2019}
}

@article{bendale2016towards,
    author = {Bendale, Abhijit and Boult, Terrance E},
    title = {Towards open set deep networks},
    journal = {CVPR},
    year = {2016}
}

@article{liu2019separate,
    author = {Liu, Hong and Cao, Zhangjie and Long, Mingsheng and Wang, Jianmin and Yang, Qiang},
    title = {Separate to adapt: Open set domain adaptation via progressive separation},
    journal = {CVPR},
    year = {2019}
}

@article{chen2020selective,
    author = {Chen, Zhihong and Chen, Chao and Cheng, Zhaowei and Jiang, Boyuan and Fang, Ke and Jin, Xinyu},
    title = {Selective transfer with reinforced transfer network for partial domain adaptation},
    journal = {CVPR},
    year = {2020}
}

@article{liang2020balanced,
    author = {Liang, Jian and Wang, Yunbo and Hu, Dapeng and He, Ran and Feng, Jiashi},
    title = {A balanced and uncertainty-aware approach for partial domain adaptation},
    journal = {ECCV},
    year = {2020}
}

@article{ren2020learning,
  title={Learning target-domain-specific classifier for partial domain adaptation},
  author={Ren, Chuan-Xian and Ge, Pengfei and Yang, Peiyi and Yan, Shuicheng},
  journal={IEEE Transactions on Neural Networks and Learning Systems},
  volume={32},
  number={5},
  pages={1989--2001},
  year={2020},
  publisher={IEEE}
}

@book{goodfellow2016deep,
  title={Deep Learning},
  author={Goodfellow, Ian},
  year={2016},
  publisher={MIT Press}
}

@inproceedings{wu2020dual,
  title={Dual mixup regularized learning for adversarial domain adaptation},
  author={Wu, Yuan and Inkpen, Diana and El-Roby, Ahmed},
  booktitle={Computer Vision--ECCV 2020: 16th European Conference, Glasgow, UK, August 23--28, 2020, Proceedings, Part XXIX 16},
  pages={540--555},
  year={2020},
  organization={Springer}
}

@article{li2024comprehensive,
  title={A comprehensive survey on source-free domain adaptation},
  author={Li, Jingjing and Yu, Zhiqi and Du, Zhekai and Zhu, Lei and Shen, Heng Tao},
  journal={IEEE Transactions on Pattern Analysis and Machine Intelligence},
  year={2024},
  publisher={IEEE}
}

% 添加的引用文章
@article{gulrajani2020search,
  title={In search of lost domain generalization},
  author={Gulrajani, Ishaan and Lopez-Paz, David},
  journal={arXiv},
  year={2020}
}