@article{DesignCouncil2019,
  author = {{Design Council}},
  title = {The Double Diamond: 15 Years on},
  year = {2019},
  journal = {Design Council Journal},
}

@online{Jasmine2020,
  author = {Jasmine},
  title = {Conceptual Design: In 6 Steps},
  year = {2020},
  month = {May},
  day = {26},
  url = {https://iit-techambit.in/conceptual-design-in-6-steps/},
  note = {Accessed: 2024-08-10},
  organization = {IIT Kharagpur}
}

@inproceedings{chen2024beyond,
  title={Beyond Numbers: Creating Analogies to Enhance Data Comprehension and Communication with Generative AI},
  author={Chen, Qing and Shuai, Wei and Zhang, Jiyao and Sun, Zhida and Cao, Nan},
  booktitle={Proceedings of the CHI Conference on Human Factors in Computing Systems},
  pages={1--14},
  year={2024}
}

@article{chen2024designfusion,
  title={DesignFusion: Integrating Generative Models for Conceptual Design Enrichment},
  author={Chen, Liuqing and Jing, Qianzhi and Tsang, Yixin and Wang, Qianyi and Sun, Lingyun and Luo, Jianxi},
  journal={Journal of Mechanical Design},
  volume={146},
  number={11},
  year={2024},
  publisher={American Society of Mechanical Engineers Digital Collection}
}

@inproceedings{chen2024llm,
  title={An LLM-based Concept Generation Method for Solution-driven Bio-inspired Design},
  author={Chen, Liuqing and Cai, Zebin and Cheang, Wengteng and Sun, Lingyun and Childs, Peter and Zuo, Haoyu},
  booktitle={DRS2024: Design Research Society 2024 International Conference},
  year={2024},
  pages={908},
  address={Boston, USA},
  month={June 23-28}
}

@inproceedings{chen2024triz,
  title={TRIZ-GPT: An LLM-augmented method for problem-solving},
  author={Chen, Liuqing and Song, Yaxuan and Ding, Shixian and Sun, Lingyun and Childs, Peter and Zuo, Haoyu},
  booktitle={International Design Engineering Technical Conferences and Computers and Information in Engineering Conference},
  volume={88407},
  pages={V006T06A010},
  year={2024},
  organization={American Society of Mechanical Engineers}
}

@article{eppinger1995product,
  title={Product design and development},
  author={Eppinger, Steven D and Ulrich, Karl},
  year={1995},
  publisher={McGraw-Hill New York}
}

@book{french1985conceptual,
  title={Conceptual design for engineers},
  author={French, Michael J and Gravdahl, JT and French, MJ},
  year={1985},
  publisher={Springer}
}

@article{goodfellow2014generative,
  title={Generative adversarial nets},
  author={Goodfellow, Ian and Pouget-Abadie, Jean and Mirza, Mehdi and Xu, Bing and Warde-Farley, David and Ozair, Sherjil and Courville, Aaron and Bengio, Yoshua},
  journal={Advances in neural information processing systems},
  volume={27},
  year={2014}
}

@incollection{goodman2016designing,
  title={Designing inclusive packaging},
  author={Goodman-Deane, Joy and Waller, Sam and Bradley, M and Yoxall, Alaster and Wiggins, D and Clarkson, PJ},
  booktitle={Integrating the packaging and product experience in food and beverages},
  pages={37--57},
  year={2016},
  publisher={Elsevier}
}

@article{guo2024exploring,
  title={Exploring synergies between AIGC and TRIZ in the optimisation of road cone design through integrated innovation methods},
  author={Guo, Zishun and Song, Meng and Fang, Xiaofen and Lin, Cuiyun and Zhang, Hengjie and Li, Xiaoye and Wang, Wenxiao},
  journal={Journal of Engineering Design},
  pages={1--20},
  year={2024},
  publisher={Taylor \& Francis}
}

@article{jiang2022data,
  title={Data-driven design-by-analogy: state-of-the-art and future directions},
  author={Jiang, Shuo and Hu, Jie and Wood, Kristin L and Luo, Jianxi},
  journal={Journal of Mechanical Design},
  volume={144},
  number={2},
  pages={020801},
  year={2022},
  publisher={American Society of Mechanical Engineers}
}

@inproceedings{karras2019style,
  title={A style-based generator architecture for generative adversarial networks},
  author={Karras, Tero and Laine, Samuli and Aila, Timo},
  booktitle={Proceedings of the IEEE/CVF conference on computer vision and pattern recognition},
  pages={4401--4410},
  year={2019}
}

@inproceedings{kenton2019bert,
  title={Bert: Pre-training of deep bidirectional transformers for language understanding},
  author={Kenton, Jacob Devlin Ming-Wei Chang and Toutanova, Lee Kristina},
  booktitle={Proceedings of naacL-HLT},
  volume={1},
  pages={2},
  year={2019},
  organization={Minneapolis, Minnesota}
}

@inproceedings{kingma2014auto,
  title={Auto-Encoding Variational Bayes},
  author={Kingma, Diederik P and Welling, Max},
  booktitle={Proceedings of the 2nd International Conference on Learning Representations (ICLR)},
  year={2014}
}

@article{kwon2023understanding,
  title={Understanding inspiration: Insights into how designers discover inspirational stimuli using an AI-enabled platform},
  author={Kwon, Elisa and Rao, Vivek and Goucher-Lambert, Kosa},
  journal={Design Studies},
  volume={88},
  pages={101202},
  year={2023},
  publisher={Elsevier}
}

@inproceedings{luo2019computer,
  title={Computer-aided design ideation using InnoGPS},
  author={Luo, Jianxi and Sarica, Serhad and Wood, Kristin L},
  booktitle={International design engineering technical conferences and computers and information in engineering conference},
  volume={59186},
  pages={V02AT03A011},
  year={2019},
  organization={American Society of Mechanical Engineers}
}

@inproceedings{mahdavi2024ai,
  title={Is It AI or Is It Me? Understanding Users’ Prompt Journey with Text-to-Image Generative AI Tools},
  author={Mahdavi Goloujeh, Atefeh and Sullivan, Anne and Magerko, Brian},
  booktitle={Proceedings of the CHI Conference on Human Factors in Computing Systems},
  pages={1--13},
  year={2024}
}

@article{radford2018improving,
  title={Improving language understanding by generative pre-training},
  author={Radford, Alec and Narasimhan, Karthik and Salimans, Tim and Sutskever, Ilya and others},
  year={2018},
  publisher={San Francisco, CA, USA}
}

@article{sarica2020technet,
  title={TechNet: Technology semantic network based on patent data},
  author={Sarica, Serhad and Luo, Jianxi and Wood, Kristin L},
  journal={Expert Systems with Applications},
  volume={142},
  pages={112995},
  year={2020},
  publisher={Elsevier}
}

@article{shahin2024harnessing,
  title={Harnessing customized AI to create voice of customer via GPT3. 5},
  author={Shahin, Mohammad and Chen, F Frank and Hosseinzadeh, Ali},
  journal={Advanced Engineering Informatics},
  volume={61},
  pages={102462},
  year={2024},
  publisher={Elsevier}
}

@inproceedings{suh2024luminate,
  title={Luminate: Structured Generation and Exploration of Design Space with Large Language Models for Human-AI Co-Creation},
  author={Suh, Sangho and Chen, Meng and Min, Bryan and Li, Toby Jia-Jun and Xia, Haijun},
  booktitle={Proceedings of the CHI Conference on Human Factors in Computing Systems},
  pages={1--26},
  year={2024}
}

@article{tan2024using,
  title={Using Generative AI Midjourney to Enhance Divergent and Convergent Thinking in an Architect’s Creative Design Process},
  author={Tan, Linus and Luhrs, Max},
  journal={The Design Journal},
  pages={1--23},
  year={2024},
  publisher={Taylor \& Francis}
}

@article{vaswani2017attention,
  title={Attention is all you need},
  author={Vaswani, Ashish and Shazeer, Noam and Parmar, Niki and Uszkoreit, Jakob and Jones, Llion and Gomez, Aidan N and Kaiser, {\L}ukasz and Polosukhin, Illia},
  journal={Advances in neural information processing systems},
  volume={30},
  year={2017}
}

@inproceedings{wadinambiarachchi2024effects,
  title={The Effects of Generative AI on Design Fixation and Divergent Thinking},
  author={Wadinambiarachchi, Samangi and Kelly, Ryan M and Pareek, Saumya and Zhou, Qiushi and Velloso, Eduardo},
  booktitle={Proceedings of the CHI Conference on Human Factors in Computing Systems},
  pages={1--18},
  year={2024}
}

@article{wu2024integrating,
  title={Integrating AIGC with design: dependence, application, and evolution-a systematic literature review},
  author={Wu, Jianfeng and Cai, Yuting and Sun, Tingyu and Ma, Keer and Lu, Chunfu},
  journal={Journal of Engineering Design},
  pages={1--39},
  year={2024},
  publisher={Taylor \& Francis}
}

