@misc{myrup2015conceptual,
  title={Conceptual Design-Interpretations, Mindset and Models, Conceptual Design},
  author={Myrup Andreasen, M and Hansen, CT and Cash, P},
  year={2015},
  publisher={Springer International Publishing. http://doi. org/10.1007/978-3-319-19839-2\_1}
}

@book{altshuller1999innovation,
  title={The innovation algorithm: TRIZ, systematic innovation and technical creativity},
  author={Al'tshuller, Genrikh Saulovich},
  year={1999},
  publisher={Technical innovation center, Inc.}
}

@incollection{gero2014function,
  title={The function-behaviour-structure ontology of design},
  author={Gero, John S and Kannengiesser, Udo},
  booktitle={An anthology of theories and models of design: philosophy, approaches and empirical explorations},
  pages={263--283},
  year={2014},
  publisher={Springer}
}

@article{hatchuel2009ck,
  title={CK design theory: an advanced formulation},
  author={Hatchuel, Armand and Weil, Benoit},
  journal={Research in engineering design},
  volume={19},
  pages={181--192},
  year={2009},
  publisher={Springer}
}

@inproceedings{luo2019computer,
  title={Computer-aided design ideation using InnoGPS},
  author={Luo, Jianxi and Sarica, Serhad and Wood, Kristin L},
  booktitle={International design engineering technical conferences and computers and information in engineering conference},
  volume={59186},
  pages={V02AT03A011},
  year={2019},
  organization={American Society of Mechanical Engineers}
}

@article{norheim2024challenges,
  title={Challenges in applying large language models to requirements engineering tasks},
  author={Norheim, Johannes J and Rebentisch, Eric and Xiao, Dekai and Draeger, Lorenz and Kerbrat, Alain and de Weck, Olivier L},
  journal={Design Science},
  volume={10},
  pages={e16},
  year={2024},
  publisher={Cambridge University Press}
}

@article{lee2024and,
  title={When and How to Use AI in the Design Process? Implications for Human-AI Design Collaboration},
  author={Lee, Seo-young and Law, Matthew and Hoffman, Guy},
  journal={International Journal of Human--Computer Interaction},
  pages={1--16},
  year={2024},
  publisher={Taylor \& Francis}
}

@article{wu2024integrating,
  title={Integrating AIGC with design: dependence, application, and evolution-a systematic literature review},
  author={Wu, Jianfeng and Cai, Yuting and Sun, Tingyu and Ma, Keer and Lu, Chunfu},
  journal={Journal of Engineering Design},
  pages={1--39},
  year={2024},
  publisher={Taylor \& Francis}
}

@inproceedings{weisz2024design,
  title={Design Principles for Generative AI Applications},
  author={Weisz, Justin D and He, Jessica and Muller, Michael and Hoefer, Gabriela and Miles, Rachel and Geyer, Werner},
  booktitle={Proceedings of the CHI Conference on Human Factors in Computing Systems},
  pages={1--22},
  year={2024}
}

@article{sarica2024innovation,
  title={The innovation paradox: concept space expansion with diminishing originality and the promise of creative artificial intelligence},
  author={Sarica, Serhad and Luo, Jianxi},
  journal={Design Science},
  volume={10},
  pages={e11},
  year={2024},
  publisher={Cambridge University Press}
}

@article{cantamessa2020data,
  title={Data-driven design: the new challenges of digitalization on product design and development},
  author={Cantamessa, Marco and Montagna, Francesca and Altavilla, Stefania and Casagrande-Seretti, Alessandro},
  journal={Design Science},
  volume={6},
  pages={e27},
  year={2020},
  publisher={Cambridge University Press}
}

@article{shi2017data,
  title={A data-driven text mining and semantic network analysis for design information retrieval},
  author={Shi, Feng and Chen, Liuqing and Han, Ji and Childs, Peter},
  journal={Journal of Mechanical Design},
  volume={139},
  number={11},
  pages={111402},
  year={2017},
  publisher={American Society of Mechanical Engineers}
}

@article{jansson1991design,
  title={Design fixation},
  author={Jansson, David G and Smith, Steven M},
  journal={Design studies},
  volume={12},
  number={1},
  pages={3--11},
  year={1991},
  publisher={Elsevier}
}

@article{robles2009case,
  title={Case-based reasoning and TRIZ: A coupling for innovative conception in Chemical Engineering},
  author={Robles, Guillermo Cortes and Negny, St{\'e}phane and Le Lann, Jean Marc},
  journal={Chemical Engineering and Processing: Process Intensification},
  volume={48},
  number={1},
  pages={239--249},
  year={2009},
  publisher={Elsevier}
}

@incollection{deldin2013asknature,
  title={The AskNature database: enabling solutions in biomimetic design},
  author={Deldin, Jon-Michael and Schuknecht, Megan},
  booktitle={Biologically inspired design: Computational methods and tools},
  pages={17--27},
  year={2013},
  publisher={Springer}
}



@article{ho2020denoising,
  title={Denoising diffusion probabilistic models},
  author={Ho, Jonathan and Jain, Ajay and Abbeel, Pieter},
  journal={Advances in neural information processing systems},
  volume={33},
  pages={6840--6851},
  year={2020}
}

@inproceedings{karras2019style,
  title={A style-based generator architecture for generative adversarial networks},
  author={Karras, Tero and Laine, Samuli and Aila, Timo},
  booktitle={Proceedings of the IEEE/CVF conference on computer vision and pattern recognition},
  pages={4401--4410},
  year={2019}
}

@article{chen2024designfusion,
  title={DesignFusion: Integrating Generative Models for Conceptual Design Enrichment},
  author={Chen, Liuqing and Jing, Qianzhi and Tsang, Yixin and Wang, Qianyi and Sun, Lingyun and Luo, Jianxi},
  journal={Journal of Mechanical Design},
  volume={146},
  number={11},
  year={2024},
  publisher={American Society of Mechanical Engineers Digital Collection}
}

@inproceedings{wang2023popblends,
  title={PopBlends: Strategies for conceptual blending with large language models},
  author={Wang, Sitong and Petridis, Savvas and Kwon, Taeahn and Ma, Xiaojuan and Chilton, Lydia B},
  booktitle={Proceedings of the 2023 CHI Conference on Human Factors in Computing Systems},
  pages={1--19},
  year={2023}
}


@inproceedings{khot2023decomposed,
  title={Decomposed Prompting: A Modular Approach for Solving Complex Tasks},
  author={Khot, Tushar and Trivedi, Harsh and Finlayson, Matthew and Fu, Yao and Richardson, Kyle and Clark, Peter and Sabharwal, Ashish},
  booktitle={Proceedings of the Eleventh International Conference on Learning Representations (ICLR)},
  year={2023}
}

@article{brown2020language,
  title={Language models are few-shot learners},
  author={Brown, Tom and Mann, Benjamin and Ryder, Nick and Subbiah, Melanie and Kaplan, Jared D and Dhariwal, Prafulla and Neelakantan, Arvind and Shyam, Pranav and Sastry, Girish and Askell, Amanda and others},
  journal={Advances in neural information processing systems},
  volume={33},
  pages={1877--1901},
  year={2020}
}

@book{holtzblatt1997contextual,
  title={Contextual design: defining customer-centered systems},
  author={Holtzblatt, Karen and Beyer, Hugh},
  year={1997},
  publisher={Elsevier}
}

@article{zhu2023generative,
  title={Generative transformers for design concept generation},
  author={Zhu, Qihao and Luo, Jianxi},
  journal={Journal of Computing and Information Science in Engineering},
  volume={23},
  number={4},
  pages={041003},
  year={2023},
  publisher={American Society of Mechanical Engineers}
}

@inproceedings{liu20233dall,
  title={3DALL-E: Integrating text-to-image AI in 3D design workflows},
  author={Liu, Vivian and Vermeulen, Jo and Fitzmaurice, George and Matejka, Justin},
  booktitle={Proceedings of the 2023 ACM designing interactive systems conference},
  pages={1955--1977},
  year={2023}
}

@inproceedings{wadinambiarachchi2024effects,
  title={The Effects of Generative AI on Design Fixation and Divergent Thinking},
  author={Wadinambiarachchi, Samangi and Kelly, Ryan M and Pareek, Saumya and Zhou, Qiushi and Velloso, Eduardo},
  booktitle={Proceedings of the CHI Conference on Human Factors in Computing Systems},
  pages={1--18},
  year={2024}
}

@inproceedings{choi2024creativeconnect,
  title={CreativeConnect: Supporting Reference Recombination for Graphic Design Ideation with Generative AI},
  author={Choi, DaEun and Hong, Sumin and Park, Jeongeon and Chung, John Joon Young and Kim, Juho},
  booktitle={Proceedings of the CHI Conference on Human Factors in Computing Systems},
  pages={1--25},
  year={2024}
}

@book{french1985conceptual,
  title={Conceptual design for engineers},
  author={French, Michael J and Gravdahl, JT and French, MJ},
  year={1985},
  publisher={Springer}
}

@article{eppinger1995product,
  title={Product design and development},
  author={Eppinger, Steven D and Ulrich, Karl},
  year={1995},
  publisher={McGraw-Hill New York}
}

@incollection{goodman2016designing,
  title={Designing inclusive packaging},
  author={Goodman-Deane, Joy and Waller, Sam and Bradley, M and Yoxall, Alaster and Wiggins, D and Clarkson, PJ},
  booktitle={Integrating the packaging and product experience in food and beverages},
  pages={37--57},
  year={2016},
  publisher={Elsevier}
}

@online{Jasmine2020,
  author = {Jasmine},
  title = {Conceptual Design: In 6 Steps},
  year = {2020},
  month = {May},
  day = {26},
  url = {https://iit-techambit.in/conceptual-design-in-6-steps/},
  note = {Accessed: 2024-08-10},
  organization = {IIT Kharagpur}
}

@article{DesignCouncil2019,
  author = {{Design Council}},
  title = {The Double Diamond: 15 Years on},
  year = {2019},
  journal = {Design Council Journal},
}

@article{jiang2022data,
  title={Data-driven design-by-analogy: state-of-the-art and future directions},
  author={Jiang, Shuo and Hu, Jie and Wood, Kristin L and Luo, Jianxi},
  journal={Journal of Mechanical Design},
  volume={144},
  number={2},
  pages={020801},
  year={2022},
  publisher={American Society of Mechanical Engineers}
}

@article{sarica2020technet,
  title={TechNet: Technology semantic network based on patent data},
  author={Sarica, Serhad and Luo, Jianxi and Wood, Kristin L},
  journal={Expert Systems with Applications},
  volume={142},
  pages={112995},
  year={2020},
  publisher={Elsevier}
}

@article{chen2024knowledge,
  title={A knowledge graph-based bio-inspired design approach for knowledge retrieval and reasoning},
  author={Chen, Liuqing and Cai, Zebin and Jiang, Zhaojun and Sun, Lingyun and Childs, Peter and Zuo, Haoyu},
  journal={Journal of Engineering Design},
  pages={1--31},
  year={2024},
  publisher={Taylor \& Francis}
}

@article{goodfellow2014generative,
  title={Generative adversarial nets},
  author={Goodfellow, Ian and Pouget-Abadie, Jean and Mirza, Mehdi and Xu, Bing and Warde-Farley, David and Ozair, Sherjil and Courville, Aaron and Bengio, Yoshua},
  journal={Advances in neural information processing systems},
  volume={27},
  year={2014}
}

@inproceedings{kingma2014auto,
  title={Auto-Encoding Variational Bayes},
  author={Kingma, Diederik P and Welling, Max},
  booktitle={Proceedings of the 2nd International Conference on Learning Representations (ICLR)},
  year={2014}
}

@article{vaswani2017attention,
  title={Attention is all you need},
  author={Vaswani, Ashish and Shazeer, Noam and Parmar, Niki and Uszkoreit, Jakob and Jones, Llion and Gomez, Aidan N and Kaiser, {\L}ukasz and Polosukhin, Illia},
  journal={Advances in neural information processing systems},
  volume={30},
  year={2017}
}

@article{radford2018improving,
  title={Improving language understanding by generative pre-training},
  author={Radford, Alec and Narasimhan, Karthik and Salimans, Tim and Sutskever, Ilya and others},
  year={2018},
  publisher={San Francisco, CA, USA}
}

@inproceedings{kenton2019bert,
  title={Bert: Pre-training of deep bidirectional transformers for language understanding},
  author={Kenton, Jacob Devlin Ming-Wei Chang and Toutanova, Lee Kristina},
  booktitle={Proceedings of naacL-HLT},
  volume={1},
  pages={2},
  year={2019},
  organization={Minneapolis, Minnesota}
}

@article{kwon2023understanding,
  title={Understanding inspiration: Insights into how designers discover inspirational stimuli using an AI-enabled platform},
  author={Kwon, Elisa and Rao, Vivek and Goucher-Lambert, Kosa},
  journal={Design Studies},
  volume={88},
  pages={101202},
  year={2023},
  publisher={Elsevier}
}

@article{tan2024using,
  title={Using Generative AI Midjourney to Enhance Divergent and Convergent Thinking in an Architect’s Creative Design Process},
  author={Tan, Linus and Luhrs, Max},
  journal={The Design Journal},
  pages={1--23},
  year={2024},
  publisher={Taylor \& Francis}
}

@article{hu2018effects,
  title={The effects of designers' contextual experience on the ideation process and design outcomes},
  author={Hu, Wan-Lin and Reid, Tahira},
  journal={Journal of Mechanical Design},
  volume={140},
  number={10},
  pages={101101},
  year={2018},
  publisher={American Society of Mechanical Engineers}
}

@article{nickel2024contextual,
  title={Contextual influences on trade-offs in engineering design: a qualitative study},
  author={Nickel, Jordan and Hurst, Ada and Duimering, P Robert},
  journal={Design Science},
  volume={10},
  pages={e21},
  year={2024},
  publisher={Cambridge University Press}
}

@inproceedings{chen2024autospark,
  title={AutoSpark: Supporting Automobile Appearance Design Ideation with Kansei Engineering and Generative AI},
  author={Chen, Liuqing and Jing, Qianzhi and Tsang, Yixin and Wang, Qianyi and Liu, Ruocong and Xia, Duowei and Zhou, Yunzhan and Sun, Lingyun},
  booktitle={Proceedings of the 37th Annual ACM Symposium on User Interface Software and Technology},
  pages={1--19},
  year={2024}
}

@article{shah2003metrics,
  title={Metrics for measuring ideation effectiveness},
  author={Shah, Jami J and Smith, Steve M and Vargas-Hernandez, Noe},
  journal={Design studies},
  volume={24},
  number={2},
  pages={111--134},
  year={2003},
  publisher={Elsevier}
}

@article{loughran2011liability,
  title={When is a liability not a liability? Textual analysis, dictionaries, and 10-Ks},
  author={Loughran, Tim and McDonald, Bill},
  journal={The Journal of finance},
  volume={66},
  number={1},
  pages={35--65},
  year={2011},
  publisher={Wiley Online Library}
}

@inproceedings{son2024genquery,
  title={Genquery: Supporting expressive visual search with generative models},
  author={Son, Kihoon and Choi, DaEun and Kim, Tae Soo and Kim, Young-Ho and Kim, Juho},
  booktitle={Proceedings of the CHI Conference on Human Factors in Computing Systems},
  pages={1--19},
  year={2024}
}

@inproceedings{mahdavi2024ai,
  title={Is It AI or Is It Me? Understanding Users’ Prompt Journey with Text-to-Image Generative AI Tools},
  author={Mahdavi Goloujeh, Atefeh and Sullivan, Anne and Magerko, Brian},
  booktitle={Proceedings of the CHI Conference on Human Factors in Computing Systems},
  pages={1--13},
  year={2024}
}

@article{guo2024exploring,
  title={Exploring synergies between AIGC and TRIZ in the optimisation of road cone design through integrated innovation methods},
  author={Guo, Zishun and Song, Meng and Fang, Xiaofen and Lin, Cuiyun and Zhang, Hengjie and Li, Xiaoye and Wang, Wenxiao},
  journal={Journal of Engineering Design},
  pages={1--20},
  year={2024},
  publisher={Taylor \& Francis}
}


@inproceedings{chen2024triz,
  title={TRIZ-GPT: An LLM-augmented method for problem-solving},
  author={Chen, Liuqing and Song, Yaxuan and Ding, Shixian and Sun, Lingyun and Childs, Peter and Zuo, Haoyu},
  booktitle={International Design Engineering Technical Conferences and Computers and Information in Engineering Conference},
  volume={88407},
  pages={V006T06A010},
  year={2024},
  organization={American Society of Mechanical Engineers}
}

@article{shahin2024harnessing,
  title={Harnessing customized AI to create voice of customer via GPT3. 5},
  author={Shahin, Mohammad and Chen, F Frank and Hosseinzadeh, Ali},
  journal={Advanced Engineering Informatics},
  volume={61},
  pages={102462},
  year={2024},
  publisher={Elsevier}
}

@inproceedings{suh2024luminate,
  title={Luminate: Structured Generation and Exploration of Design Space with Large Language Models for Human-AI Co-Creation},
  author={Suh, Sangho and Chen, Meng and Min, Bryan and Li, Toby Jia-Jun and Xia, Haijun},
  booktitle={Proceedings of the CHI Conference on Human Factors in Computing Systems},
  pages={1--26},
  year={2024}
}


@inproceedings{chen2024llm,
  title={An LLM-based Concept Generation Method for Solution-driven Bio-inspired Design},
  author={Chen, Liuqing and Cai, Zebin and Cheang, Wengteng and Sun, Lingyun and Childs, Peter and Zuo, Haoyu},
  booktitle={DRS2024: Design Research Society 2024 International Conference},
  year={2024},
  pages={908},
  address={Boston, USA},
  month={June 23-28}
}

@inproceedings{chen2024beyond,
  title={Beyond Numbers: Creating Analogies to Enhance Data Comprehension and Communication with Generative AI},
  author={Chen, Qing and Shuai, Wei and Zhang, Jiyao and Sun, Zhida and Cao, Nan},
  booktitle={Proceedings of the CHI Conference on Human Factors in Computing Systems},
  pages={1--14},
  year={2024}
}