@article{gallego2020event,
  title={Event-based vision: A survey},
  author={Gallego, Guillermo and Delbr{\"u}ck, Tobi and Orchard, Garrick and Bartolozzi, Chiara and Taba, Brian and Censi, Andrea and Leutenegger, Stefan and Davison, Andrew J and Conradt, J{\"o}rg and Daniilidis, Kostas and others},
  journal={IEEE transactions on pattern analysis and machine intelligence},
  volume={44},
  number={1},
  pages={154--180},
  year={2020},
  publisher={IEEE}
}

@article{gehrig2022high,
  title={Are high-resolution event cameras really needed?},
  author={Gehrig, Daniel and Scaramuzza, Davide},
  journal={arXiv preprint arXiv:2203.14672},
  year={2022}
}

@inproceedings{son20174,
  title={4.1 A 640$\times$ 480 dynamic vision sensor with a 9$\mu$m pixel and 300Meps address-event representation},
  author={Son, Bongki and Suh, Yunjae and Kim, Sungho and Jung, Heejae and Kim, Jun-Seok and Shin, Changwoo and Park, Keunju and Lee, Kyoobin and Park, Jinman and Woo, Jooyeon and others},
  booktitle={2017 IEEE International Solid-State Circuits Conference (ISSCC)},
  pages={66--67},
  year={2017},
  organization={IEEE}
}

@article{zheng2023deep,
  title={Deep learning for event-based vision: A comprehensive survey and benchmarks},
  author={Zheng, Xu and Liu, Yexin and Lu, Yunfan and Hua, Tongyan and Pan, Tianbo and Zhang, Weiming and Tao, Dacheng and Wang, Lin},
  journal={arXiv preprint arXiv:2302.08890},
  year={2023}
}

@inproceedings{zheng2024eventdance,
  title={EventDance: Unsupervised Source-free Cross-modal Adaptation for Event-based Object Recognition},
  author={Zheng, Xu and Wang, Lin},
  booktitle={Proceedings of the IEEE/CVF Conference on Computer Vision and Pattern Recognition},
  pages={17448--17458},
  year={2024}
}

@article{wu2023eventclip,
  title={Eventclip: Adapting clip for event-based object recognition},
  author={Wu, Ziyi and Liu, Xudong and Gilitschenski, Igor},
  journal={arXiv preprint arXiv:2306.06354},
  year={2023}
}

@inproceedings{su2023event,
  title={Event-based object recognition using feature fusion and spiking neural networks},
  author={Su, Menghao and Yang, Panpan and Jiang, Runhao and Yan, Rui},
  booktitle={International Conference on Neural Information Processing},
  pages={470--482},
  year={2023},
  organization={Springer}
}

@article{zhou2023clip,
  title={E-clip: Towards label-efficient event-based open-world understanding by clip},
  author={Zhou, Jiazhou and Zheng, Xu and Lyu, Yuanhuiyi and Wang, Lin},
  journal={arXiv preprint arXiv:2308.03135},
  year={2023}
}

@article{zhou2024eventbind,
  title={Eventbind: Learning a unified representation to bind them all for event-based open-world understanding},
  author={Zhou, Jiazhou and Zheng, Xu and Lyu, Yuanhuiyi and Wang, Lin},
  year={2024},
  publisher={arxiv}
}

@article{gehrig2024low,
  title={Low-latency automotive vision with event cameras},
  author={Gehrig, Daniel and Scaramuzza, Davide},
  journal={Nature},
  volume={629},
  number={8014},
  pages={1034--1040},
  year={2024},
  publisher={Nature Publishing Group UK London}
}

@article{gallego2017event,
  title={Event-based, 6-DOF camera tracking from photometric depth maps},
  author={Gallego, Guillermo and Lund, Jon EA and Mueggler, Elias and Rebecq, Henri and Delbruck, Tobi and Scaramuzza, Davide},
  journal={IEEE transactions on pattern analysis and machine intelligence},
  volume={40},
  number={10},
  pages={2402--2412},
  year={2017},
  publisher={IEEE}
}

@inproceedings{gehrig2018asynchronous,
  title={Asynchronous, photometric feature tracking using events and frames},
  author={Gehrig, Daniel and Rebecq, Henri and Gallego, Guillermo and Scaramuzza, Davide},
  booktitle={Proceedings of the European Conference on Computer Vision (ECCV)},
  pages={750--765},
  year={2018}
}

@inproceedings{kong2024openess,
  title={OpenESS: Event-based Semantic Scene Understanding with Open Vocabularies},
  author={Kong, Lingdong and Liu, Youquan and Ng, Lai Xing and Cottereau, Benoit R and Ooi, Wei Tsang},
  booktitle={Proceedings of the IEEE/CVF Conference on Computer Vision and Pattern Recognition},
  pages={15686--15698},
  year={2024}
}

@article{jia2023event,
  title={Event-based semantic segmentation with posterior attention},
  author={Jia, Zexi and You, Kaichao and He, Weihua and Tian, Yang and Feng, Yongxiang and Wang, Yaoyuan and Jia, Xu and Lou, Yihang and Zhang, Jingyi and Li, Guoqi and others},
  journal={IEEE Transactions on Image Processing},
  volume={32},
  pages={1829--1842},
  year={2023},
  publisher={IEEE}
}

@inproceedings{gehrig2023recurrent,
  title={Recurrent vision transformers for object detection with event cameras},
  author={Gehrig, Mathias and Scaramuzza, Davide},
  booktitle={Proceedings of the IEEE/CVF conference on computer vision and pattern recognition},
  pages={13884--13893},
  year={2023}
}

@inproceedings{lee2020spike,
  title={Spike-flownet: event-based optical flow estimation with energy-efficient hybrid neural networks},
  author={Lee, Chankyu and Kosta, Adarsh Kumar and Zhu, Alex Zihao and Chaney, Kenneth and Daniilidis, Kostas and Roy, Kaushik},
  booktitle={European Conference on Computer Vision},
  pages={366--382},
  year={2020},
  organization={Springer}
}

@article{hagenaars2021self,
  title={Self-supervised learning of event-based optical flow with spiking neural networks},
  author={Hagenaars, Jesse and Paredes-Vall{\'e}s, Federico and De Croon, Guido},
  journal={Advances in Neural Information Processing Systems},
  volume={34},
  pages={7167--7179},
  year={2021}
}

@article{yu2024can,
  title={Can Large Language Models Grasp Event Signals? Exploring Pure Zero-Shot Event-based Recognition},
  author={Yu, Zongyou and Qu, Qiang and Chen, Xiaoming and Wang, Chen},
  journal={arXiv preprint arXiv:2409.09628},
  year={2024}
}

@inproceedings{qu2024e2hqv,
  title={E2HQV: High-Quality Video Generation from Event Camera via Theory-Inspired Model-Aided Deep Learning},
  author={Qu, Qiang and Shen, Yiran and Chen, Xiaoming and Chung, Yuk Ying and Liu, Tongliang},
  booktitle={Proceedings of the AAAI Conference on Artificial Intelligence},
  volume={38},
  number={5},
  pages={4632--4640},
  year={2024}
}

@article{openai2024gpt4,
  title={GPT-4 Technical Report},
  author={{OpenAI}},
  year={2024},
  url={https://arxiv.org/abs/2303.08774}
}

@article{dubey2024llama,
  title={The llama 3 herd of models},
  author={Dubey, Abhimanyu and Jauhri, Abhinav and Pandey, Abhinav and Kadian, Abhishek and Al-Dahle, Ahmad and Letman, Aiesha and Mathur, Akhil and Schelten, Alan and Yang, Amy and Fan, Angela and others},
  journal={arXiv preprint arXiv:2407.21783},
  year={2024}
}

@inproceedings{liu2024improved,
  title={Improved baselines with visual instruction tuning},
  author={Liu, Haotian and Li, Chunyuan and Li, Yuheng and Lee, Yong Jae},
  booktitle={Proceedings of the IEEE/CVF Conference on Computer Vision and Pattern Recognition},
  pages={26296--26306},
  year={2024}
}

@article{chen2023minigptv2,
  title={MiniGPT-v2: Large Language Model as a Unified Interface for Vision-Language Multi-Task Learning},
  author={Chen, Jun and Zhu, Deyao and Shen, Xiaoqian and Li, Xiang and Liu, Zechun and Zhang, Pengchuan and Krishnamoorthi, Raghuraman and Chandra, Vikas and Xiong, Yunyang and Elhoseiny, Mohamed},
  journal={arXiv preprint arXiv:2310.09478},
  year={2023}
}

@article{zhu2024multi,
  title={Multi-modal large language model enhanced pseudo 3d perception framework for visual commonsense reasoning},
  author={Zhu, Jian and Wang, Hanli and Shi, Miaojing},
  journal={IEEE Transactions on Circuits and Systems for Video Technology},
  year={2024},
  publisher={IEEE}
}

@article{zang2024contextual,
  title={Contextual object detection with multimodal large language models},
  author={Zang, Yuhang and Li, Wei and Han, Jun and Zhou, Kaiyang and Loy, Chen Change},
  journal={International Journal of Computer Vision},
  pages={1--19},
  year={2024},
  publisher={Springer}
}

@inproceedings{tang2024chain,
  title={Chain of visual perception: Harnessing multimodal large language models for zero-shot camouflaged object detection},
  author={Tang, Lv and Jiang, Peng-Tao and Shen, Zhi-Hao and Zhang, Hao and Chen, Jin-Wei and Li, Bo},
  booktitle={Proceedings of the 32nd ACM International Conference on Multimedia},
  pages={8805--8814},
  year={2024}
}

@inproceedings{huang2023eventpoint,
  title={Eventpoint: Self-supervised interest point detection and description for event-based camera},
  author={Huang, Ze and Sun, Li and Zhao, Cheng and Li, Song and Su, Songzhi},
  booktitle={Proceedings of the IEEE/CVF Winter Conference on Applications of Computer Vision},
  pages={5396--5405},
  year={2023}
}

@misc{liu2023improvedllava,
      author={Liu, Haotian and Li, Chunyuan and Li, Yuheng and Lee, Yong Jae},
      title={Improved Baselines with Visual Instruction Tuning}, 
      publisher={arXiv:2310.03744},
      year={2023},
}

@inproceedings{tan2021efficientnetv2,
  title={Efficientnetv2: Smaller models and faster training},
  author={Tan, Mingxing and Le, Quoc},
  booktitle={International conference on machine learning},
  pages={10096--10106},
  year={2021},
  organization={PMLR}
}

@inproceedings{kim2021n,
  title={N-imagenet: Towards robust, fine-grained object recognition with event cameras},
  author={Kim, Junho and Bae, Jaehyeok and Park, Gangin and Zhang, Dongsu and Kim, Young Min},
  booktitle={Proceedings of the IEEE/CVF international conference on computer vision},
  pages={2146--2156},
  year={2021}
}

@inproceedings{fei2004learning,
  title={Learning generative visual models from few training examples: An incremental bayesian approach tested on 101 object categories},
  author={Fei-Fei, Li and Fergus, Rob and Perona, Pietro},
  booktitle={2004 conference on computer vision and pattern recognition workshop},
  pages={178--178},
  year={2004},
  organization={IEEE}
}

@article{orchard2015converting,
  title={Converting static image datasets to spiking neuromorphic datasets using saccades},
  author={Orchard, Garrick and Jayawant, Ajinkya and Cohen, Gregory K and Thakor, Nitish},
  journal={Frontiers in neuroscience},
  volume={9},
  pages={437},
  year={2015},
  publisher={Frontiers Media SA}
}

@inproceedings{deng2009imagenet,
  title={Imagenet: A large-scale hierarchical image database},
  author={Deng, Jia and Dong, Wei and Socher, Richard and Li, Li-Jia and Li, Kai and Fei-Fei, Li},
  booktitle={2009 IEEE conference on computer vision and pattern recognition},
  pages={248--255},
  year={2009},
  organization={Ieee}
}

@article{kingma2014adam,
  title={Adam: A method for stochastic optimization},
  author={Kingma, Diederik P},
  journal={arXiv preprint arXiv:1412.6980},
  year={2014}
}

@article{jaccard1901,
  title={Étude comparative de la distribution florale dans une portion des Alpes et des Jura},
  author={Jaccard, Paul},
  journal={Bulletin de la Société Vaudoise des Sciences Naturelles},
  volume={37},
  pages={547--579},
  year={1901}
}

@techreport{sobel1968,
  title={A 3x3 Isotropic Gradient Operator for Image Processing},
  author={Sobel, Irwin},
  year={1968},
  institution={Stanford Artificial Intelligence Project (SAIL)},
  number={Technical Report}
}

@article{rebecq2019high,
  title={High speed and high dynamic range video with an event camera},
  author={Rebecq, Henri and Ranftl, Ren{\'e} and Koltun, Vladlen and Scaramuzza, Davide},
  journal={IEEE transactions on pattern analysis and machine intelligence},
  volume={43},
  number={6},
  pages={1964--1980},
  year={2019},
  publisher={IEEE}
}

@article{zhu2023minigpt,
  title={Minigpt-4: Enhancing vision-language understanding with advanced large language models},
  author={Zhu, Deyao and Chen, Jun and Shen, Xiaoqian and Li, Xiang and Elhoseiny, Mohamed},
  journal={arXiv preprint arXiv:2304.10592},
  year={2023}
}

@article{tang2023video,
  title={Video understanding with large language models: A survey},
  author={Tang, Yunlong and Bi, Jing and Xu, Siting and Song, Luchuan and Liang, Susan and Wang, Teng and Zhang, Daoan and An, Jie and Lin, Jingyang and Zhu, Rongyi and others},
  journal={arXiv preprint arXiv:2312.17432},
  year={2023}
}

@article{fu2024scene,
  title={Scene-llm: Extending language model for 3d visual understanding and reasoning},
  author={Fu, Rao and Liu, Jingyu and Chen, Xilun and Nie, Yixin and Xiong, Wenhan},
  journal={arXiv preprint arXiv:2403.11401},
  year={2024}
}

@article{liang2024improving,
  title={Improving llm reasoning through scaling inference computation with collaborative verification},
  author={Liang, Zhenwen and Liu, Ye and Niu, Tong and Zhang, Xiangliang and Zhou, Yingbo and Yavuz, Semih},
  journal={arXiv preprint arXiv:2410.05318},
  year={2024}
}
