% Use this file for citations not found in the ACL Anthology (contained in "anthology.bib").

@article{liu2024deepseek,
  title={Deepseek-v3 technical report},
  author={Liu, Aixin and Feng, Bei and Xue, Bing and Wang, Bingxuan and Wu, Bochao and Lu, Chengda and Zhao, Chenggang and Deng, Chengqi and Zhang, Chenyu and Ruan, Chong and others},
  journal={arXiv preprint arXiv:2412.19437},
  year={2024}
}

@article{agashe2023evaluating,
  title={Evaluating multi-agent coordination abilities in large language models},
  author={Agashe, Saaket and Fan, Yue and Wang, Xin Eric},
  journal={arXiv preprint arXiv:2310.03903},
  year={2023}
}

@inproceedings{park2023generative,
  title={Generative agents: Interactive simulacra of human behavior},
  author={Park, Joon Sung and O'Brien, Joseph and Cai, Carrie Jun and Morris, Meredith Ringel and Liang, Percy and Bernstein, Michael S},
  booktitle={Proceedings of the 36th annual acm symposium on user interface software and technology},
  pages={1--22},
  year={2023}
}

@article{tao2024github,
  title={Magis: Llm-based multi-agent framework for github issue resolution},
  author={Tao, Wei and Zhou, Yucheng and Wang, Yanlin and Zhang, Wenqiang and Zhang, Hongyu and Cheng, Yu},
  journal={arXiv preprint arXiv:2403.17927},
  year={2024}
}

@article{zhang2024towards,
  title={Towards efficient llm grounding for embodied multi-agent collaboration},
  author={Zhang, Yang and Yang, Shixin and Bai, Chenjia and Wu, Fei and Li, Xiu and Wang, Zhen and Li, Xuelong},
  journal={arXiv preprint arXiv:2405.14314},
  year={2024}
}

@article{yang2024psychology,
  title={Llm agents for psychology: A study on gamified assessments},
  author={Yang, Qisen and Wang, Zekun and Chen, Honghui and Wang, Shenzhi and Pu, Yifan and Gao, Xin and Huang, Wenhao and Song, Shiji and Huang, Gao},
  journal={arXiv preprint arXiv:2402.12326},
  year={2024}
}

@article{fang2024hack,
  title={Llm agents can autonomously hack websites},
  author={Fang, Richard and Bindu, Rohan and Gupta, Akul and Zhan, Qiusi and Kang, Daniel},
  journal={arXiv preprint arXiv:2402.06664},
  year={2024}
}

@article{hong2024data,
  title={Data interpreter: An llm agent for data science},
  author={Hong, Sirui and Lin, Yizhang and Liu, Bang and Liu, Bangbang and Wu, Binhao and Zhang, Ceyao and Wei, Chenxing and Li, Danyang and Chen, Jiaqi and Zhang, Jiayi and others},
  journal={arXiv preprint arXiv:2402.18679},
  year={2024}
}

@article{wang2023voyager,
  title={Voyager: An open-ended embodied agent with large language models},
  author={Wang, Guanzhi and Xie, Yuqi and Jiang, Yunfan and Mandlekar, Ajay and Xiao, Chaowei and Zhu, Yuke and Fan, Linxi and Anandkumar, Anima},
  journal={arXiv preprint arXiv:2305.16291},
  year={2023}
}

@inproceedings{zhang2024proagent,
  title={ProAgent: building proactive cooperative agents with large language models},
  author={Zhang, Ceyao and Yang, Kaijie and Hu, Siyi and Wang, Zihao and Li, Guanghe and Sun, Yihang and Zhang, Cheng and Zhang, Zhaowei and Liu, Anji and Zhu, Song-Chun and others},
  booktitle={Proceedings of the AAAI Conference on Artificial Intelligence},
  volume={38},
  pages={17591--17599},
  year={2024}
}

@article{hu2024evomac,
  title={Self-evolving multi-agent collaboration networks for software development},
  author={Hu, Yue and Cai, Yuzhu and Du, Yaxin and Zhu, Xinyu and Liu, Xiangrui and Yu, Zijie and Hou, Yuchen and Tang, Shuo and Chen, Siheng},
  journal={arXiv preprint arXiv:2410.16946},
  year={2024}
}

@article{wang2023ltc,
  title={Adapting llm agents through communication},
  author={Wang, Kuan and Lu, Yadong and Santacroce, Michael and Gong, Yeyun and Zhang, Chao and Shen, Yelong},
  journal={arXiv preprint arXiv:2310.01444},
  year={2023}
}

@article{song2024trial,
  title={Trial and error: Exploration-based trajectory optimization for llm agents},
  author={Song, Yifan and Yin, Da and Yue, Xiang and Huang, Jie and Li, Sujian and Lin, Bill Yuchen},
  journal={arXiv preprint arXiv:2403.02502},
  year={2024}
}

@article{wu2023autogen,
  title={Autogen: Enabling next-gen llm applications via multi-agent conversation framework},
  author={Wu, Qingyun and Bansal, Gagan and Zhang, Jieyu and Wu, Yiran and Zhang, Shaokun and Zhu, Erkang and Li, Beibin and Jiang, Li and Zhang, Xiaoyun and Wang, Chi},
  journal={arXiv preprint arXiv:2308.08155},
  year={2023}
}

@article{li2024embodied,
  title={Embodied agent interface: Benchmarking llms for embodied decision making},
  author={Li, Manling and Zhao, Shiyu and Wang, Qineng and Wang, Kangrui and Zhou, Yu and Srivastava, Sanjana and Gokmen, Cem and Lee, Tony and Li, Li Erran and Zhang, Ruohan and others},
  journal={arXiv preprint arXiv:2410.07166},
  year={2024}
}

@inproceedings{kwon2023vllm,
  title={Efficient memory management for large language model serving with pagedattention},
  author={Kwon, Woosuk and Li, Zhuohan and Zhuang, Siyuan and Sheng, Ying and Zheng, Lianmin and Yu, Cody Hao and Gonzalez, Joseph and Zhang, Hao and Stoica, Ion},
  booktitle={Proceedings of the 29th Symposium on Operating Systems Principles},
  pages={611--626},
  year={2023}
}

@article{dubey2024llama,
  title={The llama 3 herd of models},
  author={Dubey, Abhimanyu and Jauhri, Abhinav and Pandey, Abhinav and Kadian, Abhishek and Al-Dahle, Ahmad and Letman, Aiesha and Mathur, Akhil and Schelten, Alan and Yang, Amy and Fan, Angela and others},
  journal={arXiv preprint arXiv:2407.21783},
  year={2024}
}

@article{yang2024qwen2,
  title={Qwen2. 5 technical report},
  author={Yang, An and Yang, Baosong and Zhang, Beichen and Hui, Binyuan and Zheng, Bo and Yu, Bowen and Li, Chengyuan and Liu, Dayiheng and Huang, Fei and Wei, Haoran and others},
  journal={arXiv preprint arXiv:2412.15115},
  year={2024}
}

@inproceedings{lin2004rouge,
  title={Rouge: A package for automatic evaluation of summaries},
  author={Lin, Chin-Yew},
  booktitle={Text summarization branches out},
  pages={74--81},
  year={2004}
}

@article{wang2023describe,
  title={Describe, explain, plan and select: Interactive planning with large language models enables open-world multi-task agents},
  author={Wang, Zihao and Cai, Shaofei and Chen, Guanzhou and Liu, Anji and Ma, Xiaojian and Liang, Yitao},
  journal={arXiv preprint arXiv:2302.01560},
  year={2023}
}

@article{carroll2019utility,
  title={On the utility of learning about humans for human-ai coordination},
  author={Carroll, Micah and Shah, Rohin and Ho, Mark K and Griffiths, Tom and Seshia, Sanjit and Abbeel, Pieter and Dragan, Anca},
  journal={Advances in neural information processing systems},
  volume={32},
  year={2019}
}

@article{gong2023mindagent,
  title={Mindagent: Emergent gaming interaction},
  author={Gong, Ran and Huang, Qiuyuan and Ma, Xiaojian and Vo, Hoi and Durante, Zane and Noda, Yusuke and Zheng, Zilong and Zhu, Song-Chun and Terzopoulos, Demetri and Fei-Fei, Li and others},
  journal={arXiv preprint arXiv:2309.09971},
  year={2023}
}

@article{li2023camel,
  title={Camel: Communicative agents for" mind" exploration of large language model society},
  author={Li, Guohao and Hammoud, Hasan and Itani, Hani and Khizbullin, Dmitrii and Ghanem, Bernard},
  journal={Advances in Neural Information Processing Systems},
  volume={36},
  pages={51991--52008},
  year={2023}
}

@article{chen2023agentverse,
  title={Agentverse: Facilitating multi-agent collaboration and exploring emergent behaviors in agents},
  author={Chen, Weize and Su, Yusheng and Zuo, Jingwei and Yang, Cheng and Yuan, Chenfei and Qian, Chen and Chan, Chi-Min and Qin, Yujia and Lu, Yaxi and Xie, Ruobing and others},
  journal={arXiv preprint arXiv:2308.10848},
  volume={2},
  number={4},
  pages={6},
  year={2023}
}

@article{liu2023dynamic,
  title={Dynamic llm-agent network: An llm-agent collaboration framework with agent team optimization},
  author={Liu, Zijun and Zhang, Yanzhe and Li, Peng and Liu, Yang and Yang, Diyi},
  journal={arXiv preprint arXiv:2310.02170},
  year={2023}
}

@article{hong2023metagpt,
  title={Metagpt: Meta programming for multi-agent collaborative framework},
  author={Hong, Sirui and Zheng, Xiawu and Chen, Jonathan and Cheng, Yuheng and Wang, Jinlin and Zhang, Ceyao and Wang, Zili and Yau, Steven Ka Shing and Lin, Zijuan and Zhou, Liyang and others},
  journal={arXiv preprint arXiv:2308.00352},
  year={2023}
}

@article{chan2023chateval,
  title={Chateval: Towards better llm-based evaluators through multi-agent debate},
  author={Chan, Chi-Min and Chen, Weize and Su, Yusheng and Yu, Jianxuan and Xue, Wei and Zhang, Shanghang and Fu, Jie and Liu, Zhiyuan},
  journal={arXiv preprint arXiv:2308.07201},
  year={2023}
}

@article{li2024agent,
  title={Agent hospital: A simulacrum of hospital with evolvable medical agents},
  author={Li, Junkai and Wang, Siyu and Zhang, Meng and Li, Weitao and Lai, Yunghwei and Kang, Xinhui and Ma, Weizhi and Liu, Yang},
  journal={arXiv preprint arXiv:2405.02957},
  year={2024}
}

@article{samvelyan2019starcraft,
  title={The starcraft multi-agent challenge},
  author={Samvelyan, Mikayel and Rashid, Tabish and De Witt, Christian Schroeder and Farquhar, Gregory and Nardelli, Nantas and Rudner, Tim GJ and Hung, Chia-Man and Torr, Philip HS and Foerster, Jakob and Whiteson, Shimon},
  journal={arXiv preprint arXiv:1902.04043},
  year={2019}
}

@article{bard2020hanabi,
  title={The hanabi challenge: A new frontier for ai research},
  author={Bard, Nolan and Foerster, Jakob N and Chandar, Sarath and Burch, Neil and Lanctot, Marc and Song, H Francis and Parisotto, Emilio and Dumoulin, Vincent and Moitra, Subhodeep and Hughes, Edward and others},
  journal={Artificial Intelligence},
  volume={280},
  pages={103216},
  year={2020},
  publisher={Elsevier}
}

@inproceedings{mandi2024roco,
  title={Roco: Dialectic multi-robot collaboration with large language models},
  author={Mandi, Zhao and Jain, Shreeya and Song, Shuran},
  booktitle={2024 IEEE International Conference on Robotics and Automation (ICRA)},
  pages={286--299},
  year={2024},
  organization={IEEE}
}




% ----------------------------------------------------------------------------------------


@inproceedings{
anonymous2024toolcomp,
title={ToolComp: A Multi-Tool Reasoning \& Process Supervision Benchmark},
author={Anonymous},
booktitle={Submitted to The Thirteenth International Conference on Learning Representations},
year={2024},
url={https://openreview.net/forum?id=qHpfxfnIq3},
note={under review}
}

@article{lightman2023let,
  title={Let's verify step by step},
  author={Lightman, Hunter and Kosaraju, Vineet and Burda, Yura and Edwards, Harri and Baker, Bowen and Lee, Teddy and Leike, Jan and Schulman, John and Sutskever, Ilya and Cobbe, Karl},
  journal={arXiv preprint arXiv:2305.20050},
  year={2023}
}

@inproceedings{wang2024math,
  title={Math-shepherd: Verify and reinforce llms step-by-step without human annotations},
  author={Wang, Peiyi and Li, Lei and Shao, Zhihong and Xu, Runxin and Dai, Damai and Li, Yifei and Chen, Deli and Wu, Yu and Sui, Zhifang},
  booktitle={Proceedings of the 62nd Annual Meeting of the Association for Computational Linguistics (Volume 1: Long Papers)},
  pages={9426--9439},
  year={2024}
}


@article{chen2024llmarena,
  title={Llmarena: Assessing capabilities of large language models in dynamic multi-agent environments},
  author={Chen, Junzhe and Hu, Xuming and Liu, Shuodi and Huang, Shiyu and Tu, Wei-Wei and He, Zhaofeng and Wen, Lijie},
  journal={arXiv preprint arXiv:2402.16499},
  year={2024}
}

@article{qi2024civrealm,
  title={CivRealm: A learning and reasoning odyssey in Civilization for decision-making agents},
  author={Qi, Siyuan and Chen, Shuo and Li, Yexin and Kong, Xiangyu and Wang, Junqi and Yang, Bangcheng and Wong, Pring and Zhong, Yifan and Zhang, Xiaoyuan and Zhang, Zhaowei and others},
  journal={arXiv preprint arXiv:2401.10568},
  year={2024}
}

@article{wang2024battleagentbench,
  title={BattleAgentBench: A Benchmark for Evaluating Cooperation and Competition Capabilities of Language Models in Multi-Agent Systems},
  author={Wang, Wei and Zhang, Dan and Feng, Tao and Wang, Boyan and Tang, Jie},
  journal={arXiv preprint arXiv:2408.15971},
  year={2024}
}

@article{zhang2023building,
  title={Building cooperative embodied agents modularly with large language models},
  author={Zhang, Hongxin and Du, Weihua and Shan, Jiaming and Zhou, Qinhong and Du, Yilun and Tenenbaum, Joshua B and Shu, Tianmin and Gan, Chuang},
  journal={arXiv preprint arXiv:2307.02485},
  year={2023}
}


@article{dong2024villageragent,
  title={VillagerAgent: A Graph-Based Multi-Agent Framework for Coordinating Complex Task Dependencies in Minecraft},
  author={Dong, Yubo and Zhu, Xukun and Pan, Zhengzhe and Zhu, Linchao and Yang, Yi},
  journal={arXiv preprint arXiv:2406.05720},
  year={2024}
}