@article{chen2023agentverse,
  title={Agentverse: Facilitating multi-agent collaboration and exploring emergent behaviors in agents},
  author={Chen, Weize and Su, Yusheng and Zuo, Jingwei and Yang, Cheng and Yuan, Chenfei and Qian, Chen and Chan, Chi-Min and Qin, Yujia and Lu, Yaxi and Xie, Ruobing and others},
  journal={arXiv preprint arXiv:2308.10848},
  volume={2},
  number={4},
  pages={6},
  year={2023}
}

@article{hong2023metagpt,
  title={Metagpt: Meta programming for multi-agent collaborative framework},
  author={Hong, Sirui and Zheng, Xiawu and Chen, Jonathan and Cheng, Yuheng and Wang, Jinlin and Zhang, Ceyao and Wang, Zili and Yau, Steven Ka Shing and Lin, Zijuan and Zhou, Liyang and others},
  journal={arXiv preprint arXiv:2308.00352},
  year={2023}
}

@article{hu2024evomac,
  title={Self-evolving multi-agent collaboration networks for software development},
  author={Hu, Yue and Cai, Yuzhu and Du, Yaxin and Zhu, Xinyu and Liu, Xiangrui and Yu, Zijie and Hou, Yuchen and Tang, Shuo and Chen, Siheng},
  journal={arXiv preprint arXiv:2410.16946},
  year={2024}
}

@article{liu2023dynamic,
  title={Dynamic llm-agent network: An llm-agent collaboration framework with agent team optimization},
  author={Liu, Zijun and Zhang, Yanzhe and Li, Peng and Liu, Yang and Yang, Diyi},
  journal={arXiv preprint arXiv:2310.02170},
  year={2023}
}

@inproceedings{park2023generative,
  title={Generative agents: Interactive simulacra of human behavior},
  author={Park, Joon Sung and O'Brien, Joseph and Cai, Carrie Jun and Morris, Meredith Ringel and Liang, Percy and Bernstein, Michael S},
  booktitle={Proceedings of the 36th annual acm symposium on user interface software and technology},
  pages={1--22},
  year={2023}
}

@article{song2024trial,
  title={Trial and error: Exploration-based trajectory optimization for llm agents},
  author={Song, Yifan and Yin, Da and Yue, Xiang and Huang, Jie and Li, Sujian and Lin, Bill Yuchen},
  journal={arXiv preprint arXiv:2403.02502},
  year={2024}
}

@article{tao2024github,
  title={Magis: Llm-based multi-agent framework for github issue resolution},
  author={Tao, Wei and Zhou, Yucheng and Wang, Yanlin and Zhang, Wenqiang and Zhang, Hongyu and Cheng, Yu},
  journal={arXiv preprint arXiv:2403.17927},
  year={2024}
}

@article{wang2023ltc,
  title={Adapting llm agents through communication},
  author={Wang, Kuan and Lu, Yadong and Santacroce, Michael and Gong, Yeyun and Zhang, Chao and Shen, Yelong},
  journal={arXiv preprint arXiv:2310.01444},
  year={2023}
}

@article{wu2023autogen,
  title={Autogen: Enabling next-gen llm applications via multi-agent conversation framework},
  author={Wu, Qingyun and Bansal, Gagan and Zhang, Jieyu and Wu, Yiran and Zhang, Shaokun and Zhu, Erkang and Li, Beibin and Jiang, Li and Zhang, Xiaoyun and Wang, Chi},
  journal={arXiv preprint arXiv:2308.08155},
  year={2023}
}

@article{zhang2024towards,
  title={Towards efficient llm grounding for embodied multi-agent collaboration},
  author={Zhang, Yang and Yang, Shixin and Bai, Chenjia and Wu, Fei and Li, Xiu and Wang, Zhen and Li, Xuelong},
  journal={arXiv preprint arXiv:2405.14314},
  year={2024}
}

