@inproceedings{ahn2024impact,
  title={Impact of Model Interpretability and Outcome Feedback on Trust in AI},
  author={Ahn, Daehwan and Almaatouq, Abdullah and Gulabani, Monisha and Hosanagar, Kartik},
  booktitle={Proceedings of the CHI Conference on Human Factors in Computing Systems},
  pages={1--25},
  year={2024}
}

@inproceedings{bansal2021does,
  title={Does the whole exceed its parts? the effect of ai explanations on complementary team performance},
  author={Bansal, Gagan and Wu, Tongshuang and Zhou, Joyce and Fok, Raymond and Nushi, Besmira and Kamar, Ece and Ribeiro, Marco Tulio and Weld, Daniel},
  booktitle={Proceedings of the 2021 CHI conference on human factors in computing systems},
  pages={1--16},
  year={2021}
}

@article{candrian2022rise,
  title={Rise of the machines: Delegating decisions to autonomous AI},
  author={Candrian, Cindy and Scherer, Anne},
  journal={Computers in Human Behavior},
  volume={134},
  pages={107308},
  year={2022},
  publisher={Elsevier}
}

@inproceedings{dang2022beyond,
  title={Beyond text generation: Supporting writers with continuous automatic text summaries},
  author={Dang, Hai and Benharrak, Karim and Lehmann, Florian and Buschek, Daniel},
  booktitle={Proceedings of the 35th Annual ACM Symposium on User Interface Software and Technology},
  pages={1--13},
  year={2022}
}

@inproceedings{hao2024advancing,
  title={Advancing Patient-Centered Shared Decision-Making with AI Systems for Older Adult Cancer Patients},
  author={Hao, Yuexing and Liu, Zeyu and Riter, Robert N and Kalantari, Saleh},
  booktitle={Proceedings of the CHI Conference on Human Factors in Computing Systems},
  pages={1--20},
  year={2024}
}

@inproceedings{haoran2023magical,
  title={Magical Brush: A Symbol-Based Modern Chinese Painting System for Novices},
  author={Haoran, Xu and Shuyao, Chen and Zhang, Ying},
  booktitle={Proceedings of the 2023 CHI Conference on Human Factors in Computing Systems},
  pages={1--14},
  year={2023}
}

@inproceedings{inie2023designing,
  title={Designing Participatory AI: Creative Professionals’ Worries and Expectations about Generative AI},
  author={Inie, Nanna and Falk, Jeanette and Tanimoto, Steve},
  booktitle={Extended Abstracts of the 2023 CHI Conference on Human Factors in Computing Systems},
  pages={1--8},
  year={2023}
}

@article{ippolito2022creative,
  title={Creative writing with an ai-powered writing assistant: Perspectives from professional writers},
  author={Ippolito, Daphne and Yuan, Ann and Coenen, Andy and Burnam, Sehmon},
  journal={arXiv preprint arXiv:2211.05030},
  year={2022}
}

@inproceedings{jadhav2023high,
  title={High Fidelity Face Generation with Style Generative Adversarial Networks},
  author={Jadhav, Ranjana and Gokhale, Vedant and Deshpande, Mihir and Gore, Aayush and Gharpure, Adwait and Yadav, Harsh},
  booktitle={2023 2nd International Conference on Smart Technologies and Systems for Next Generation Computing (ICSTSN)},
  pages={1--6},
  year={2023},
  organization={IEEE}
}

@article{kang2023fall,
  title={FALL-E: A Foley Sound Synthesis Model and Strategies},
  author={Kang, Minsung and Oh, Sangshin and Moon, Hyeongi and Lee, Kyungyun and Chon, Ben Sangbae},
  journal={arXiv preprint arXiv:2306.09807},
  year={2023}
}

@inproceedings{ko2023large,
  title={Large-scale text-to-image generation models for visual artists’ creative works},
  author={Ko, Hyung-Kwon and Park, Gwanmo and Jeon, Hyeon and Jo, Jaemin and Kim, Juho and Seo, Jinwook},
  booktitle={Proceedings of the 28th International Conference on Intelligent User Interfaces},
  pages={919--933},
  year={2023}
}

@article{lee2004trust,
  title={Trust in automation: Designing for appropriate reliance},
  author={Lee, John D and See, Katrina A},
  journal={Human factors},
  volume={46},
  number={1},
  pages={50--80},
  year={2004},
  publisher={SAGE Publications Sage UK: London, England}
}

@inproceedings{liu2022opal,
  title={Opal: Multimodal image generation for news illustration},
  author={Liu, Vivian and Qiao, Han and Chilton, Lydia},
  booktitle={Proceedings of the 35th Annual ACM Symposium on User Interface Software and Technology},
  pages={1--17},
  year={2022}
}

@article{lubars2019ask,
  title={Ask not what AI can do, but what AI should do: Towards a framework of task delegability},
  author={Lubars, Brian and Tan, Chenhao},
  journal={Advances in neural information processing systems},
  volume={32},
  year={2019}
}

@article{rezwana2022designing,
  title={Designing creative AI partners with COFI: A framework for modeling interaction in human-AI co-creative systems},
  author={Rezwana, Jeba and Maher, Mary Lou},
  journal={ACM Transactions on Computer-Human Interaction},
  year={2022},
  publisher={ACM New York, NY}
}

@inproceedings{ruan2022anime,
  title={Anime Characters Generation with Generative Adversarial Networks},
  author={Ruan, Shengrui},
  booktitle={2022 IEEE International Conference on Advances in Electrical Engineering and Computer Applications (AEECA)},
  pages={1332--1335},
  year={2022},
  organization={IEEE}
}

@inproceedings{salimzadeh2024dealing,
  title={Dealing with Uncertainty: Understanding the Impact of Prognostic Versus Diagnostic Tasks on Trust and Reliance in Human-AI Decision Making},
  author={Salimzadeh, Sara and He, Gaole and Gadiraju, Ujwal},
  booktitle={Proceedings of the CHI Conference on Human Factors in Computing Systems},
  pages={1--17},
  year={2024}
}

@article{saputra2023impact,
  title={The Impact of Using AI Chat GPT on Marketing Effectiveness: A Case Study on Instagram Marketing},
  author={Saputra, Raihan and Nasution, Muhammad Irwan Padli and Dharma, Budi},
  journal={Indonesian Journal of Economics and Management},
  volume={3},
  number={3},
  pages={603--617},
  year={2023}
}

@inproceedings{schoeffer2024explanations,
  title={Explanations, Fairness, and Appropriate Reliance in Human-AI Decision-Making},
  author={Schoeffer, Jakob and De-Arteaga, Maria and Kuehl, Niklas},
  booktitle={Proceedings of the CHI Conference on Human Factors in Computing Systems},
  pages={1--18},
  year={2024}
}

@misc{wan2023it,
      title={"It Felt Like Having a Second Mind": Investigating Human-AI Co-creativity in Prewriting with Large Language Models}, 
      author={Qian Wan and Siying Hu and Yu Zhang and Piaohong Wang and Bo Wen and Zhicong Lu},
      year={2023},
      eprint={2307.10811},
      archivePrefix={arXiv},
      primaryClass={cs.HC}
}

@inproceedings{wang2022cps,
  title={CPS: Full-Song and Style-Conditioned Music Generation with Linear Transformer},
  author={Wang, Weipeng and Li, Xiaobing and Jin, Cong and Lu, Di and Zhou, Qingwen and Tie, Yun},
  booktitle={2022 IEEE International Conference on Multimedia and Expo Workshops (ICMEW)},
  pages={1--6},
  year={2022},
  organization={IEEE}
}

@inproceedings{wang2023popblends,
  title={PopBlends: Strategies for conceptual blending with large language models},
  author={Wang, Sitong and Petridis, Savvas and Kwon, Taeahn and Ma, Xiaojuan and Chilton, Lydia B},
  booktitle={Proceedings of the 2023 CHI Conference on Human Factors in Computing Systems},
  pages={1--19},
  year={2023}
}

@inproceedings{weisz2024design,
  title={Design Principles for Generative AI Applications},
  author={Weisz, Justin D and He, Jessica and Muller, Michael and Hoefer, Gabriela and Miles, Rachel and Geyer, Werner},
  booktitle={Proceedings of the CHI Conference on Human Factors in Computing Systems},
  pages={1--22},
  year={2024}
}

@article{wiener1980flight,
  title={Flight-deck automation: Promises and problems},
  author={Wiener, Earl L and Curry, Renwick E},
  journal={Ergonomics},
  volume={23},
  number={10},
  pages={995--1011},
  year={1980},
  publisher={Taylor \& Francis}
}

@article{wolf2024generative,
  title={Generative AI and Its Implications for Definitions of Trust},
  author={Wolf, Marty J and Grodzinsky, Frances and Miller, Keith W},
  journal={Information},
  volume={15},
  number={9},
  pages={542},
  year={2024},
  publisher={MDPI}
}

@article{yang2021icon,
  title={Icon generation based on generative adversarial networks},
  author={Yang, Hongyi and Xue, Chengqi and Yang, Xiaoying and Yang, Han},
  journal={Applied Sciences},
  volume={11},
  number={17},
  pages={7890},
  year={2021},
  publisher={MDPI}
}

@inproceedings{yuan2022wordcraft,
  title={Wordcraft: story writing with large language models},
  author={Yuan, Ann and Coenen, Andy and Reif, Emily and Ippolito, Daphne},
  booktitle={27th International Conference on Intelligent User Interfaces},
  pages={841--852},
  year={2022}
}

