
@book{oxfordDictionary,
    author = {Oxford English Dictionary},
    title =  {webtoon, n.}, 
    publisher = {Oxford University Press},
    year = {2023}
}

@misc{wan2023it,
      title={"It Felt Like Having a Second Mind": Investigating Human-AI Co-creativity in Prewriting with Large Language Models}, 
      author={Qian Wan and Siying Hu and Yu Zhang and Piaohong Wang and Bo Wen and Zhicong Lu},
      year={2023},
      eprint={2307.10811},
      archivePrefix={arXiv},
      primaryClass={cs.HC}
}
@article{joshi2024writing,
  title={Writing with AI Lowers Psychological Ownership, but Longer Prompts Can Help},
  author={Joshi, Nikhita and Vogel, Daniel},
  journal={arXiv preprint arXiv:2404.03108},
  year={2024}
}
@article{juel2024sense,
  title={Sense of psychological ownership in co-design processes: A case study},
  author={Juel, Anette and Berring, Lene L and Erlangsen, Annette and Larsen, Erik R and Buus, Niels},
  journal={Health Expectations},
  volume={27},
  number={1},
  pages={e13886},
  year={2024},
  publisher={Wiley Online Library}
}
@article{tsinakos2009comparative,
  title={A comparative survey on mind mapping tools},
  author={Tsinakos, Avgoustos A and Balafoutis, Thanasis},
  journal={Turkish Online Journal of Distance Education},
  volume={10},
  number={3},
  pages={55--67},
  year={2009},
  publisher={Anadolu University}
}
@article{edwards2010mind,
  title={Mind mapping as a teaching resource},
  author={Edwards, Sarah and Cooper, Nick},
  journal={The clinical teacher},
  volume={7},
  number={4},
  pages={236--239},
  year={2010},
  publisher={Wiley Online Library}
}
@inproceedings{park2019arbitrary,
  title={Arbitrary style transfer with style-attentional networks},
  author={Park, Dae Young and Lee, Kwang Hee},
  booktitle={proceedings of the IEEE/CVF conference on computer vision and pattern recognition},
  pages={5880--5888},
  year={2019}
}
@article{dong2022dreamartist,
  title={Dreamartist: Towards controllable one-shot text-to-image generation via contrastive prompt-tuning},
  author={Dong, Ziyi and Wei, Pengxu and Lin, Liang},
  journal={arXiv preprint arXiv:2211.11337},
  year={2022}
}
@inproceedings{ruiz2023dreambooth,
  title={Dreambooth: Fine tuning text-to-image diffusion models for subject-driven generation},
  author={Ruiz, Nataniel and Li, Yuanzhen and Jampani, Varun and Pritch, Yael and Rubinstein, Michael and Aberman, Kfir},
  booktitle={Proceedings of the IEEE/CVF Conference on Computer Vision and Pattern Recognition},
  pages={22500--22510},
  year={2023}
}
@article{buccinca2021trust,
  title={To trust or to think: cognitive forcing functions can reduce overreliance on AI in AI-assisted decision-making},
  author={Bu{\c{c}}inca, Zana and Malaya, Maja Barbara and Gajos, Krzysztof Z},
  journal={Proceedings of the ACM on Human-Computer Interaction},
  volume={5},
  number={CSCW1},
  pages={1--21},
  year={2021},
  publisher={ACM New York, NY, USA}
}
@article{kim2023communicating,
  title={Communicating the limitations of AI: the effect of message framing and ownership on trust in artificial intelligence},
  author={Kim, Taenyun and Song, Hayeon},
  journal={International Journal of Human--Computer Interaction},
  volume={39},
  number={4},
  pages={790--800},
  year={2023},
  publisher={Taylor \& Francis}
}
@article{joshi2024writing,
  title={Writing with AI Lowers Psychological Ownership, but Longer Prompts Can Help},
  author={Joshi, Nikhita and Vogel, Daniel},
  journal={arXiv preprint arXiv:2404.03108},
  year={2024}
}
@article{lambe2016dual,
  title={Dual-process cognitive interventions to enhance diagnostic reasoning: a systematic review},
  author={Lambe, Kathryn Ann and O'Reilly, Gary and Kelly, Brendan D and Curristan, Sarah},
  journal={BMJ quality \& safety},
  year={2016},
  publisher={BMJ Publishing Group Ltd}
}
@article{kim2023communicating,
  title={Communicating the limitations of AI: the effect of message framing and ownership on trust in artificial intelligence},
  author={Kim, Taenyun and Song, Hayeon},
  journal={International Journal of Human--Computer Interaction},
  volume={39},
  number={4},
  pages={790--800},
  year={2023},
  publisher={Taylor \& Francis}
}
@article{dhar2000consumer,
  title={Consumer choice between hedonic and utilitarian goods},
  author={Dhar, Ravi and Wertenbroch, Klaus},
  journal={Journal of marketing research},
  volume={37},
  number={1},
  pages={60--71},
  year={2000},
  publisher={SAGE Publications Sage CA: Los Angeles, CA}
}
@article{carmon2003option,
  title={Option attachment: When deliberating makes choosing feel like losing},
  author={Carmon, Ziv and Wertenbroch, Klaus and Zeelenberg, Marcel},
  journal={Journal of Consumer research},
  volume={30},
  number={1},
  pages={15--29},
  year={2003},
  publisher={The University of Chicago Press}
}
@inproceedings{nichols2020collaborative,
  title={Collaborative storytelling with large-scale neural language models},
  author={Nichols, Eric and Gao, Leo and Gomez, Randy},
  booktitle={Proceedings of the 13th ACM SIGGRAPH Conference on Motion, Interaction and Games},
  pages={1--10},
  year={2020}
}
@inproceedings{inie2023designing,
  title={Designing Participatory AI: Creative Professionals’ Worries and Expectations about Generative AI},
  author={Inie, Nanna and Falk, Jeanette and Tanimoto, Steve},
  booktitle={Extended Abstracts of the 2023 CHI Conference on Human Factors in Computing Systems},
  pages={1--8},
  year={2023}
}
@article{singh2023hide,
  title={Where to hide a stolen elephant: Leaps in creative writing with multimodal machine intelligence},
  author={Singh, Nikhil and Bernal, Guillermo and Savchenko, Daria and Glassman, Elena L},
  journal={ACM Transactions on Computer-Human Interaction},
  volume={30},
  number={5},
  pages={1--57},
  year={2023},
  publisher={ACM New York, NY}
}
@inproceedings{clark2021choose,
  title={Choose your own adventure: Paired suggestions in collaborative writing for evaluating story generation models},
  author={Clark, Elizabeth and Smith, Noah A},
  booktitle={Proceedings of the 2021 Conference of the North American Chapter of the Association for Computational Linguistics: Human Language Technologies},
  pages={3566--3575},
  year={2021}
}
@Online{Darroch.2017,
 author = {Darroch, Gordon},
 year = {2017},
 title = {Netherlands 'will pay the price' for blocking Turkish visit – Erdoğan },
 journal = {The Guardian},
 url = {https://www.theguardian.com/world/2017/mar/12/netherlands-will-pay-the-price-for-blocking-turkish-visit-erdogan},
 urldate = {2017-03-12}
}
@Online{LANG.2023,
 author = {JAMIE, LANG},
 year = {2023},
 title = {AI Will Cut Animation Labor And Production Time By 90% Says Former Dreamworks Animation CEO Jeffrey Katzenberg},
 journal = {CARTOON BREW},
 url = {https://www.cartoonbrew.com/ideas-commentary/jeffrey-katzenberg-artificial-intelligence-will-cut-animation-production-time-labor-234649.html},
 urldate = {2023-11-09}
}
@inproceedings{gatys2016image,
  title={Image style transfer using convolutional neural networks},
  author={Gatys, Leon A and Ecker, Alexander S and Bethge, Matthias},
  booktitle={Proceedings of the IEEE conference on computer vision and pattern recognition},
  pages={2414--2423},
  year={2016}
}
@inproceedings{deng2022stytr2,
  title={Stytr2: Image style transfer with transformers},
  author={Deng, Yingying and Tang, Fan and Dong, Weiming and Ma, Chongyang and Pan, Xingjia and Wang, Lei and Xu, Changsheng},
  booktitle={Proceedings of the IEEE/CVF conference on computer vision and pattern recognition},
  pages={11326--11336},
  year={2022}
}
@Online{kim.2023,
 author = {Eun-jung, Kim},
 year = {2023},
 title = {(News Focus) Webtoons at crossroads: Is AI opportunity or threat?},
 journal = {YONHAP NEWS AGENCY},
 url = {https://en.yna.co.kr/view/AEN20230712005000315},
 urldate = {2023-06-12}
}
@article{brown2020language,
  title={Language models are few-shot learners},
  author={Brown, Tom and Mann, Benjamin and Ryder, Nick and Subbiah, Melanie and Kaplan, Jared D and Dhariwal, Prafulla and Neelakantan, Arvind and Shyam, Pranav and Sastry, Girish and Askell, Amanda and others},
  journal={Advances in neural information processing systems},
  volume={33},
  pages={1877--1901},
  year={2020}
}

@article{guo2023can,
  title={Can ChatGPT boost artistic creation: The need of imaginative intelligence for parallel art},
  author={Guo, Chao and Lu, Yue and Dou, Yong and Wang, Fei-Yue},
  journal={IEEE/CAA Journal of Automatica Sinica},
  volume={10},
  number={4},
  pages={835--838},
  year={2023},
  publisher={IEEE}
}
@article{dong2022dreamartist,
  title={Dreamartist: Towards controllable one-shot text-to-image generation via contrastive prompt-tuning},
  author={Dong, Ziyi and Wei, Pengxu and Lin, Liang},
  journal={arXiv preprint arXiv:2211.11337},
  year={2022}
}
@article{fraiwan2023review,
  title={A Review of ChatGPT Applications in Education, Marketing, Software Engineering, and Healthcare: Benefits, Drawbacks, and Research Directions},
  author={Fraiwan, Mohammad and Khasawneh, Natheer},
  journal={arXiv preprint arXiv:2305.00237},
  year={2023}
}

@article{holdsworth2021technology,
  title={Technology-Enabled and artificial intelligence support for pre-visit planning in ambulatory care: findings from an environmental scan},
  author={Holdsworth, Laura M and Park, Chance and Asch, Steven M and Lin, Steven},
  journal={The Annals of Family Medicine},
  volume={19},
  number={5},
  pages={419--426},
  year={2021},
  publisher={Annals Family Med}
}

@article{nowakowski2018vehicle,
  title={Vehicle route planning in e-waste mobile collection on demand supported by artificial intelligence algorithms},
  author={Nowakowski, Piotr and Szwarc, Krzysztof and Boryczka, Urszula},
  journal={Transportation Research Part D: Transport and Environment},
  volume={63},
  pages={1--22},
  year={2018},
  publisher={Elsevier}
}
@article{goodfellow2014generative,
  title={Generative adversarial nets},
  author={Goodfellow, Ian and Pouget-Abadie, Jean and Mirza, Mehdi and Xu, Bing and Warde-Farley, David and Ozair, Sherjil and Courville, Aaron and Bengio, Yoshua},
  journal={Advances in neural information processing systems},
  volume={27},
  year={2014}
}
@inproceedings{wang2021screen2words,
  title={Screen2words: Automatic mobile UI summarization with multimodal learning},
  author={Wang, Bryan and Li, Gang and Zhou, Xin and Chen, Zhourong and Grossman, Tovi and Li, Yang},
  booktitle={The 34th Annual ACM Symposium on User Interface Software and Technology},
  pages={498--510},
  year={2021}
}
@article{kimstudy,
  title={A Study on How to Create Interactive Children’s Books Using ChatGPT and Midjourney},
  author={Kim, Kyoung Hwan}
}
@article{xi2023study,
  title={A Study on Character Design Using [Midjourney] Application},
  author={Xi, Chen and Chung, Jeanhun},
  journal={International Journal of Advanced Culture Technology (IJACT)},
  volume={11},
  number={2},
  pages={409--414},
  year={2023}
}
@inproceedings{ueno2021continuous,
  title={Continuous and Gradual Style Changes of Graphic Designs with Generative Model},
  author={Ueno, Michihiko and Satoh, Shin’ichi},
  booktitle={26th International Conference on Intelligent User Interfaces},
  pages={280--289},
  year={2021}
}
@article{jin2023generating,
  title={Generating coherent comic with rich story using ChatGPT and Stable Diffusion},
  author={Jin, Ze and Song, Zorina},
  journal={arXiv preprint arXiv:2305.11067},
  year={2023}
}
@article{paananen2023using,
  title={Using Text-to-Image Generation for Architectural Design Ideation},
  author={Paananen, Ville and Oppenlaender, Jonas and Visuri, Aku},
  journal={arXiv preprint arXiv:2304.10182},
  year={2023}
}

@article{weisz2023toward,
  title={Toward general design principles for generative AI applications},
  author={Weisz, Justin D and Muller, Michael and He, Jessica and Houde, Stephanie},
  journal={arXiv preprint arXiv:2301.05578},
  year={2023}
}
@inproceedings{liu2022opal,
  title={Opal: Multimodal image generation for news illustration},
  author={Liu, Vivian and Qiao, Han and Chilton, Lydia},
  booktitle={Proceedings of the 35th Annual ACM Symposium on User Interface Software and Technology},
  pages={1--17},
  year={2022}
}
@inproceedings{ko2023large,
  title={Large-scale text-to-image generation models for visual artists’ creative works},
  author={Ko, Hyung-Kwon and Park, Gwanmo and Jeon, Hyeon and Jo, Jaemin and Kim, Juho and Seo, Jinwook},
  booktitle={Proceedings of the 28th International Conference on Intelligent User Interfaces},
  pages={919--933},
  year={2023}
}
@article{alabdulkarim2021goal,
  title={Goal-directed story generation: Augmenting generative language models with reinforcement learning},
  author={Alabdulkarim, Amal and Li, Winston and Martin, Lara J and Riedl, Mark O},
  journal={arXiv preprint arXiv:2112.08593},
  year={2021}
}
@article{duval2020breaking,
  title={Breaking Writer's Block: Low-cost Fine-tuning of Natural Language Generation Models},
  author={Duval, Alexandre and Lamson, Thomas and de K{\'e}rouara, Ga{\"e}l de L{\'e}s{\'e}leuc and Gall{\'e}, Matthias},
  journal={arXiv preprint arXiv:2101.03216},
  year={2020}
}
@article{yao2023promptcare,
  title={PromptCARE: Prompt Copyright Protection by Watermark Injection and Verification},
  author={Yao, Hongwei and Lou, Jian and Ren, Kui and Qin, Zhan},
  journal={arXiv preprint arXiv:2308.02816},
  year={2023}
}
@inproceedings{zhong2023copyright,
  title={Copyright Protection and Accountability of Generative AI: Attack, Watermarking and Attribution},
  author={Zhong, Haonan and Chang, Jiamin and Yang, Ziyue and Wu, Tingmin and Mahawaga Arachchige, Pathum Chamikara and Pathmabandu, Chehara and Xue, Minhui},
  booktitle={Companion Proceedings of the ACM Web Conference 2023},
  pages={94--98},
  year={2023}
}
@article{wang2023stylediffusion,
  title={StyleDiffusion: Controllable Disentangled Style Transfer via Diffusion Models},
  author={Wang, Zhizhong and Zhao, Lei and Xing, Wei},
  journal={arXiv preprint arXiv:2308.07863},
  year={2023}
}
@article{zhou2023enhancing,
  title={Enhancing Detail Preservation for Customized Text-to-Image Generation: A Regularization-Free Approach},
  author={Zhou, Yufan and Zhang, Ruiyi and Sun, Tong and Xu, Jinhui},
  journal={arXiv preprint arXiv:2305.13579},
  year={2023}
}
@article{ruiz2022dreambooth,
  title={DreamBooth: Fine Tuning Text-to-image Diffusion Models for Subject-Driven Generation},
  author={Ruiz, Nataniel and Li, Yuanzhen and Jampani, Varun and Pritch, Yael and Rubinstein, Michael and Aberman, Kfir},
  booktitle={arXiv preprint arxiv:2208.12242},
  year={2022}
}
@article{wei2023elite,
  title={Elite: Encoding visual concepts into textual embeddings for customized text-to-image generation},
  author={Wei, Yuxiang and Zhang, Yabo and Ji, Zhilong and Bai, Jinfeng and Zhang, Lei and Zuo, Wangmeng},
  journal={arXiv preprint arXiv:2302.13848},
  year={2023}
}
@inproceedings{xu2016text,
  title={Text similarity algorithm based on semantic vector space model},
  author={Xu, LiHong and Sun, ShuTao and Wang, Qi},
  booktitle={2016 IEEE/ACIS 15th International Conference on Computer and Information Science (ICIS)},
  pages={1--4},
  year={2016},
  organization={IEEE}
}
@article{kim2023reference,
  title={Reference-based Image Composition with Sketch via Structure-aware Diffusion Model},
  author={Kim, Kangyeol and Park, Sunghyun and Lee, Junsoo and Choo, Jaegul},
  journal={arXiv preprint arXiv:2304.09748},
  year={2023}
}
@inproceedings{wang2014learning,
  title={Learning fine-grained image similarity with deep ranking},
  author={Wang, Jiang and Song, Yang and Leung, Thomas and Rosenberg, Chuck and Wang, Jingbin and Philbin, James and Chen, Bo and Wu, Ying},
  booktitle={Proceedings of the IEEE conference on computer vision and pattern recognition},
  pages={1386--1393},
  year={2014}
}
@inproceedings{ahn2023interactive,
  title={Interactive Cartoonization with Controllable Perceptual Factors},
  author={Ahn, Namhyuk and Kwon, Patrick and Back, Jihye and Hong, Kibeom and Kim, Seungkwon},
  booktitle={Proceedings of the IEEE/CVF Conference on Computer Vision and Pattern Recognition},
  pages={16827--16835},
  year={2023}
}
@inproceedings{lee2022cartoon,
  title={Cartoon-Flow: A Flow-Based Generative Adversarial Network for Arbitrary-Style Photo Cartoonization},
  author={Lee, Jieun and Kim, Hyeonwoo and Shim, Jonghwa and Hwang, Eenjun},
  booktitle={Proceedings of the 30th ACM International Conference on Multimedia},
  pages={1241--1251},
  year={2022}
}

@inproceedings{ruan2022anime,
  title={Anime Characters Generation with Generative Adversarial Networks},
  author={Ruan, Shengrui},
  booktitle={2022 IEEE International Conference on Advances in Electrical Engineering and Computer Applications (AEECA)},
  pages={1332--1335},
  year={2022},
  organization={IEEE}
}
@inproceedings{jadhav2023high,
  title={High Fidelity Face Generation with Style Generative Adversarial Networks},
  author={Jadhav, Ranjana and Gokhale, Vedant and Deshpande, Mihir and Gore, Aayush and Gharpure, Adwait and Yadav, Harsh},
  booktitle={2023 2nd International Conference on Smart Technologies and Systems for Next Generation Computing (ICSTSN)},
  pages={1--6},
  year={2023},
  organization={IEEE}
}
@article{yang2021icon,
  title={Icon generation based on generative adversarial networks},
  author={Yang, Hongyi and Xue, Chengqi and Yang, Xiaoying and Yang, Han},
  journal={Applied Sciences},
  volume={11},
  number={17},
  pages={7890},
  year={2021},
  publisher={MDPI}
}
@article{kang2023fall,
  title={FALL-E: A Foley Sound Synthesis Model and Strategies},
  author={Kang, Minsung and Oh, Sangshin and Moon, Hyeongi and Lee, Kyungyun and Chon, Ben Sangbae},
  journal={arXiv preprint arXiv:2306.09807},
  year={2023}
}
@inproceedings{wang2022cps,
  title={CPS: Full-Song and Style-Conditioned Music Generation with Linear Transformer},
  author={Wang, Weipeng and Li, Xiaobing and Jin, Cong and Lu, Di and Zhou, Qingwen and Tie, Yun},
  booktitle={2022 IEEE International Conference on Multimedia and Expo Workshops (ICMEW)},
  pages={1--6},
  year={2022},
  organization={IEEE}
}
@article{saputra2023impact,
  title={The Impact of Using AI Chat GPT on Marketing Effectiveness: A Case Study on Instagram Marketing},
  author={Saputra, Raihan and Nasution, Muhammad Irwan Padli and Dharma, Budi},
  journal={Indonesian Journal of Economics and Management},
  volume={3},
  number={3},
  pages={603--617},
  year={2023}
}
@inproceedings{yuan2022wordcraft,
  title={Wordcraft: story writing with large language models},
  author={Yuan, Ann and Coenen, Andy and Reif, Emily and Ippolito, Daphne},
  booktitle={27th International Conference on Intelligent User Interfaces},
  pages={841--852},
  year={2022}
}
@article{proven2021comicgan,
  title={ComicGAN: Text-to-comic generative adversarial network},
  author={Proven-Bessel, Ben and Zhao, Zilong and Chen, Lydia},
  journal={arXiv preprint arXiv:2109.09120},
  year={2021}
}
@inproceedings{ko2022we,
  title={We-toon: A Communication Support System between Writers and Artists in Collaborative Webtoon Sketch Revision},
  author={Ko, Hyung-Kwon and An, Subin and Park, Gwanmo and Kim, Seung Kwon and Kim, Daesik and Kim, Bohyoung and Jo, Jaemin and Seo, Jinwook},
  booktitle={Proceedings of the 35th Annual ACM Symposium on User Interface Software and Technology},
  pages={1--14},
  year={2022}
}
@article{ippolito2022creative,
  title={Creative writing with an ai-powered writing assistant: Perspectives from professional writers},
  author={Ippolito, Daphne and Yuan, Ann and Coenen, Andy and Burnam, Sehmon},
  journal={arXiv preprint arXiv:2211.05030},
  year={2022}
}
@inproceedings{dang2022beyond,
  title={Beyond text generation: Supporting writers with continuous automatic text summaries},
  author={Dang, Hai and Benharrak, Karim and Lehmann, Florian and Buschek, Daniel},
  booktitle={Proceedings of the 35th Annual ACM Symposium on User Interface Software and Technology},
  pages={1--13},
  year={2022}
}
@article{fraser2023friendly,
  title={A Friendly Face: Do Text-to-Image Systems Rely on Stereotypes when the Input is Under-Specified?},
  author={Fraser, Kathleen C and Kiritchenko, Svetlana and Nejadgholi, Isar},
  journal={arXiv preprint arXiv:2302.07159},
  year={2023}
}
@article{white2023prompt,
  title={A prompt pattern catalog to enhance prompt engineering with chatgpt},
  author={White, Jules and Fu, Quchen and Hays, Sam and Sandborn, Michael and Olea, Carlos and Gilbert, Henry and Elnashar, Ashraf and Spencer-Smith, Jesse and Schmidt, Douglas C},
  journal={arXiv preprint arXiv:2302.11382},
  year={2023}
}
@inproceedings{liu2022design,
  title={Design guidelines for prompt engineering text-to-image generative models},
  author={Liu, Vivian and Chilton, Lydia B},
  booktitle={Proceedings of the 2022 CHI Conference on Human Factors in Computing Systems},
  pages={1--23},
  year={2022}
}
@inproceedings{yan2022flatmagic,
  title={FlatMagic: Improving flat colorization through AI-driven design for digital comic professionals},
  author={Yan, Chuan and Chung, John Joon Young and Kiheon, Yoon and Gingold, Yotam and Adar, Eytan and Hong, Sungsoo Ray},
  booktitle={Proceedings of the 2022 CHI Conference on Human Factors in Computing Systems},
  pages={1--17},
  year={2022}
}
@article{borji2022generated,
  title={Generated faces in the wild: Quantitative comparison of stable diffusion, midjourney and dall-e 2},
  author={Borji, Ali},
  journal={arXiv preprint arXiv:2210.00586},
  year={2022}
}
@article{zhao2022cartoon,
  title={Cartoon Image Processing: A Survey},
  author={Zhao, Yang and Ren, Diya and Chen, Yuan and Jia, Wei and Wang, Ronggang and Liu, Xiaoping},
  journal={International Journal of Computer Vision},
  volume={130},
  number={11},
  pages={2733--2769},
  year={2022},
  publisher={Springer}
}
@inproceedings{kim2019tag2pix,
  title={Tag2pix: Line art colorization using text tag with secat and changing loss},
  author={Kim, Hyunsu and Jhoo, Ho Young and Park, Eunhyeok and Yoo, Sungjoo},
  booktitle={Proceedings of the IEEE/CVF international conference on computer vision},
  pages={9056--9065},
  year={2019}
}
@article{liu2017auto,
  title={Auto-painter: Cartoon image generation from sketch by using conditional generative adversarial networks},
  author={Liu, Yifan and Qin, Zengchang and Luo, Zhenbo and Wang, Hua},
  journal={arXiv preprint arXiv:1705.01908},
  year={2017}
}
@inproceedings{fu2023comparing,
  title={Comparing Sentence-Level Suggestions to Message-Level Suggestions in AI-Mediated Communication},
  author={Fu, Liye and Newman, Benjamin and Jakesch, Maurice and Kreps, Sarah},
  booktitle={Proceedings of the 2023 CHI Conference on Human Factors in Computing Systems},
  pages={1--13},
  year={2023}
}
@inproceedings{dang2023choice,
  title={Choice over control: How users write with large language models using diegetic and non-diegetic prompting},
  author={Dang, Hai and Goller, Sven and Lehmann, Florian and Buschek, Daniel},
  booktitle={Proceedings of the 2023 CHI Conference on Human Factors in Computing Systems},
  pages={1--17},
  year={2023}
}
@inproceedings{chen2002pictoon,
  title={PicToon: a personalized image-based cartoon system},
  author={Chen, Hong and Zheng, Nan-Ning and Liang, Lin and Li, Yan and Xu, Ying-Qing and Shum, Heung-Yeung},
  booktitle={Proceedings of the tenth ACM international conference on Multimedia},
  pages={171--178},
  year={2002}
}
@inproceedings{qiao2022initial,
  title={Initial images: using image prompts to improve subject representation in multimodal ai generated art},
  author={Qiao, Han and Liu, Vivian and Chilton, Lydia},
  booktitle={Proceedings of the 14th Conference on Creativity and Cognition},
  pages={15--28},
  year={2022}
}
@inproceedings{yurman2022drawing,
  title={Drawing Conversations Mediated by AI},
  author={Yurman, Paulina and Reddy, Anuradha Venugopal},
  booktitle={Proceedings of the 14th Conference on Creativity and Cognition},
  pages={56--70},
  year={2022}
}
@inproceedings{wang2023popblends,
  title={PopBlends: Strategies for conceptual blending with large language models},
  author={Wang, Sitong and Petridis, Savvas and Kwon, Taeahn and Ma, Xiaojuan and Chilton, Lydia B},
  booktitle={Proceedings of the 2023 CHI Conference on Human Factors in Computing Systems},
  pages={1--19},
  year={2023}
}
@inproceedings{haoran2023magical,
  title={Magical Brush: A Symbol-Based Modern Chinese Painting System for Novices},
  author={Haoran, Xu and Shuyao, Chen and Zhang, Ying},
  booktitle={Proceedings of the 2023 CHI Conference on Human Factors in Computing Systems},
  pages={1--14},
  year={2023}
}
@inproceedings{inoue2018cross,
  title={Cross-domain weakly-supervised object detection through progressive domain adaptation},
  author={Inoue, Naoto and Furuta, Ryosuke and Yamasaki, Toshihiko and Aizawa, Kiyoharu},
  booktitle={Proceedings of the IEEE conference on computer vision and pattern recognition},
  pages={5001--5009},
  year={2018}
}

@article{stricker2018facial,
  title={Facial landmark detection for manga images},
  author={Stricker, Marco and Augereau, Olivier and Kise, Koichi and Iwata, Motoi},
  journal={arXiv preprint arXiv:1811.03214},
  year={2018}
}

@article{zhang2020acfd,
  title={Acfd: Asymmetric cartoon face detector},
  author={Zhang, Bin and Li, Jian and Wang, Yabiao and Cui, Zhipeng and Xia, Yili and Wang, Chengjie and Li, Jilin and Huang, Feiyue},
  journal={arXiv preprint arXiv:2007.00899},
  year={2020}
}

@inproceedings{gupta2018imagine,
  title={Imagine this! scripts to compositions to videos},
  author={Gupta, Tanmay and Schwenk, Dustin and Farhadi, Ali and Hoiem, Derek and Kembhavi, Aniruddha},
  booktitle={Proceedings of the European conference on computer vision (ECCV)},
  pages={598--613},
  year={2018}
}
@article{you2019pi,
  title={PI-REC: Progressive image reconstruction network with edge and color domain},
  author={You, Sheng and You, Ning and Pan, Minxue},
  journal={arXiv preprint arXiv:1903.10146},
  year={2019}
}
@inproceedings{tseng2020modeling,
  title={Modeling artistic workflows for image generation and editing},
  author={Tseng, Hung-Yu and Fisher, Matthew and Lu, Jingwan and Li, Yijun and Kim, Vladimir and Yang, Ming-Hsuan},
  booktitle={Computer Vision--ECCV 2020: 16th European Conference, Glasgow, UK, August 23--28, 2020, Proceedings, Part XVIII 16},
  pages={158--174},
  year={2020},
  organization={Springer}
}
@article{sun2019smartpaint,
  title={SmartPaint: a co-creative drawing system based on generative adversarial networks},
  author={Sun, Lingyun and Chen, Pei and Xiang, Wei and Chen, Peng and Gao, Wei-yue and Zhang, Ke-jun},
  journal={Frontiers of Information Technology \& Electronic Engineering},
  volume={20},
  number={12},
  pages={1644--1656},
  year={2019},
  publisher={Springer}
}
@article{simo2016learning,
  title={Learning to simplify: fully convolutional networks for rough sketch cleanup},
  author={Simo-Serra, Edgar and Iizuka, Satoshi and Sasaki, Kazuma and Ishikawa, Hiroshi},
  journal={ACM Transactions on Graphics (TOG)},
  volume={35},
  number={4},
  pages={1--11},
  year={2016},
  publisher={ACM New York, NY, USA}
}

@article{simo2018real,
  title={Real-time data-driven interactive rough sketch inking},
  author={Simo-Serra, Edgar and Iizuka, Satoshi and Ishikawa, Hiroshi},
  journal={ACM Transactions on Graphics (TOG)},
  volume={37},
  number={4},
  pages={1--14},
  year={2018},
  publisher={ACM New York, NY, USA}
}

@incollection{royer2020xgan,
  title={Xgan: Unsupervised image-to-image translation for many-to-many mappings},
  author={Royer, Am{\'e}lie and Bousmalis, Konstantinos and Gouws, Stephan and Bertsch, Fred and Mosseri, Inbar and Cole, Forrester and Murphy, Kevin},
  booktitle={Domain Adaptation for Visual Understanding},
  pages={33--49},
  year={2020},
  publisher={Springer}
}

@article{hicsonmez2020ganilla,
  title={GANILLA: Generative adversarial networks for image to illustration translation},
  author={Hicsonmez, Samet and Samet, Nermin and Akbas, Emre and Duygulu, Pinar},
  journal={Image and Vision Computing},
  volume={95},
  pages={103886},
  year={2020},
  publisher={Elsevier}
}

@article{ho2020denoising,
  title={Denoising diffusion probabilistic models},
  author={Ho, Jonathan and Jain, Ajay and Abbeel, Pieter},
  journal={Advances in neural information processing systems},
  volume={33},
  pages={6840--6851},
  year={2020}
}
@inproceedings{reed2016generative,
  title={Generative adversarial text to image synthesis},
  author={Reed, Scott and Akata, Zeynep and Yan, Xinchen and Logeswaran, Lajanugen and Schiele, Bernt and Lee, Honglak},
  booktitle={International conference on machine learning},
  pages={1060--1069},
  year={2016},
  organization={PMLR}
}

@inproceedings{ramesh2021zero,
  title={Zero-shot text-to-image generation},
  author={Ramesh, Aditya and Pavlov, Mikhail and Goh, Gabriel and Gray, Scott and Voss, Chelsea and Radford, Alec and Chen, Mark and Sutskever, Ilya},
  booktitle={International Conference on Machine Learning},
  pages={8821--8831},
  year={2021},
  organization={PMLR}
}
@article{gong2023talecrafter,
  title={TaleCrafter: Interactive Story Visualization with Multiple Characters},
  author={Gong, Yuan and Pang, Youxin and Cun, Xiaodong and Xia, Menghan and Chen, Haoxin and Wang, Longyue and Zhang, Yong and Wang, Xintao and Shan, Ying and Yang, Yujiu},
  journal={arXiv preprint arXiv:2305.18247},
  year={2023}
}

@article{proven2021comicgan,
  title={ComicGAN: Text-to-comic generative adversarial network},
  author={Proven-Bessel, Ben and Zhao, Zilong and Chen, Lydia},
  journal={arXiv preprint arXiv:2109.09120},
  year={2021}
}

@article{ahninteractive,
  title={Interactive Cartoonization with Controllable Perceptual Factors (Supplementary Material)},
  author={Ahn, Namhyuk and Kwon, Patrick and Back, Jihye and Hong, Kibeom and Kim, Seungkwon and AI, NAVER WEBTOON}
}

@article{ruiz2022dreambooth,
  title={DreamBooth: Fine Tuning Text-to-image Diffusion Models for Subject-Driven Generation},
  author={Ruiz, Nataniel and Li, Yuanzhen and Jampani, Varun and Pritch, Yael and Rubinstein, Michael and Aberman, Kfir},
  booktitle={arXiv preprint arxiv:2208.12242},
  year={2022}
}
@article{dong2022dreamartist,
  title={Dreamartist: Towards controllable one-shot text-to-image generation via contrastive prompt-tuning},
  author={Dong, Ziyi and Wei, Pengxu and Lin, Liang},
  journal={arXiv preprint arXiv:2211.11337},
  year={2022}
}

@article{nam2021digital,
  title={Digital natives’ snack content consumption and their goals: A means-end chain approach},
  author={Nam, Jinyoung and Jung, Yoonhyuk},
  journal={Telematics and Informatics},
  volume={63},
  pages={101664},
  year={2021},
  publisher={Elsevier}
}

@article{dal2019snack,
  title={Snack Culture's Dream of Big-Screen Culture: Korean Webtoons' Transmedia Storytelling.},
  author={Dal Yong, JIN},
  journal={International Journal of Communication (19328036)},
  volume={13},
  year={2019}
}

@article{jamil2022overview,
  title={Overview of JPEG Snack: A Novel International Standard for the Snack Culture},
  author={Jamil, Sonain and Kwon, Oh-Jin and Choi, Seungcheol and Kuzma, Andy and Ullah, Faiz and Lee, Jinhee and others},
  journal={IEEE Access},
  volume={10},
  pages={133402--133411},
  year={2022},
  publisher={IEEE}
}

@article{yecies2020global,
  title={Global transcreators and the extension of the Korean webtoon IP-engine},
  author={Yecies, Brian and Shim, Aegyung and Yang, Jack and Zhong, Peter Yong},
  journal={Media, Culture \& Society},
  volume={42},
  number={1},
  pages={40--57},
  year={2020},
  publisher={SAGE Publications Sage UK: London, England}
}

@inproceedings{huh2022cocomix,
  title={Cocomix: Utilizing Comments to Improve Non-Visual Webtoon Accessibility},
  author={Huh, Mina and Lee, YunJung and Choi, Dasom and Kim, Haesoo and Oh, Uran and Kim, Juho},
  booktitle={Proceedings of the 2022 CHI Conference on Human Factors in Computing Systems},
  pages={1--18},
  year={2022}
}

@article{park2023effect,
  title={The Effect of Instatoon Service Quality on Diffusion Intention through Satisfaction and Dissatisfaction Coexistence},
  author={Park, Chanuk and Lee, Sin-Bok and Chae, Young-Il},
  journal={The International Journal of Advanced Smart Convergence},
  volume={12},
  number={1},
  pages={108--119},
  year={2023}
}

@article{yu2023study,
  title={A Study on Generating Webtoons Using Multilingual Text-to-Image Models},
  author={Yu, Kyungho and Kim, Hyoungju and Kim, Jeongin and Chun, Chanjun and Kim, Pankoo},
  journal={Applied Sciences},
  volume={13},
  number={12},
  pages={7278},
  year={2023},
  publisher={MDPI}
}

@inproceedings{ahn2023interactive,
  title={Interactive Cartoonization with Controllable Perceptual Factors},
  author={Ahn, Namhyuk and Kwon, Patrick and Back, Jihye and Hong, Kibeom and Kim, Seungkwon},
  booktitle={Proceedings of the IEEE/CVF Conference on Computer Vision and Pattern Recognition},
  pages={16827--16835},
  year={2023}
}

@inproceedings{chen2020animegan,
  title={AnimeGAN: a novel lightweight GAN for photo animation},
  author={Chen, Jie and Liu, Gang and Chen, Xin},
  booktitle={International symposium on intelligence computation and applications},
  pages={242--256},
  year={2020},
  organization={Springer}
}

@article{hwang2022animation,
  title={Animation Highlight Extraction for Webtoon Creation},
  author={Hwang, Jinsoo and Choi, Jongwon},
  journal={Moving Image \& Technology (MINT)},
  volume={2},
  number={4},
  pages={1--6},
  year={2022}
}

@article{shim2020cultural,
  title={Cultural intermediation and the basis of trust among webtoon and webnovel communities},
  author={Shim, Aegyung and Yecies, Brian and Ren, Xiang and Wang, Dingkun},
  journal={Information, Communication \& Society},
  volume={23},
  number={6},
  pages={833--848},
  year={2020},
  publisher={Taylor \& Francis}
}

@article{bird2020fairlearn,
  title={Fairlearn: A toolkit for assessing and improving fairness in AI},
  author={Bird, Sarah and Dud{\'\i}k, Miro and Edgar, Richard and Horn, Brandon and Lutz, Roman and Milan, Vanessa and Sameki, Mehrnoosh and Wallach, Hanna and Walker, Kathleen},
  journal={Microsoft, Tech. Rep. MSR-TR-2020-32},
  year={2020}
}

@article{bennett2020point,
  title={What is the point of fairness?},
  author={Bennett, Cynthia and Keyes, Os},
  journal={Interactions},
  volume={27},
  number={3},
  pages={35--39},
  year={2020},
  publisher={ACM New York, NY, USA}
}

@article{friedrich2023fair,
  title={Fair diffusion: Instructing text-to-image generation models on fairness},
  author={Friedrich, Felix and Schramowski, Patrick and Brack, Manuel and Struppek, Lukas and Hintersdorf, Dominik and Luccioni, Sasha and Kersting, Kristian},
  journal={arXiv preprint arXiv:2302.10893},
  year={2023}
}

@article{tan2020improving,
  title={Improving the fairness of deep generative models without retraining},
  author={Tan, Shuhan and Shen, Yujun and Zhou, Bolei},
  journal={arXiv preprint arXiv:2012.04842},
  year={2020}
}

@article{hao2023safety,
  title={Safety and Fairness for Content Moderation in Generative Models},
  author={Hao, Susan and Kumar, Piyush and Laszlo, Sarah and Poddar, Shivani and Radharapu, Bhaktipriya and Shelby, Renee},
  journal={arXiv preprint arXiv:2306.06135},
  year={2023}
}

@article{sun2023smiling,
  title={Smiling Women Pitching Down: Auditing Representational and Presentational Gender Biases in Image Generative AI},
  author={Sun, Luhang and Wei, Mian and Sun, Yibing and Suh, Yoo Ji and Shen, Liwei and Yang, Sijia},
  journal={arXiv preprint arXiv:2305.10566},
  year={2023}
}

@article{shihadehshattering,
  title={Shattering Bias: A Path to Bridging the Gender Divide with Creative Machines},
  author={Shihadeh, Juliana and Ackerman, Margareta}
}

@article{haesevoets2021human,
  title={Human-machine collaboration in managerial decision making},
  author={Haesevoets, Tessa and De Cremer, David and Dierckx, Kim and Van Hiel, Alain},
  journal={Computers in Human Behavior},
  volume={119},
  pages={106730},
  year={2021},
  publisher={Elsevier}
}

@inproceedings{liu2022design,
  title={Design guidelines for prompt engineering text-to-image generative models},
  author={Liu, Vivian and Chilton, Lydia B},
  booktitle={Proceedings of the 2022 CHI Conference on Human Factors in Computing Systems},
  pages={1--23},
  year={2022}
}

@incollection{dix2021writer,
  title={From writer's block to extended plot: Career construction theory and lives in writing},
  author={Dix, Hywel},
  booktitle={Career Construction Theory and Life Writing},
  pages={8--23},
  year={2021},
  publisher={Routledge}
}

@inproceedings{oh2018lead,
  title={I lead, you help but only with enough details: Understanding user experience of co-creation with artificial intelligence},
  author={Oh, Changhoon and Song, Jungwoo and Choi, Jinhan and Kim, Seonghyeon and Lee, Sungwoo and Suh, Bongwon},
  booktitle={Proceedings of the 2018 CHI Conference on Human Factors in Computing Systems},
  pages={1--13},
  year={2018}
}

@inproceedings{biermann2022tool,
  title={From tool to companion: Storywriters want AI writers to respect their personal values and writing strategies},
  author={Biermann, Oloff C and Ma, Ning F and Yoon, Dongwook},
  booktitle={Designing Interactive Systems Conference},
  pages={1209--1227},
  year={2022}
}

@article{vyas2023provable,
  title={Provable copyright protection for generative models},
  author={Vyas, Nikhil and Kakade, Sham and Barak, Boaz},
  journal={arXiv preprint arXiv:2302.10870},
  year={2023}
}

@inproceedings{choi2023protecting,
  title={Protecting Visual Artists from Generative AI: An Interdisciplinary Perspective},
  author={Choi, E},
  booktitle={1st ICML Workshop on Generative AI and Law},
  year={2023}
}

@article{WebtoonPaper,
   author = {MIN-JE PARK},
   title = {Webtoons, big in Japan, are Korea’s latest K-export},
   year = {2020},
   journal = {Korea JoongAng Daily},
   note = {Available at: \url{https://koreajoongangdaily.joins.com/2020/04/20/industry/Webtoons-big-in-Japan-are-Koreas-latest-Kexport/3076275.html} (Accessed: {09/11/2023})},
   month = {20 Apr},
   type = {Newspaper Article}
}

@misc{OxDictionary,
  title = {{Oxford Dictionary} Meaning of a word 'Webtoon'},
  howpublished = {\url{https://www.oed.com/dictionary/webtoon_n?tab=meaning_and_use#991209960500}},
  note = {Accessed: 09/11/2023}
}

@article{AuthorNumber,
   author = {SO-YEON YOON},
   title = {[WHY] The rise of webtoons means fat pay checks, but only for a few},
   year = {2022},
   journal = {Korea JoongAng Daily},
   note = {Available at: \url{https://koreajoongangdaily.joins.com/2022/04/02/business/industry/webtoon-webtoonist-Naver/20220402070019357.html} (Accessed: {09/11/2023})},
   month = {2 Apr},
   type = {Newspaper Article}
}

@article{rezwana2022designing,
  title={Designing creative AI partners with COFI: A framework for modeling interaction in human-AI co-creative systems},
  author={Rezwana, Jeba and Maher, Mary Lou},
  journal={ACM Transactions on Computer-Human Interaction},
  year={2022},
  publisher={ACM New York, NY}
}

@misc{ComicsMaker,
  title = {{ComicsMaker.ai} a service providing creating comics},
  howpublished = {\url{https://www.comicsmaker.ai/}},
  note = {Accessed: 09/11/2023}
}

@inproceedings{chung2022talebrush,
  title={TaleBrush: Sketching stories with generative pretrained language models},
  author={Chung, John Joon Young and Kim, Wooseok and Yoo, Kang Min and Lee, Hwaran and Adar, Eytan and Chang, Minsuk},
  booktitle={Proceedings of the 2022 CHI Conference on Human Factors in Computing Systems},
  pages={1--19},
  year={2022}
}

@article{coenen2021wordcraft,
  title={Wordcraft: a human-ai collaborative editor for story writing},
  author={Coenen, Andy and Davis, Luke and Ippolito, Daphne and Reif, Emily and Yuan, Ann},
  journal={arXiv preprint arXiv:2107.07430},
  year={2021}
}

@misc{dawnai,
  title = {{dawnai} a service generating an avatar based on a text description or an image},
  howpublished = {\url{https://dawnai.app/}},
  note = {Accessed: 09/11/2023}
}

@article{kolotouros2023dreamhuman,
  title={DreamHuman: Animatable 3D Avatars from Text},
  author={Kolotouros, Nikos and Alldieck, Thiemo and Zanfir, Andrei and Bazavan, Eduard Gabriel and Fieraru, Mihai and Sminchisescu, Cristian},
  journal={arXiv preprint arXiv:2306.09329},
  year={2023}
}

@misc{naver,
  title = {{naver} Website of the Naver},
  howpublished = {\url{https://comic.naver.com}},
  note = {Accessed: 09/12/2023}
}

@article{green2007generating,
  title={Generating best evidence from qualitative research: the role of data analysis},
  author={Green, Julie and Willis, Karen and Hughes, Emma and Small, Rhonda and Welch, Nicky and Gibbs, Lisa and Daly, Jeanne},
  journal={Australian and New Zealand journal of public health},
  volume={31},
  number={6},
  pages={545--550},
  year={2007},
  publisher={Elsevier}
}

@misc{naverBoycott,
  title = {Boycott for using AI in webtoon creation},
  howpublished = {\url{https://koreajoongangdaily.joins.com/2023/06/10/business/tech/Korea-webtoon-AI/20230610060020578.html}},
  note = {Accessed: 09/13/2023}}

@inproceedings{um2023fair,
  title={A Fair Generative Model Using LeCam Divergence},
  author={Um, Soobin and Suh, Changho},
  booktitle={Proceedings of the AAAI Conference on Artificial Intelligence},
  volume={37},
  number={8},
  pages={10034--10042},
  year={2023}
}

@article{alaluf2021only,
  title={Only a matter of style: Age transformation using a style-based regression model},
  author={Alaluf, Yuval and Patashnik, Or and Cohen-Or, Daniel},
  journal={ACM Transactions on Graphics (TOG)},
  volume={40},
  number={4},
  pages={1--12},
  year={2021},
  publisher={ACM New York, NY, USA}
}

@article{mehrabi2021survey,
  title={A survey on bias and fairness in machine learning},
  author={Mehrabi, Ninareh and Morstatter, Fred and Saxena, Nripsuta and Lerman, Kristina and Galstyan, Aram},
  journal={ACM computing surveys (CSUR)},
  volume={54},
  number={6},
  pages={1--35},
  year={2021},
  publisher={ACM New York, NY, USA}
}
@misc{clovanote,
  title = {clovanote},
  howpublished = {\url{https://clovanote.naver.com/}},
  note = {Accessed: 09/15/2023}}

@misc{originalityai,
  title = {originality.ai},
  howpublished = {\url{https://originality.ai/}},
  note = {Accessed: 09/13/2023}}

@misc{copyleaks,
  title = {copyleaks},
  howpublished = {\url{https://copyleaks.com/plagiarism-checker}},
  note = {Accessed: 09/13/2023}}

@article{goodman1961snowball,
  title={Snowball sampling},
  author={Goodman, Leo A},
  journal={The annals of mathematical statistics},
  pages={148--170},
  year={1961},
  publisher={JSTOR}
}

@misc{numberOffemale,
  title = {Number of Female in webtoon industry},
  howpublished = {\url{https://nodonggongje.org/workinfo/?idx=15301485\&bmode=view}},
  note = {Accessed: 09/14/2023}}

@misc{Midjourney,
  title = {Midjourney},
  howpublished = {\url{https://www.midjourney.com/}},
  note = {Accessed: 09/14/2023}}

@misc{ChatGPT,
  title = {ChatGPT},
  howpublished = {\url{https://chat.openai.com/}},
  note = {Accessed: 09/14/2023}}

@article{dang2022prompt,
  title={How to prompt? Opportunities and challenges of zero-and few-shot learning for human-AI interaction in creative applications of generative models},
  author={Dang, Hai and Mecke, Lukas and Lehmann, Florian and Goller, Sven and Buschek, Daniel},
  journal={arXiv preprint arXiv:2209.01390},
  year={2022}
}

@article{preiksaitis2023opportunities,
  title={Opportunities, challenges, and future directions of generative artificial intelligence in medical education: scoping review},
  author={Preiksaitis, Carl and Rose, Christian and others},
  journal={JMIR Medical Education},
  volume={9},
  number={1},
  pages={e48785},
  year={2023},
  publisher={JMIR Publications Inc., Toronto, Canada}
}

@article{dehouche2021plagiarism,
  title={Plagiarism in the age of massive Generative Pre-trained Transformers (GPT-3)},
  author={Dehouche, Nassim},
  journal={Ethics in Science and Environmental Politics},
  volume={21},
  pages={17--23},
  year={2021}
}

@inproceedings{kenthapadi2023generative,
  title={Generative AI Meets Responsible AI: Practical Challenges and Opportunities},
  author={Kenthapadi, Krishnaram and Lakkaraju, Himabindu and Rajani, Nazneen},
  booktitle={Proceedings of the 29th ACM SIGKDD Conference on Knowledge Discovery and Data Mining},
  pages={5805--5806},
  year={2023}
}

@article{oppenlaender2022prompt,
  title={Prompt engineering for text-based generative art},
  author={Oppenlaender, Jonas},
  journal={arXiv preprint arXiv:2204.13988},
  year={2022}
}

@article{bryan2022exploring,
  title={Exploring XAI for the arts: Explaining latent space in generative music},
  author={Bryan-Kinns, Nick and Banar, Berker and Ford, Corey and Reed, C and Zhang, Yixiao and Colton, Simon and Armitage, Jack and others},
  year={2022}
}

@inproceedings{liu2022design,
  title={Design guidelines for prompt engineering text-to-image generative models},
  author={Liu, Vivian and Chilton, Lydia B},
  booktitle={Proceedings of the 2022 CHI Conference on Human Factors in Computing Systems},
  pages={1--23},
  year={2022}
}

@inproceedings{sarzaeim2023framework,
  title={A Framework for Detecting AI-Generated Text in Research Publications},
  author={Sarzaeim, Paria and Doshi, Arya and Mahmoud, Qusay},
  booktitle={Proceedings of the International Conference on Advanced Technologies},
  volume={11},
  pages={121--127},
  year={2023}
}

@misc{fui2023generative,
  title={Generative AI and ChatGPT: Applications, challenges, and AI-human collaboration},
  author={Fui-Hoon Nah, Fiona and Zheng, Ruilin and Cai, Jingyuan and Siau, Keng and Chen, Langtao},
  journal={Journal of Information Technology Case and Application Research},
  volume={25},
  number={3},
  pages={277--304},
  year={2023},
  publisher={Taylor \& Francis}
}

@inproceedings{sun2022investigating,
  title={Investigating explainability of generative AI for code through scenario-based design},
  author={Sun, Jiao and Liao, Q Vera and Muller, Michael and Agarwal, Mayank and Houde, Stephanie and Talamadupula, Kartik and Weisz, Justin D},
  booktitle={27th International Conference on Intelligent User Interfaces},
  pages={212--228},
  year={2022}
}

@article{amoozadeh2023trust,
  title={Trust in Generative AI among students: An Exploratory Study},
  author={Amoozadeh, Matin and Daniels, David and Nam, Daye and Chen, Stella and Hilton, Michael and Ragavan, Sruti Srinivasa and Alipour, Mohammad Amin},
  journal={arXiv preprint arXiv:2310.04631},
  year={2023}
}

@incollection{oppenlaender2019supporting,
  title={Supporting creative workers with crowdsourced feedback},
  author={Oppenlaender, Jonas},
  booktitle={Proceedings of the 2019 on Creativity and Cognition},
  pages={646--652},
  year={2019}
}

@inproceedings{ngoon2018interactive,
  title={Interactive guidance techniques for improving creative feedback},
  author={Ngoon, Tricia J and Fraser, C Ailie and Weingarten, Ariel S and Dontcheva, Mira and Klemmer, Scott},
  booktitle={Proceedings of the 2018 CHI Conference on Human Factors in Computing Systems},
  pages={1--11},
  year={2018}
}

@inproceedings{jeong2022study,
  title={A Study on Internet Annotation Analysis System Using Opinion Mining},
  author={Jeong, Yen-Tae and Jeon, Byung-Hoon},
  booktitle={International Conference on Computer Science and its Applications and the International Conference on Ubiquitous Information Technologies and Applications},
  pages={409--413},
  year={2022},
  organization={Springer}
}

@inproceedings{suzuki2021autonomous,
  title={An Autonomous Crowdsourcing System},
  author={Suzuki, Yu},
  booktitle={International Conference on Database and Expert Systems Applications},
  pages={139--147},
  year={2021},
  organization={Springer}
}

@inproceedings{evirgen2023ganravel,
  title={GANravel: User-Driven Direction Disentanglement in Generative Adversarial Networks},
  author={Evirgen, Noyan and Chen, Xiang'Anthony},
  booktitle={Proceedings of the 2023 CHI Conference on Human Factors in Computing Systems},
  pages={1--15},
  year={2023}
}

@article{paige2017learning,
  title={Learning disentangled representations with semi-supervised deep generative models},
  author={Paige, Brooks and van de Meent, Jan-Willem and Desmaison, Alban and Goodman, Noah and Kohli, Pushmeet and Wood, Frank and Torr, Philip and others},
  journal={Advances in neural information processing systems},
  volume={30},
  year={2017}
}

@inproceedings{liu2022design,
  title={Design guidelines for prompt engineering text-to-image generative models},
  author={Liu, Vivian and Chilton, Lydia B},
  booktitle={Proceedings of the 2022 CHI Conference on Human Factors in Computing Systems},
  pages={1--23},
  year={2022}
}

@misc{dien2023generative,
  title={Generative Artificial Intelligence as a Plagiarism Problem},
  author={Dien, Joseph},
  journal={Biological Psychology},
  pages={108621},
  year={2023},
  publisher={Elsevier}
}

@article{tang2023verifai,
  title={VerifAI: Verified Generative AI},
  author={Tang, Nan and Yang, Chenyu and Fan, Ju and Cao, Lei},
  journal={arXiv preprint arXiv:2307.02796},
  year={2023}
}

@inproceedings{zeng2022sketchedit,
  title={Sketchedit: Mask-free local image manipulation with partial sketches},
  author={Zeng, Yu and Lin, Zhe and Patel, Vishal M},
  booktitle={Proceedings of the IEEE/CVF Conference on Computer Vision and Pattern Recognition},
  pages={5951--5961},
  year={2022}
}

@inproceedings{xu2023draw2edit,
  title={Draw2Edit: Mask-Free Sketch-Guided Image Manipulation},
  author={Xu, Yiwen and Guo, Ruoyu and Pagnucco, Maurice and Song, Yang},
  booktitle={Proceedings of the 31st ACM International Conference on Multimedia},
  pages={7205--7215},
  year={2023}
}

@inproceedings{koley2023picture,
  title={Picture that Sketch: Photorealistic Image Generation from Abstract Sketches},
  author={Koley, Subhadeep and Bhunia, Ayan Kumar and Sain, Aneeshan and Chowdhury, Pinaki Nath and Xiang, Tao and Song, Yi-Zhe},
  booktitle={Proceedings of the IEEE/CVF Conference on Computer Vision and Pattern Recognition},
  pages={6850--6861},
  year={2023}
}

@article{paige2017learning,
  title={Learning disentangled representations with semi-supervised deep generative models},
  author={Paige, Brooks and van de Meent, Jan-Willem and Desmaison, Alban and Goodman, Noah and Kohli, Pushmeet and Wood, Frank and Torr, Philip and others},
  journal={Advances in neural information processing systems},
  volume={30},
  year={2017}
}

@inproceedings{guy2016searching,
  title={Searching by talking: Analysis of voice queries on mobile web search},
  author={Guy, Ido},
  booktitle={Proceedings of the 39th International ACM SIGIR conference on Research and Development in Information Retrieval},
  pages={35--44},
  year={2016}
}

@article{macneil2023prompt,
  title={Prompt middleware: Mapping prompts for large language models to UI affordances},
  author={MacNeil, Stephen and Tran, Andrew and Kim, Joanne and Huang, Ziheng and Bernstein, Seth and Mogil, Dan},
  journal={arXiv preprint arXiv:2307.01142},
  year={2023}
}

@inproceedings{xu2024jamplate,
  title={Jamplate: Exploring LLM-Enhanced Templates for Idea Reflection},
  author={Xu, Xiaotong and Yin, Jiayu and Gu, Catherine and Mar, Jenny and Zhang, Sydney and E, Jane L and Dow, Steven P},
  booktitle={Proceedings of the 29th International Conference on Intelligent User Interfaces},
  pages={907--921},
  year={2024}
}

@article{abani2023chatgpt,
  title={ChatGPT and scientific papers in veterinary neurology; is the genie out of the bottle?},
  author={Abani, Samira and Volk, Holger Andreas and De Decker, Steven and Fenn, Joe and Rusbridge, Clare and Charalambous, Marios and Goncalves, Rita and Gutierrez-Quintana, Rodrigo and Loderstedt, Shenja and Flegel, Thomas and others},
  journal={Frontiers in veterinary science},
  volume={10},
  pages={1272755},
  year={2023},
  publisher={Frontiers}
}

@inproceedings{tholander2023design,
  title={Design ideation with ai-sketching, thinking and talking with Generative Machine Learning Models},
  author={Tholander, Jakob and Jonsson, Martin},
  booktitle={Proceedings of the 2023 ACM Designing Interactive Systems Conference},
  pages={1930--1940},
  year={2023}
}

@inproceedings{cai2023designaid,
  title={DesignAID: Using Generative AI and Semantic Diversity for Design Inspiration},
  author={Cai, Alice and Rick, Steven R and Heyman, Jennifer L and Zhang, Yanxia and Filipowicz, Alexandre and Hong, Matthew and Klenk, Matt and Malone, Thomas},
  booktitle={Proceedings of The ACM Collective Intelligence Conference},
  pages={1--11},
  year={2023}
}

@article{kim2024generative,
  title={Generative Artificial Intelligence in Collaborative Ideation: Educational Insight from Fashion Students},
  author={Kim, Se Jin},
  journal={IEEE Access},
  year={2024},
  publisher={IEEE}
}

@article{lui2015public,
  title={Public curation and private collection: The production of knowledge on Pinterest. com},
  author={Lui, Debora},
  journal={Critical studies in media communication},
  volume={32},
  number={2},
  pages={128--142},
  year={2015},
  publisher={Taylor \& Francis}
}

@article{wen2003search,
  title={A search engine for images},
  author={Wen, Yujing and Meadow, Curtis and Markowsky, George},
  journal={Project Report, Department of Computer Science, University of Maine},
  year={2003}
}

@article{hou2024my,
  title={" My agent understands me better": Integrating Dynamic Human-like Memory Recall and Consolidation in LLM-Based Agents},
  author={Hou, Yuki and Tamoto, Haruki and Miyashita, Homei},
  journal={arXiv preprint arXiv:2404.00573},
  year={2024}
}

@article{lee2004trust,
  title={Trust in automation: Designing for appropriate reliance},
  author={Lee, John D and See, Katrina A},
  journal={Human factors},
  volume={46},
  number={1},
  pages={50--80},
  year={2004},
  publisher={SAGE Publications Sage UK: London, England}
}

@inproceedings{bansal2021does,
  title={Does the whole exceed its parts? the effect of ai explanations on complementary team performance},
  author={Bansal, Gagan and Wu, Tongshuang and Zhou, Joyce and Fok, Raymond and Nushi, Besmira and Kamar, Ece and Ribeiro, Marco Tulio and Weld, Daniel},
  booktitle={Proceedings of the 2021 CHI conference on human factors in computing systems},
  pages={1--16},
  year={2021}
}

@inproceedings{weisz2024design,
  title={Design Principles for Generative AI Applications},
  author={Weisz, Justin D and He, Jessica and Muller, Michael and Hoefer, Gabriela and Miles, Rachel and Geyer, Werner},
  booktitle={Proceedings of the CHI Conference on Human Factors in Computing Systems},
  pages={1--22},
  year={2024}
}

@inproceedings{salimzadeh2024dealing,
  title={Dealing with Uncertainty: Understanding the Impact of Prognostic Versus Diagnostic Tasks on Trust and Reliance in Human-AI Decision Making},
  author={Salimzadeh, Sara and He, Gaole and Gadiraju, Ujwal},
  booktitle={Proceedings of the CHI Conference on Human Factors in Computing Systems},
  pages={1--17},
  year={2024}
}

@inproceedings{schoeffer2024explanations,
  title={Explanations, Fairness, and Appropriate Reliance in Human-AI Decision-Making},
  author={Schoeffer, Jakob and De-Arteaga, Maria and Kuehl, Niklas},
  booktitle={Proceedings of the CHI Conference on Human Factors in Computing Systems},
  pages={1--18},
  year={2024}
}

@inproceedings{ma2024you,
  title={“Are You Really Sure?” Understanding the Effects of Human Self-Confidence Calibration in AI-Assisted Decision Making},
  author={Ma, Shuai and Wang, Xinru and Lei, Ying and Shi, Chuhan and Yin, Ming and Ma, Xiaojuan},
  booktitle={Proceedings of the CHI Conference on Human Factors in Computing Systems},
  pages={1--20},
  year={2024}
}


@inproceedings{ahn2024impact,
  title={Impact of Model Interpretability and Outcome Feedback on Trust in AI},
  author={Ahn, Daehwan and Almaatouq, Abdullah and Gulabani, Monisha and Hosanagar, Kartik},
  booktitle={Proceedings of the CHI Conference on Human Factors in Computing Systems},
  pages={1--25},
  year={2024}
}

@inproceedings{hao2024advancing,
  title={Advancing Patient-Centered Shared Decision-Making with AI Systems for Older Adult Cancer Patients},
  author={Hao, Yuexing and Liu, Zeyu and Riter, Robert N and Kalantari, Saleh},
  booktitle={Proceedings of the CHI Conference on Human Factors in Computing Systems},
  pages={1--20},
  year={2024}
}


@inproceedings{chen2024silent,
  title={Silent Delivery: Practices and Challenges of Delivering Among Deaf or Hard of Hearing Couriers},
  author={Chen, Shi and Wang, Xiaodong and Li, Weijun and Zhang, Jingao and Qi, Yuge and Teng, Jiaqi and Zeng, Zhihan},
  booktitle={Proceedings of the CHI Conference on Human Factors in Computing Systems},
  pages={1--17},
  year={2024}
}

@article{wolf2024generative,
  title={Generative AI and Its Implications for Definitions of Trust},
  author={Wolf, Marty J and Grodzinsky, Frances and Miller, Keith W},
  journal={Information},
  volume={15},
  number={9},
  pages={542},
  year={2024},
  publisher={MDPI}
}

@article{candrian2022rise,
  title={Rise of the machines: Delegating decisions to autonomous AI},
  author={Candrian, Cindy and Scherer, Anne},
  journal={Computers in Human Behavior},
  volume={134},
  pages={107308},
  year={2022},
  publisher={Elsevier}
}

@article{allen2024consent,
  title={Consent-GPT: is it ethical to delegate procedural consent to conversational AI?},
  author={Allen, Jemima Winifred and Earp, Brian D and Koplin, Julian and Wilkinson, Dominic},
  journal={Journal of Medical Ethics},
  volume={50},
  number={2},
  pages={77--83},
  year={2024},
  publisher={Institute of Medical Ethics}
}

@article{deng2024promoting,
  title={Promoting Ethical Use of Generative AI in Education},
  author={Deng, Xuefei and Joshi, KD},
  journal={ACM SIGMIS Database: the DATABASE for Advances in Information Systems},
  volume={55},
  number={3},
  pages={6--11},
  year={2024},
  publisher={ACM New York, NY, USA}
}

@inproceedings{cvetkovic2022task,
  title={Task Delegability to AI: Evaluation of a Framework in a Knowledge Work Context.},
  author={Cvetkovic, Izabel and Bittner, Eva AC},
  booktitle={HICSS},
  pages={1--10},
  year={2022}
}

@article{lubars2019ask,
  title={Ask not what AI can do, but what AI should do: Towards a framework of task delegability},
  author={Lubars, Brian and Tan, Chenhao},
  journal={Advances in neural information processing systems},
  volume={32},
  year={2019}
}

@article{fugener2022cognitive,
  title={Cognitive challenges in human--artificial intelligence collaboration: Investigating the path toward productive delegation},
  author={F{\"u}gener, Andreas and Grahl, J{\"o}rn and Gupta, Alok and Ketter, Wolfgang},
  journal={Information Systems Research},
  volume={33},
  number={2},
  pages={678--696},
  year={2022},
  publisher={INFORMS}
}

@inproceedings{kobiella2024if,
  title={" If the Machine Is As Good As Me, Then What Use Am I?"--How the Use of ChatGPT Changes Young Professionals' Perception of Productivity and Accomplishment},
  author={Kobiella, Charlotte and Flores L{\'o}pez, Yarhy Said and Waltenberger, Franz and Draxler, Fiona and Schmidt, Albrecht},
  booktitle={Proceedings of the CHI Conference on Human Factors in Computing Systems},
  pages={1--16},
  year={2024}
}

@inproceedings{xu2023comparing,
  title={Comparing zealous and restrained ai recommendations in a real-world human-ai collaboration task},
  author={Xu, Chengyuan and Lien, Kuo-Chin and H{\"o}llerer, Tobias},
  booktitle={Proceedings of the 2023 CHI Conference on Human Factors in Computing Systems},
  pages={1--15},
  year={2023}
}

@inproceedings{han2024teams,
  title={When Teams Embrace AI: Human Collaboration Strategies in Generative Prompting in a Creative Design Task},
  author={Han, Yuanning and Qiu, Ziyi and Cheng, Jiale and LC, RAY},
  booktitle={Proceedings of the CHI Conference on Human Factors in Computing Systems},
  pages={1--14},
  year={2024}
}

@inproceedings{zhang2024evaluating,
  title={Evaluating the utility of conformal prediction sets for ai-advised image labeling},
  author={Zhang, Dongping and Chatzimparmpas, Angelos and Kamali, Negar and Hullman, Jessica},
  booktitle={Proceedings of the CHI Conference on Human Factors in Computing Systems},
  pages={1--19},
  year={2024}
}

@inproceedings{ma2023should,
  title={Who should i trust: Ai or myself? leveraging human and ai correctness likelihood to promote appropriate trust in ai-assisted decision-making},
  author={Ma, Shuai and Lei, Ying and Wang, Xinru and Zheng, Chengbo and Shi, Chuhan and Yin, Ming and Ma, Xiaojuan},
  booktitle={Proceedings of the 2023 CHI Conference on Human Factors in Computing Systems},
  pages={1--19},
  year={2023}
}

@article{ishaani2024evaluating,
  title={Evaluating human-AI partnership for LLM-based code migration},
  author={Ishaani, M and Omidvar-Tehrani, Behrooz and Anubhai, Anmol},
  year={2024}
}

@inproceedings{ferdowsi2024validating,
  title={Validating AI-Generated Code with Live Programming},
  author={Ferdowsi, Kasra and Huang, Ruanqianqian and James, Michael B and Polikarpova, Nadia and Lerner, Sorin},
  booktitle={Proceedings of the CHI Conference on Human Factors in Computing Systems},
  pages={1--8},
  year={2024}
}

@inproceedings{yin2024lies,
  title={Lies, Deceit, and Hallucinations: Player Perception and Expectations Regarding Trust and Deception in Games},
  author={Yin, Michael and Wang, Emi and Ng, Chuoxi and Xiao, Robert},
  booktitle={Proceedings of the CHI Conference on Human Factors in Computing Systems},
  pages={1--15},
  year={2024}
}

@inproceedings{leiser2024hill,
  title={Hill: A hallucination identifier for large language models},
  author={Leiser, Florian and Eckhardt, Sven and Leuthe, Valentin and Knaeble, Merlin and Maedche, Alexander and Schwabe, Gerhard and Sunyaev, Ali},
  booktitle={Proceedings of the CHI Conference on Human Factors in Computing Systems},
  pages={1--13},
  year={2024}
}

@article{wiener1980flight,
  title={Flight-deck automation: Promises and problems},
  author={Wiener, Earl L and Curry, Renwick E},
  journal={Ergonomics},
  volume={23},
  number={10},
  pages={995--1011},
  year={1980},
  publisher={Taylor \& Francis}
}

@inproceedings{kim2023one,
  title={One AI does not fit all: A cluster analysis of the laypeople’s perception of AI roles},
  author={Kim, Taenyun and Molina, Maria D and Rheu, Minjin and Zhan, Emily S and Peng, Wei},
  booktitle={Proceedings of the 2023 CHI Conference on Human Factors in Computing Systems},
  pages={1--20},
  year={2023}
}

@inproceedings{kawakami2024impact,
  title={The Impact of Generative AI on Artists},
  author={Kawakami, Reishiro and Venkatagiri, Sukrit},
  booktitle={Proceedings of the 16th Conference on Creativity \& Cognition},
  pages={79--82},
  year={2024}
}

@inproceedings{zhang2024s,
  title={“It's a Fair Game”, or Is It? Examining How Users Navigate Disclosure Risks and Benefits When Using LLM-Based Conversational Agents},
  author={Zhang, Zhiping and Jia, Michelle and Lee, Hao-Ping and Yao, Bingsheng and Das, Sauvik and Lerner, Ada and Wang, Dakuo and Li, Tianshi},
  booktitle={Proceedings of the CHI Conference on Human Factors in Computing Systems},
  pages={1--26},
  year={2024}
}

@inproceedings{zhang2020effect,
  title={Effect of confidence and explanation on accuracy and trust calibration in AI-assisted decision making},
  author={Zhang, Yunfeng and Liao, Q Vera and Bellamy, Rachel KE},
  booktitle={Proceedings of the 2020 conference on fairness, accountability, and transparency},
  pages={295--305},
  year={2020}
}

@inproceedings{wischnewski2023measuring,
  title={Measuring and understanding trust calibrations for automated systems: a survey of the state-of-the-art and future directions},
  author={Wischnewski, Magdalena and Kr{\"a}mer, Nicole and M{\"u}ller, Emmanuel},
  booktitle={Proceedings of the 2023 CHI Conference on Human Factors in Computing Systems},
  pages={1--16},
  year={2023}
}


@article{endsley1999level,
  title={Level of automation effects on performance, situation awareness and workload in a dynamic control task},
  author={Endsley, Mica R and Kaber, David B},
  journal={Ergonomics},
  volume={42},
  number={3},
  pages={462--492},
  year={1999},
  publisher={Taylor \& Francis}
}

@inproceedings{riley1989general,
  title={A general model of mixed-initiative human-machine systems},
  author={Riley, Victor},
  booktitle={Proceedings of the Human Factors Society Annual Meeting},
  volume={33},
  number={2},
  pages={124--128},
  year={1989},
  organization={Sage Publications Sage CA: Los Angeles, CA}
}

@article{parasuraman2000model,
  title={A model for types and levels of human interaction with automation},
  author={Parasuraman, Raja and Sheridan, Thomas B and Wickens, Christopher D},
  journal={IEEE Transactions on systems, man, and cybernetics-Part A: Systems and Humans},
  volume={30},
  number={3},
  pages={286--297},
  year={2000},
  publisher={IEEE}
}

@inproceedings{fereidunian2007challenges,
  title={Challenges in implementation of human-automation interaction models},
  author={Fereidunian, Afreza and Lucas, Caro and Lesani, Hamid and Lehtonen, Matti and Nordman, Mikael},
  booktitle={2007 Mediterranean Conference on Control \& Automation},
  pages={1--6},
  year={2007},
  organization={IEEE}
}