@inproceedings{DBLP:conf/acns/CascudoD17,
  author       = {Ignacio Cascudo and
                  Bernardo David},
  editor       = {Dieter Gollmann and
                  Atsuko Miyaji and
                  Hiroaki Kikuchi},
  title        = {{SCRAPE:} Scalable Randomness Attested by Public Entities},
  booktitle    = {Applied Cryptography and Network Security - 15th International Conference,
                  {ACNS} 2017, Kanazawa, Japan, July 10-12, 2017, Proceedings},
  series       = {Lecture Notes in Computer Science},
  volume       = {10355},
  pages        = {537--556},
  publisher    = {Springer},
  year         = {2017},
  url          = {https://doi.org/10.1007/978-3-319-61204-1\_27},
  doi          = {10.1007/978-3-319-61204-1\_27},
  timestamp    = {Tue, 07 May 2024 20:12:06 +0200},
  biburl       = {https://dblp.org/rec/conf/acns/CascudoD17.bib},
  bibsource    = {dblp computer science bibliography, https://dblp.org}
}
@inproceedings{DBLP:conf/acns/GennaroGN16,
  author       = {Rosario Gennaro and
                  Steven Goldfeder and
                  Arvind Narayanan},
  editor       = {Mark Manulis and
                  Ahmad{-}Reza Sadeghi and
                  Steve A. Schneider},
  title        = {Threshold-Optimal {DSA/ECDSA} Signatures and an Application to Bitcoin
                  Wallet Security},
  booktitle    = {Applied Cryptography and Network Security - 14th International Conference,
                  {ACNS} 2016, Guildford, UK, June 19-22, 2016. Proceedings},
  series       = {Lecture Notes in Computer Science},
  volume       = {9696},
  pages        = {156--174},
  publisher    = {Springer},
  year         = {2016},
  url          = {https://doi.org/10.1007/978-3-319-39555-5\_9},
  doi          = {10.1007/978-3-319-39555-5\_9},
  timestamp    = {Tue, 16 Aug 2022 23:04:41 +0200},
  biburl       = {https://dblp.org/rec/conf/acns/GennaroGN16.bib},
  bibsource    = {dblp computer science bibliography, https://dblp.org}
}
@inproceedings{DBLP:conf/aft/ZhangMQBEF23,
  author       = {Haoqian Zhang and
                  Louis{-}Henri Merino and
                  Ziyan Qu and
                  Mahsa Bastankhah and
                  Vero Estrada{-}Gali{\~{n}}anes and
                  Bryan Ford},
  editor       = {Joseph Bonneau and
                  S. Matthew Weinberg},
  title        = {{F3B:} {A} Low-Overhead Blockchain Architecture with Per-Transaction
                  Front-Running Protection},
  booktitle    = {5th Conference on Advances in Financial Technologies, {AFT} 2023,
                  October 23-25, 2023, Princeton, NJ, {USA}},
  series       = {LIPIcs},
  volume       = {282},
  pages        = {3:1--3:23},
  publisher    = {Schloss Dagstuhl - Leibniz-Zentrum f{\"{u}}r Informatik},
  year         = {2023},
  url          = {https://doi.org/10.4230/LIPIcs.AFT.2023.3},
  doi          = {10.4230/LIPICS.AFT.2023.3},
  timestamp    = {Wed, 21 Aug 2024 22:46:00 +0200},
  biburl       = {https://dblp.org/rec/conf/aft/ZhangMQBEF23.bib},
  bibsource    = {dblp computer science bibliography, https://dblp.org}
}
@inproceedings{DBLP:conf/ccs/CachinKLS02,
  author       = {Christian Cachin and
                  Klaus Kursawe and
                  Anna Lysyanskaya and
                  Reto Strobl},
  editor       = {Vijayalakshmi Atluri},
  title        = {Asynchronous verifiable secret sharing and proactive cryptosystems},
  booktitle    = {Proceedings of the 9th {ACM} Conference on Computer and Communications
                  Security, {CCS} 2002, Washington, DC, USA, November 18-22, 2002},
  pages        = {88--97},
  publisher    = {{ACM}},
  year         = {2002},
  url          = {https://doi.org/10.1145/586110.586124},
  doi          = {10.1145/586110.586124},
  timestamp    = {Tue, 10 Nov 2020 20:00:47 +0100},
  biburl       = {https://dblp.org/rec/conf/ccs/CachinKLS02.bib},
  bibsource    = {dblp computer science bibliography, https://dblp.org}
}
@inproceedings{DBLP:conf/ccs/GennaroG18,
  author       = {Rosario Gennaro and
                  Steven Goldfeder},
  editor       = {David Lie and
                  Mohammad Mannan and
                  Michael Backes and
                  XiaoFeng Wang},
  title        = {Fast Multiparty Threshold {ECDSA} with Fast Trustless Setup},
  booktitle    = {Proceedings of the 2018 {ACM} {SIGSAC} Conference on Computer and
                  Communications Security, {CCS} 2018, Toronto, ON, Canada, October
                  15-19, 2018},
  pages        = {1179--1194},
  publisher    = {{ACM}},
  year         = {2018},
  url          = {https://doi.org/10.1145/3243734.3243859},
  doi          = {10.1145/3243734.3243859},
  timestamp    = {Tue, 10 Nov 2020 20:00:51 +0100},
  biburl       = {https://dblp.org/rec/conf/ccs/GennaroG18.bib},
  bibsource    = {dblp computer science bibliography, https://dblp.org}
}
@inproceedings{DBLP:conf/ccs/MaramZWLZJS19,
  author       = {Sai Krishna Deepak Maram and
                  Fan Zhang and
                  Lun Wang and
                  Andrew Low and
                  Yupeng Zhang and
                  Ari Juels and
                  Dawn Song},
  editor       = {Lorenzo Cavallaro and
                  Johannes Kinder and
                  XiaoFeng Wang and
                  Jonathan Katz},
  title        = {{CHURP:} Dynamic-Committee Proactive Secret Sharing},
  booktitle    = {Proceedings of the 2019 {ACM} {SIGSAC} Conference on Computer and
                  Communications Security, {CCS} 2019, London, UK, November 11-15, 2019},
  pages        = {2369--2386},
  publisher    = {{ACM}},
  year         = {2019},
  url          = {https://doi.org/10.1145/3319535.3363203},
  doi          = {10.1145/3319535.3363203},
  timestamp    = {Thu, 31 Aug 2023 19:50:53 +0200},
  biburl       = {https://dblp.org/rec/conf/ccs/MaramZWLZJS19.bib},
  bibsource    = {dblp computer science bibliography, https://dblp.org}
}
@inproceedings{DBLP:conf/ccs/RuffingRJSS22,
  author       = {Tim Ruffing and
                  Viktoria Ronge and
                  Elliott Jin and
                  Jonas Schneider{-}Bensch and
                  Dominique Schr{\"{o}}der},
  editor       = {Heng Yin and
                  Angelos Stavrou and
                  Cas Cremers and
                  Elaine Shi},
  title        = {{ROAST:} Robust Asynchronous Schnorr Threshold Signatures},
  booktitle    = {Proceedings of the 2022 {ACM} {SIGSAC} Conference on Computer and
                  Communications Security, {CCS} 2022, Los Angeles, CA, USA, November
                  7-11, 2022},
  pages        = {2551--2564},
  publisher    = {{ACM}},
  year         = {2022},
  url          = {https://doi.org/10.1145/3548606.3560583},
  doi          = {10.1145/3548606.3560583},
  timestamp    = {Sat, 17 Dec 2022 01:15:29 +0100},
  biburl       = {https://dblp.org/rec/conf/ccs/RuffingRJSS22.bib},
  bibsource    = {dblp computer science bibliography, https://dblp.org}
}
@inproceedings{DBLP:conf/crypto/CachinKPS01,
  author       = {Christian Cachin and
                  Klaus Kursawe and
                  Frank Petzold and
                  Victor Shoup},
  editor       = {Joe Kilian},
  title        = {Secure and Efficient Asynchronous Broadcast Protocols},
  booktitle    = {Advances in Cryptology - {CRYPTO} 2001, 21st Annual International
                  Cryptology Conference, Santa Barbara, California, USA, August 19-23,
                  2001, Proceedings},
  series       = {Lecture Notes in Computer Science},
  volume       = {2139},
  pages        = {524--541},
  publisher    = {Springer},
  year         = {2001},
  url          = {https://doi.org/10.1007/3-540-44647-8\_31},
  doi          = {10.1007/3-540-44647-8\_31},
  timestamp    = {Tue, 14 May 2019 10:00:48 +0200},
  biburl       = {https://dblp.org/rec/conf/crypto/CachinKPS01.bib},
  bibsource    = {dblp computer science bibliography, https://dblp.org}
}
@inproceedings{DBLP:conf/ctrsa/AbdallaBR01,
  author       = {Michel Abdalla and
                  Mihir Bellare and
                  Phillip Rogaway},
  editor       = {David Naccache},
  title        = {The Oracle Diffie-Hellman Assumptions and an Analysis of {DHIES}},
  booktitle    = {Topics in Cryptology - {CT-RSA} 2001, The Cryptographer's Track at
                  {RSA} Conference 2001, San Francisco, CA, USA, April 8-12, 2001, Proceedings},
  series       = {Lecture Notes in Computer Science},
  volume       = {2020},
  pages        = {143--158},
  publisher    = {Springer},
  year         = {2001},
  url          = {https://doi.org/10.1007/3-540-45353-9\_12},
  doi          = {10.1007/3-540-45353-9\_12},
  timestamp    = {Fri, 27 Dec 2019 21:26:42 +0100},
  biburl       = {https://dblp.org/rec/conf/ctrsa/AbdallaBR01.bib},
  bibsource    = {dblp computer science bibliography, https://dblp.org}
}
@inproceedings{DBLP:conf/ctrsa/GarayK20,
  author       = {Juan A. Garay and
                  Aggelos Kiayias},
  editor       = {Stanislaw Jarecki},
  title        = {SoK: {A} Consensus Taxonomy in the Blockchain Era},
  booktitle    = {Topics in Cryptology - {CT-RSA} 2020 - The Cryptographers' Track at
                  the {RSA} Conference 2020, San Francisco, CA, USA, February 24-28,
                  2020, Proceedings},
  series       = {Lecture Notes in Computer Science},
  volume       = {12006},
  pages        = {284--318},
  publisher    = {Springer},
  year         = {2020},
  url          = {https://doi.org/10.1007/978-3-030-40186-3\_13},
  doi          = {10.1007/978-3-030-40186-3\_13},
  timestamp    = {Fri, 14 Feb 2020 13:03:26 +0100},
  biburl       = {https://dblp.org/rec/conf/ctrsa/GarayK20.bib},
  bibsource    = {dblp computer science bibliography, https://dblp.org}
}
@inproceedings{DBLP:conf/dsn/DuanRZ17,
  author       = {Sisi Duan and
                  Michael K. Reiter and
                  Haibin Zhang},
  title        = {Secure Causal Atomic Broadcast, Revisited},
  booktitle    = {47th Annual {IEEE/IFIP} International Conference on Dependable Systems
                  and Networks, {DSN} 2017, Denver, CO, USA, June 26-29, 2017},
  pages        = {61--72},
  publisher    = {{IEEE} Computer Society},
  year         = {2017},
  url          = {https://doi.org/10.1109/DSN.2017.64},
  doi          = {10.1109/DSN.2017.64},
  timestamp    = {Fri, 24 Mar 2023 00:01:45 +0100},
  biburl       = {https://dblp.org/rec/conf/dsn/DuanRZ17.bib},
  bibsource    = {dblp computer science bibliography, https://dblp.org}
}
@inproceedings{DBLP:conf/eurocrypt/Pedersen91a,
  author       = {Torben P. Pedersen},
  editor       = {Donald W. Davies},
  title        = {A Threshold Cryptosystem without a Trusted Party (Extended Abstract)},
  booktitle    = {Advances in Cryptology - {EUROCRYPT} '91, Workshop on the Theory and
                  Application of of Cryptographic Techniques, Brighton, UK, April 8-11,
                  1991, Proceedings},
  series       = {Lecture Notes in Computer Science},
  volume       = {547},
  pages        = {522--526},
  publisher    = {Springer},
  year         = {1991},
  url          = {https://doi.org/10.1007/3-540-46416-6\_47},
  doi          = {10.1007/3-540-46416-6\_47},
  timestamp    = {Tue, 14 May 2019 10:00:53 +0200},
  biburl       = {https://dblp.org/rec/conf/eurocrypt/Pedersen91a.bib},
  bibsource    = {dblp computer science bibliography, https://dblp.org}
}
@inproceedings{DBLP:conf/eurocrypt/Shoup00,
  author       = {Victor Shoup},
  editor       = {Bart Preneel},
  title        = {Practical Threshold Signatures},
  booktitle    = {Advances in Cryptology - {EUROCRYPT} 2000, International Conference
                  on the Theory and Application of Cryptographic Techniques, Bruges,
                  Belgium, May 14-18, 2000, Proceeding},
  series       = {Lecture Notes in Computer Science},
  volume       = {1807},
  pages        = {207--220},
  publisher    = {Springer},
  year         = {2000},
  url          = {https://doi.org/10.1007/3-540-45539-6\_15},
  doi          = {10.1007/3-540-45539-6\_15},
  timestamp    = {Tue, 14 May 2019 10:00:53 +0200},
  biburl       = {https://dblp.org/rec/conf/eurocrypt/Shoup00.bib},
  bibsource    = {dblp computer science bibliography, https://dblp.org}
}
@inproceedings{DBLP:conf/eurosp/GalindoLOW21,
  author       = {David Galindo and
                  Jia Liu and
                  Mihai Ordean and
                  Jin{-}Mann Wong},
  title        = {Fully Distributed Verifiable Random Functions and their Application
                  to Decentralised Random Beacons},
  booktitle    = {{IEEE} European Symposium on Security and Privacy, EuroS{\&}P 2021,
                  Vienna, Austria, September 6-10, 2021},
  pages        = {88--102},
  publisher    = {{IEEE}},
  year         = {2021},
  url          = {https://doi.org/10.1109/EuroSP51992.2021.00017},
  doi          = {10.1109/EUROSP51992.2021.00017},
  timestamp    = {Thu, 08 Aug 2024 12:56:51 +0200},
  biburl       = {https://dblp.org/rec/conf/eurosp/GalindoLOW21.bib},
  bibsource    = {dblp computer science bibliography, https://dblp.org}
}
@inproceedings{DBLP:conf/globecom/BaekZ03,
  author       = {Joonsang Baek and
                  Yuliang Zheng},
  title        = {Simple and efficient threshold cryptosystem from the Gap Diffie-Hellman
                  group},
  booktitle    = {Proceedings of the Global Telecommunications Conference, 2003. {GLOBECOM}
                  '03, San Francisco, CA, USA, 1-5 December 2003},
  pages        = {1491--1495},
  publisher    = {{IEEE}},
  year         = {2003},
  url          = {https://doi.org/10.1109/GLOCOM.2003.1258486},
  doi          = {10.1109/GLOCOM.2003.1258486},
  timestamp    = {Tue, 30 Nov 2021 15:21:24 +0100},
  biburl       = {https://dblp.org/rec/conf/globecom/BaekZ03.bib},
  bibsource    = {dblp computer science bibliography, https://dblp.org}
}
@inproceedings{DBLP:conf/podc/CamenischDHPS022,
  author       = {Jan Camenisch and
                  Manu Drijvers and
                  Timo Hanke and
                  Yvonne{-}Anne Pignolet and
                  Victor Shoup and
                  Dominic Williams},
  editor       = {Alessia Milani and
                  Philipp Woelfel},
  title        = {Internet Computer Consensus},
  booktitle    = {{PODC} '22: {ACM} Symposium on Principles of Distributed Computing,
                  Salerno, Italy, July 25 - 29, 2022},
  pages        = {81--91},
  publisher    = {{ACM}},
  year         = {2022},
  url          = {https://doi.org/10.1145/3519270.3538430},
  doi          = {10.1145/3519270.3538430},
  timestamp    = {Sun, 19 Jan 2025 13:32:09 +0100},
  biburl       = {https://dblp.org/rec/conf/podc/CamenischDHPS022.bib},
  bibsource    = {dblp computer science bibliography, https://dblp.org}
}
@inproceedings{DBLP:conf/sacrypt/KomloG20,
  author       = {Chelsea Komlo and
                  Ian Goldberg},
  editor       = {Orr Dunkelman and
                  Michael J. Jacobson Jr. and
                  Colin O'Flynn},
  title        = {{FROST:} Flexible Round-Optimized Schnorr Threshold Signatures},
  booktitle    = {Selected Areas in Cryptography - {SAC} 2020 - 27th International Conference,
                  Halifax, NS, Canada (Virtual Event), October 21-23, 2020, Revised
                  Selected Papers},
  series       = {Lecture Notes in Computer Science},
  volume       = {12804},
  pages        = {34--65},
  publisher    = {Springer},
  year         = {2020},
  url          = {https://doi.org/10.1007/978-3-030-81652-0\_2},
  doi          = {10.1007/978-3-030-81652-0\_2},
  timestamp    = {Thu, 22 Jul 2021 18:58:15 +0200},
  biburl       = {https://dblp.org/rec/conf/sacrypt/KomloG20.bib},
  bibsource    = {dblp computer science bibliography, https://dblp.org}
}
@inproceedings{DBLP:conf/sp/ChoiMB23,
  author       = {Kevin Choi and
                  Aathira Manoj and
                  Joseph Bonneau},
  title        = {SoK: Distributed Randomness Beacons},
  booktitle    = {44th {IEEE} Symposium on Security and Privacy, {SP} 2023, San Francisco,
                  CA, USA, May 21-25, 2023},
  pages        = {75--92},
  publisher    = {{IEEE}},
  year         = {2023},
  url          = {https://doi.org/10.1109/SP46215.2023.10179419},
  doi          = {10.1109/SP46215.2023.10179419},
  timestamp    = {Thu, 27 Jul 2023 08:17:10 +0200},
  biburl       = {https://dblp.org/rec/conf/sp/ChoiMB23.bib},
  bibsource    = {dblp computer science bibliography, https://dblp.org}
}
@inproceedings{DBLP:conf/sp/DaianGKLZBBJ20,
  author       = {Philip Daian and
                  Steven Goldfeder and
                  Tyler Kell and
                  Yunqi Li and
                  Xueyuan Zhao and
                  Iddo Bentov and
                  Lorenz Breidenbach and
                  Ari Juels},
  title        = {Flash Boys 2.0: Frontrunning in Decentralized Exchanges, Miner Extractable
                  Value, and Consensus Instability},
  booktitle    = {2020 {IEEE} Symposium on Security and Privacy, {SP} 2020, San Francisco,
                  CA, USA, May 18-21, 2020},
  pages        = {910--927},
  publisher    = {{IEEE}},
  year         = {2020},
  url          = {https://doi.org/10.1109/SP40000.2020.00040},
  doi          = {10.1109/SP40000.2020.00040},
  timestamp    = {Thu, 21 Sep 2023 15:57:25 +0200},
  biburl       = {https://dblp.org/rec/conf/sp/DaianGKLZBBJ20.bib},
  bibsource    = {dblp computer science bibliography, https://dblp.org}
}
@inproceedings{DBLP:conf/sp/DasKI022,
  author       = {Sourav Das and
                  Vinith Krishnan and
                  Irene Miriam Isaac and
                  Ling Ren},
  title        = {Spurt: Scalable Distributed Randomness Beacon with Transparent Setup},
  booktitle    = {43rd {IEEE} Symposium on Security and Privacy, {SP} 2022, San Francisco,
                  CA, USA, May 22-26, 2022},
  pages        = {2502--2517},
  publisher    = {{IEEE}},
  year         = {2022},
  url          = {https://doi.org/10.1109/SP46214.2022.9833580},
  doi          = {10.1109/SP46214.2022.9833580},
  timestamp    = {Tue, 10 Dec 2024 16:39:17 +0100},
  biburl       = {https://dblp.org/rec/conf/sp/DasKI022.bib},
  bibsource    = {dblp computer science bibliography, https://dblp.org}
}
@inproceedings{DBLP:conf/stoc/NaorY90,
  author       = {Moni Naor and
                  Moti Yung},
  editor       = {Harriet Ortiz},
  title        = {Public-key Cryptosystems Provably Secure against Chosen Ciphertext
                  Attacks},
  booktitle    = {Proceedings of the 22nd Annual {ACM} Symposium on Theory of Computing,
                  May 13-17, 1990, Baltimore, Maryland, {USA}},
  pages        = {427--437},
  publisher    = {{ACM}},
  year         = {1990},
  url          = {https://doi.org/10.1145/100216.100273},
  doi          = {10.1145/100216.100273},
  timestamp    = {Mon, 26 Nov 2018 15:05:57 +0100},
  biburl       = {https://dblp.org/rec/conf/stoc/NaorY90.bib},
  bibsource    = {dblp computer science bibliography, https://dblp.org}
}
@article{DBLP:journals/corr/abs-2407-12172,
  author       = {Zhuolun Xiang and
                  Sourav Das and
                  Zekun Li and
                  Zhoujun Ma and
                  Alexander Spiegelman},
  title        = {The Latency Price of Threshold Cryptosystem in Blockchains},
  journal      = {CoRR},
  volume       = {abs/2407.12172},
  year         = {2024},
  url          = {https://doi.org/10.48550/arXiv.2407.12172},
  doi          = {10.48550/ARXIV.2407.12172},
  eprinttype    = {arXiv},
  eprint       = {2407.12172},
  timestamp    = {Wed, 11 Dec 2024 14:18:55 +0100},
  biburl       = {https://dblp.org/rec/journals/corr/abs-2407-12172.bib},
  bibsource    = {dblp computer science bibliography, https://dblp.org}
}
@article{DBLP:journals/csur/Schneider90,
  author       = {Fred B. Schneider},
  title        = {Implementing Fault-Tolerant Services Using the State Machine Approach:
                  {A} Tutorial},
  journal      = {{ACM} Comput. Surv.},
  volume       = {22},
  number       = {4},
  pages        = {299--319},
  year         = {1990},
  url          = {https://doi.org/10.1145/98163.98167},
  doi          = {10.1145/98163.98167},
  timestamp    = {Wed, 14 Nov 2018 10:31:47 +0100},
  biburl       = {https://dblp.org/rec/journals/csur/Schneider90.bib},
  bibsource    = {dblp computer science bibliography, https://dblp.org}
}
@article{DBLP:journals/ett/Desmedt94,
  author       = {Yvo Desmedt},
  title        = {Threshold cryptography},
  journal      = {Eur. Trans. Telecommun.},
  volume       = {5},
  number       = {4},
  pages        = {449--458},
  year         = {1994},
  url          = {https://doi.org/10.1002/ett.4460050407},
  doi          = {10.1002/ETT.4460050407},
  timestamp    = {Mon, 18 May 2020 17:46:18 +0200},
  biburl       = {https://dblp.org/rec/journals/ett/Desmedt94.bib},
  bibsource    = {dblp computer science bibliography, https://dblp.org}
}
@article{DBLP:journals/iacr/AbdallaBR99,
  author       = {Michel Abdalla and
                  Mihir Bellare and
                  Phillip Rogaway},
  title        = {{DHAES:} An Encryption Scheme Based on the Diffie-Hellman Problem},
  journal      = {{IACR} Cryptol. ePrint Arch.},
  pages        = {7},
  year         = {1999},
  url          = {http://eprint.iacr.org/1999/007},
  timestamp    = {Mon, 11 May 2020 15:54:59 +0200},
  biburl       = {https://dblp.org/rec/journals/iacr/AbdallaBR99.bib},
  bibsource    = {dblp computer science bibliography, https://dblp.org}
}
@article{DBLP:journals/iacr/BebelO22,
  author       = {Joseph Bebel and
                  Dev Ojha},
  title        = {Ferveo: Threshold Decryption for Mempool Privacy in {BFT} networks},
  journal      = {{IACR} Cryptol. ePrint Arch.},
  pages        = {898},
  year         = {2022},
  url          = {https://eprint.iacr.org/2022/898},
  timestamp    = {Tue, 27 Sep 2022 16:44:22 +0200},
  biburl       = {https://dblp.org/rec/journals/iacr/BebelO22.bib},
  bibsource    = {dblp computer science bibliography, https://dblp.org}
}
@article{DBLP:journals/joc/BonehLS04,
  author       = {Dan Boneh and
                  Ben Lynn and
                  Hovav Shacham},
  title        = {Short Signatures from the Weil Pairing},
  journal      = {J. Cryptol.},
  volume       = {17},
  number       = {4},
  pages        = {297--319},
  year         = {2004},
  url          = {https://doi.org/10.1007/s00145-004-0314-9},
  doi          = {10.1007/S00145-004-0314-9},
  timestamp    = {Fri, 18 Sep 2020 11:17:24 +0200},
  biburl       = {https://dblp.org/rec/journals/joc/BonehLS04.bib},
  bibsource    = {dblp computer science bibliography, https://dblp.org}
}
@article{DBLP:journals/joc/CachinKS05,
  author       = {Christian Cachin and
                  Klaus Kursawe and
                  Victor Shoup},
  title        = {Random Oracles in Constantinople: Practical Asynchronous Byzantine
                  Agreement Using Cryptography},
  journal      = {J. Cryptol.},
  volume       = {18},
  number       = {3},
  pages        = {219--246},
  year         = {2005},
  url          = {https://doi.org/10.1007/s00145-005-0318-0},
  doi          = {10.1007/S00145-005-0318-0},
  timestamp    = {Fri, 18 Sep 2020 11:17:25 +0200},
  biburl       = {https://dblp.org/rec/journals/joc/CachinKS05.bib},
  bibsource    = {dblp computer science bibliography, https://dblp.org}
}
@article{DBLP:journals/joc/GennaroJKR07,
  author       = {Rosario Gennaro and
                  Stanislaw Jarecki and
                  Hugo Krawczyk and
                  Tal Rabin},
  title        = {Secure Distributed Key Generation for Discrete-Log Based Cryptosystems},
  journal      = {J. Cryptol.},
  volume       = {20},
  number       = {1},
  pages        = {51--83},
  year         = {2007},
  url          = {https://doi.org/10.1007/s00145-006-0347-3},
  doi          = {10.1007/S00145-006-0347-3},
  timestamp    = {Fri, 18 Sep 2020 11:17:38 +0200},
  biburl       = {https://dblp.org/rec/journals/joc/GennaroJKR07.bib},
  bibsource    = {dblp computer science bibliography, https://dblp.org}
}
@article{DBLP:journals/joc/Schnorr91,
  author       = {Claus{-}Peter Schnorr},
  title        = {Efficient Signature Generation by Smart Cards},
  journal      = {J. Cryptol.},
  volume       = {4},
  number       = {3},
  pages        = {161--174},
  year         = {1991},
  url          = {https://doi.org/10.1007/BF00196725},
  doi          = {10.1007/BF00196725},
  timestamp    = {Fri, 18 Sep 2020 11:17:33 +0200},
  biburl       = {https://dblp.org/rec/journals/joc/Schnorr91.bib},
  bibsource    = {dblp computer science bibliography, https://dblp.org}
}
@article{DBLP:journals/joc/ShoupG02,
  author       = {Victor Shoup and
                  Rosario Gennaro},
  title        = {Securing Threshold Cryptosystems against Chosen Ciphertext Attack},
  journal      = {J. Cryptol.},
  volume       = {15},
  number       = {2},
  pages        = {75--96},
  year         = {2002},
  url          = {https://doi.org/10.1007/s00145-001-0020-9},
  doi          = {10.1007/S00145-001-0020-9},
  timestamp    = {Mon, 28 Aug 2023 21:35:31 +0200},
  biburl       = {https://dblp.org/rec/journals/joc/ShoupG02.bib},
  bibsource    = {dblp computer science bibliography, https://dblp.org}
}
@article{DBLP:journals/siamcomp/GoldwasserMR88,
  author       = {Shafi Goldwasser and
                  Silvio Micali and
                  Ronald L. Rivest},
  title        = {A Digital Signature Scheme Secure Against Adaptive Chosen-Message
                  Attacks},
  journal      = {{SIAM} J. Comput.},
  volume       = {17},
  number       = {2},
  pages        = {281--308},
  year         = {1988},
  url          = {https://doi.org/10.1137/0217017},
  doi          = {10.1137/0217017},
  timestamp    = {Wed, 14 Nov 2018 10:45:06 +0100},
  biburl       = {https://dblp.org/rec/journals/siamcomp/GoldwasserMR88.bib},
  bibsource    = {dblp computer science bibliography, https://dblp.org}
}
@article{DBLP:journals/tit/Elgamal85,
  author       = {Taher El Gamal},
  title        = {A public key cryptosystem and a signature scheme based on discrete
                  logarithms},
  journal      = {{IEEE} Trans. Inf. Theory},
  volume       = {31},
  number       = {4},
  pages        = {469--472},
  year         = {1985},
  url          = {https://doi.org/10.1109/TIT.1985.1057074},
  doi          = {10.1109/TIT.1985.1057074},
  timestamp    = {Tue, 10 Mar 2020 10:47:50 +0100},
  biburl       = {https://dblp.org/rec/journals/tit/Elgamal85.bib},
  bibsource    = {dblp computer science bibliography, https://dblp.org}
}
@article{DBLP:journals/toplas/LamportSP82,
  author       = {Leslie Lamport and
                  Robert E. Shostak and
                  Marshall C. Pease},
  title        = {The Byzantine Generals Problem},
  journal      = {{ACM} Trans. Program. Lang. Syst.},
  volume       = {4},
  number       = {3},
  pages        = {382--401},
  year         = {1982},
  url          = {https://doi.org/10.1145/357172.357176},
  doi          = {10.1145/357172.357176},
  timestamp    = {Fri, 24 Mar 2023 16:31:07 +0100},
  biburl       = {https://dblp.org/rec/journals/toplas/LamportSP82.bib},
  bibsource    = {dblp computer science bibliography, https://dblp.org}
}
@article{DBLP:journals/toplas/ReiterB94,
  author       = {Michael K. Reiter and
                  Kenneth P. Birman},
  title        = {How to Securely Replicate Services},
  journal      = {{ACM} Trans. Program. Lang. Syst.},
  volume       = {16},
  number       = {3},
  pages        = {986--1009},
  year         = {1994},
  url          = {https://doi.org/10.1145/177492.177745},
  doi          = {10.1145/177492.177745},
  timestamp    = {Tue, 21 Mar 2023 21:12:11 +0100},
  biburl       = {https://dblp.org/rec/journals/toplas/ReiterB94.bib},
  bibsource    = {dblp computer science bibliography, https://dblp.org}
}
