@inproceedings{DBLP:conf/acns/CascudoD17,
  author       = {Ignacio Cascudo and
                  Bernardo David},
  editor       = {Dieter Gollmann and
                  Atsuko Miyaji and
                  Hiroaki Kikuchi},
  title        = {{SCRAPE:} Scalable Randomness Attested by Public Entities},
  booktitle    = {Applied Cryptography and Network Security - 15th International Conference,
                  {ACNS} 2017, Kanazawa, Japan, July 10-12, 2017, Proceedings},
  series       = {Lecture Notes in Computer Science},
  volume       = {10355},
  pages        = {537--556},
  publisher    = {Springer},
  year         = {2017},
  url          = {https://doi.org/10.1007/978-3-319-61204-1\_27},
  doi          = {10.1007/978-3-319-61204-1\_27},
  timestamp    = {Tue, 07 May 2024 20:12:06 +0200},
  biburl       = {https://dblp.org/rec/conf/acns/CascudoD17.bib},
  bibsource    = {dblp computer science bibliography, https://dblp.org}
}

@inproceedings{DBLP:conf/aft/ZhangMQBEF23,
  author       = {Haoqian Zhang and
                  Louis{-}Henri Merino and
                  Ziyan Qu and
                  Mahsa Bastankhah and
                  Vero Estrada{-}Gali{\~{n}}anes and
                  Bryan Ford},
  editor       = {Joseph Bonneau and
                  S. Matthew Weinberg},
  title        = {{F3B:} {A} Low-Overhead Blockchain Architecture with Per-Transaction
                  Front-Running Protection},
  booktitle    = {5th Conference on Advances in Financial Technologies, {AFT} 2023,
                  October 23-25, 2023, Princeton, NJ, {USA}},
  series       = {LIPIcs},
  volume       = {282},
  pages        = {3:1--3:23},
  publisher    = {Schloss Dagstuhl - Leibniz-Zentrum f{\"{u}}r Informatik},
  year         = {2023},
  url          = {https://doi.org/10.4230/LIPIcs.AFT.2023.3},
  doi          = {10.4230/LIPICS.AFT.2023.3},
  timestamp    = {Wed, 21 Aug 2024 22:46:00 +0200},
  biburl       = {https://dblp.org/rec/conf/aft/ZhangMQBEF23.bib},
  bibsource    = {dblp computer science bibliography, https://dblp.org}
}

@inproceedings{DBLP:conf/ccs/MaramZWLZJS19,
  author       = {Sai Krishna Deepak Maram and
                  Fan Zhang and
                  Lun Wang and
                  Andrew Low and
                  Yupeng Zhang and
                  Ari Juels and
                  Dawn Song},
  editor       = {Lorenzo Cavallaro and
                  Johannes Kinder and
                  XiaoFeng Wang and
                  Jonathan Katz},
  title        = {{CHURP:} Dynamic-Committee Proactive Secret Sharing},
  booktitle    = {Proceedings of the 2019 {ACM} {SIGSAC} Conference on Computer and
                  Communications Security, {CCS} 2019, London, UK, November 11-15, 2019},
  pages        = {2369--2386},
  publisher    = {{ACM}},
  year         = {2019},
  url          = {https://doi.org/10.1145/3319535.3363203},
  doi          = {10.1145/3319535.3363203},
  timestamp    = {Thu, 31 Aug 2023 19:50:53 +0200},
  biburl       = {https://dblp.org/rec/conf/ccs/MaramZWLZJS19.bib},
  bibsource    = {dblp computer science bibliography, https://dblp.org}
}

@inproceedings{DBLP:conf/podc/CamenischDHPS022,
  author       = {Jan Camenisch and
                  Manu Drijvers and
                  Timo Hanke and
                  Yvonne{-}Anne Pignolet and
                  Victor Shoup and
                  Dominic Williams},
  editor       = {Alessia Milani and
                  Philipp Woelfel},
  title        = {Internet Computer Consensus},
  booktitle    = {{PODC} '22: {ACM} Symposium on Principles of Distributed Computing,
                  Salerno, Italy, July 25 - 29, 2022},
  pages        = {81--91},
  publisher    = {{ACM}},
  year         = {2022},
  url          = {https://doi.org/10.1145/3519270.3538430},
  doi          = {10.1145/3519270.3538430},
  timestamp    = {Sun, 19 Jan 2025 13:32:09 +0100},
  biburl       = {https://dblp.org/rec/conf/podc/CamenischDHPS022.bib},
  bibsource    = {dblp computer science bibliography, https://dblp.org}
}

@article{DBLP:journals/corr/abs-2407-12172,
  author       = {Zhuolun Xiang and
                  Sourav Das and
                  Zekun Li and
                  Zhoujun Ma and
                  Alexander Spiegelman},
  title        = {The Latency Price of Threshold Cryptosystem in Blockchains},
  journal      = {CoRR},
  volume       = {abs/2407.12172},
  year         = {2024},
  url          = {https://doi.org/10.48550/arXiv.2407.12172},
  doi          = {10.48550/ARXIV.2407.12172},
  eprinttype    = {arXiv},
  eprint       = {2407.12172},
  timestamp    = {Wed, 11 Dec 2024 14:18:55 +0100},
  biburl       = {https://dblp.org/rec/journals/corr/abs-2407-12172.bib},
  bibsource    = {dblp computer science bibliography, https://dblp.org}
}

@article{DBLP:journals/iacr/BebelO22,
  author       = {Joseph Bebel and
                  Dev Ojha},
  title        = {Ferveo: Threshold Decryption for Mempool Privacy in {BFT} networks},
  journal      = {{IACR} Cryptol. ePrint Arch.},
  pages        = {898},
  year         = {2022},
  url          = {https://eprint.iacr.org/2022/898},
  timestamp    = {Tue, 27 Sep 2022 16:44:22 +0200},
  biburl       = {https://dblp.org/rec/journals/iacr/BebelO22.bib},
  bibsource    = {dblp computer science bibliography, https://dblp.org}
}

