@misc{drand,
  title     = {The {DFINITY} Foundation},
  key       = {{DFINITY}},
  year      = {2024},
  note = {\url{https://dfinity.org}}
}
@misc{dfinity,
  title     = {drand: Distributed randomness beacon},
  key       = {drand},
  year      = {2023},
  note = {\url{https://drand.love}}
}
@misc{nakamoto2019bitcoin,
  author        = {Satoshi Nakamoto},
  title         = {Bitcoin: A Peer-to-Peer Electronic Cash System},
  howpublished  = {Whitepaper},
  year          = {2009},
  note          = {\url{http://bitcoin.org/bitcoin.pdf}}
}
@misc{fireblocks,
  title     = {Fireblocks: Applications to Manage Digital Assets},
  key       = {Fireblocks},
  year      = {2023},
  note = {\url{https://www.fireblocks.com}}
}
@misc{dfns,
  title     = {Dfns: Web3 wallets as an {API}},
  key       = {Dfns},
  year      = {2023},
  note = {\url{https://www.dfns.co}}
}
@misc{sepior,
  title     = {Sepior: Advanced {MPC} Wallets for Digital Assets},
  author    = {Sepior},
  year      = {2023},
  note = {\url{https://sepior.com}}
}
@misc{keyless,
  title     = {Keyless.io},
  author    = {Keyless},
  year      = {2023},
  note = {\url{https://keyless.io}}
}
@misc{zengo,
  title     = {ZenGo: Zengo wallet: Secure by default},
  key       = {ZenGo},
  year      = {2023},
  note = {\url{https://zengo.com}}
}
@misc{coinbase23,
  title     = {Digital Asset Management with {MPC}},
  author    = {Yehuda Lindell},
  year      = {2023},
  note = {\url{https://www.coinbase.com/blog/digital-asset-management-with-mpc-whitepaper}}
}
@misc{unbound,
  title     = {Unbound Security},
  author    = {{Unbound Security}},
  year      = {2023},
  note = {\url{https://github.com/unboundsecurity}}
}
@misc{sharemind,
  title     = {Sharemind},
  author    = {{Sharemind}},
  year      = {2023},
  note = {\url{https://sharemind.cyber.ee}}
}
@misc{roseman,
  title     = {Roseman Labs},
  author    = {{Roseman Labs}},
  year      = {2023},
  note = {\url{https://rosemanlabs.com/index.html}}
}
@misc{mpc-genome,
  title     = {Advancement in Genome and DNA Testing using Cryptographic Privacy},
  author    = {{Sharemind}},
  year      = {2022},
  note = {\url{https://sharemind.cyber.ee/genome-privacy-testing}}
}
@misc{mpc-surveys,
  title     = {Surveys},
  author    = {{Partisia}},
  year      = {2022},
  note = {\url{https://partisia.com/better-data-solutions/surveys}}
}
@misc{mpc-trafficking,
  title     = {Developing a safe and trusted collaboration environment to monitor and combat human trafficking},
  author    = {{Data Sharing Coalition}},
  year      = {2021},
  note = {\url{https://datasharingcoalition.eu/2021/developing-a-safe-and-trusted-collaboration-environment-to-monitor-and-combat-human-trafficking}}
}
@misc{filecoin,
  title     = {Filecoin: A Decentralized Storage Network},
  author     = {{Protocol Labs}},
  year      = {2017},
  howpublished  = {\url{https://filecoin.io/filecoin.pdf}}
}		
@misc{partisia,
  title     = {Partisia Whitepaper},
  author     = {{Partisia Blockchain}},
  year      = {2021},
  howpublished  = {Version 1.05, \url{https://partisia.com/wp-content/uploads/2021/02/Partisia_Whitepaper-1_05.pdf}}
}		
@misc{partisia23,
  title     = {Partisia: Solving the Blockchain Trilemma},
  author     = {{Partisia Blockchain}},
  year      = {2023},
  howpublished  = {\url{https://partisiablockchain.com}}
}		
@misc{nist-tc,
  title     = {Multi-Party Threshold Cryptography (MPTC) Project},
  author     = {{NIST}},
  year      = {2019},
  howpublished  = {\url{https://csrc.nist.gov/Projects/Threshold-Cryptography/}}
}
@inproceedings{vonseck2024thresh,
  title = {{Thresh-Hold: Assessment of Threshold Cryptography in Leader-Based Consensus}},
  author = {von Seck, Richard and Rezabek, Filip and Carle, Georg},
  booktitle = {2024 IEEE 49th Conference on Local Computer Networks (LCN)},
  pages = {1--8},
  year = {2024},
  month = oct,
  organization = {IEEE},
  month_numeric = {10}
}

@misc{grpc,
  title     = {gRPC},
  author    = {{Cloud Native Computing Foundation}},
  year      = {2024},
  note = {\url{https://grpc.io/}}
}

@misc{protobuf,
  title     = {Protocol Buffers},
  author    = {{Cloud Native Computing Foundation}},
  year      = {2024},
  note = {\url{https://grpc.io/}}
}

@misc{libp2p,
  title     = {libp2p: The Peer-to-Peer Network},
  author    = {{Protocol Labs}},
  year      = {2024},
  note = {\url{https://libp2p.io/}}
}

@misc{miracl,
  title = {{MIRACL} Core},
  author = {{MIRACL}},
  year = {2024},
  note = {\url{https://github.com/miracl/core}},
}

@misc{shutter,
      author = {Stefan Dziembowski and Sebastian Faust and Jannik Luhn},
      title = {Shutter Network: Private Transactions from Threshold Cryptography},
      howpublished = {Cryptology {ePrint} Archive, Paper 2024/1981},
      year = {2024},
      url = {https://eprint.iacr.org/2024/1981}
}