@InProceedings{Chou2023CVPR,
    author    = {Chou, Sheng-Yen and Chen, Pin-Yu and Ho, Tsung-Yi},
    title     = {How to Backdoor Diffusion Models?},
    booktitle = {Proc. Int. Conf. Comput. Vis. Pattern Recognit.},
    month     = {June},
    year      = {2023},
    pages     = {4015-4024}
}

@InProceedings{Vu2025ICC,
    author    = {Truong, Tuan Vu  and Le, Long Bao},
    title     = {PureDiffusion: Using backdoor to counter
backdoor in generative diffusion models},
    booktitle = {Proc. Int. Conf. Commun.},
    month     = {June},
    year      = {2025}
}

@inproceedings{an2024elijah,
  title={Elijah: Eliminating backdoors injected in diffusion models via distribution shift},
  author={An, Shengwei and Chou, Sheng-Yen and Zhang, Kaiyuan and Xu, Qiuling and Tao, Guanhong and Shen, Guangyu and Cheng, Siyuan and Ma, Shiqing and Chen, Pin-Yu and Ho, Tsung-Yi and others},
  booktitle={Proc. AAAI Conf. Artif. Intell.},
  volume={38},
  number={10},
  pages={10847--10855},
  year={2024}
}

@inproceedings{chen2023trojdiff,
  title={Trojdiff: Trojan attacks on diffusion models with diverse targets},
  author={Chen, Weixin and Song, Dawn and Li, Bo},
  booktitle={Proc. Int. Conf. Comput. Vis. Pattern Recognit.},
  pages={4035--4044},
  year={2023}
}

@inproceedings{chou2024villandiffusion,
  title={Villandiffusion: A unified backdoor attack framework for diffusion models},
  author={Chou, Sheng-Yen and Chen, Pin-Yu and Ho, Tsung-Yi},
  booktitle={Proc. Int. Conf. Neural Inf. Process. Syst.},
  volume={36},
  year={2024}
}

@article{guan2024ufid,
  title={Ufid: A unified framework for input-level backdoor detection on diffusion models},
  author={Guan, Zihan and Hu, Mengxuan and Li, Sheng and Vullikanti, Anil},
  journal={arXiv:2404.01101},
  year={2024}
}

@article{guo2024copyrightshield,
  title={CopyrightShield: Spatial Similarity Guided Backdoor Defense against Copyright Infringement in Diffusion Models},
  author={Guo, Zhixiang and Liang, Siyuan and Liu, Aishan and Tao, Dacheng},
  journal={arXiv:2412.01528},
  year={2024}
}

@article{li2023learnable,
  title={Learnable Invisible Backdoor for Diffusion Models},
  author={Li, Sen and Ma, Junchi and Cheng, Minhao},
  journal = {OpenReview},
  year={2023}
}

@article{mo2024terd,
  title={TERD: A unified framework for safeguarding diffusion models against backdoors},
  author={Mo, Yichuan and Huang, Hui and Li, Mingjie and Li, Ang and Wang, Yisen},
  journal={arXiv:2409.05294},
  year={2024}
}

@inproceedings{pan2023trojan,
  title={From Trojan Horses to Castle Walls: Unveiling Bilateral Backdoor Effects in Diffusion Models},
  author={Pan, Zhuoshi and Yao, Yuguang and Liu, Gaowen and Shen, Bingquan and Zhao, H Vicky and Kompella, Ramana Rao and Liu, Sijia},
  booktitle={Proc. Int. Conf. Neural Inf. Process. Syst.},
  booksubtitle = {Workshop on BUGS},
  year={2023}
}

@inproceedings{ronneberger2015u,
  title={U-net: Convolutional networks for biomedical image segmentation},
  author={Ronneberger, Olaf and Fischer, Philipp and Brox, Thomas},
  booktitle={Proc. Int. Conf. Med. Image Comput. Comput. Assist. Interv.},
  pages={234--241},
  year={2015}
}

@inproceedings{struppek2023rickrolling,
  title={Rickrolling the artist: Injecting backdoors into text encoders for text-to-image synthesis},
  author={Struppek, Lukas and Hintersdorf, Dominik and Kersting, Kristian},
  booktitle={Proc. Int. Conf. Comput. Vis.},
  pages={4584--4596},
  year={2023}
}

@article{sui2024disdet,
  title={DisDet: Exploring Detectability of Backdoor Attack on Diffusion Models},
  author={Sui, Yang and Phan, Huy and Xiao, Jinqi and Zhang, Tianfang and Tang, Zijie and Shi, Cong and Wang, Yan and Chen, Yingying and Yuan, Bo},
  journal={arXiv:2402.02739},
  year={2024}
}

@article{truong2024attacks,
  title={Attacks and Defenses for Generative Diffusion Models: A Comprehensive Survey},
  author={Truong, Vu Tuan and Dang, Luan Ba and Le, Long Bao},
  journal={arXiv:2408.03400},
  year={2024}
}

@article{truong2024purediffusion,
  title={PureDiffusion: Using Backdoor to Counter Backdoor in Generative Diffusion Models},
  author={Truong, Vu Tuan and Le, Long Bao},
  journal={arXiv:2409.13945},
  year={2024}
}

@inproceedings{wang2023stronger,
  title={The stronger the diffusion model, the easier the backdoor: Data poisoning to induce copyright breaches without adjusting finetuning pipeline},
  author={Wang, Haonan and Shen, Qianli and Tong, Yao and Zhang, Yang and Kawaguchi, Kenji},
  booktitle={Proc. Int. Conf. Neural Inf. Process. Syst.},
  booksubtitle = {Workshop on Backdoors in Deep Learning},
  year={2023}
}

@inproceedings{wang2025t2ishield,
  title={T2ishield: Defending against backdoors on text-to-image diffusion models},
  author={Wang, Zhongqi and Zhang, Jie and Shan, Shiguang and Chen, Xilin},
  booktitle={ECCV},
  pages={107--124},
  year={2025}
}

@inproceedings{zhai2023text,
  title={Text-to-image diffusion models can be easily backdoored through multimodal data poisoning},
  author={Zhai, Shengfang and Dong, Yinpeng and Shen, Qingni and Pu, Shi and Fang, Yuejian and Su, Hang},
  booktitle={Proc. ACM Int. Conf. Multimed.},
  pages={1577--1587},
  year={2023}
}

