@inproceedings{ho2020denoising,
  title={Denoising diffusion probabilistic models},
  author={Ho, Jonathan and Jain, Ajay and Abbeel, Pieter},
  booktitle={Proc. Int. Conf. Neural Inf. Process. Syst.},
  volume={33},
  pages={6840--6851},
  year={2020}
}

@article{truong2024attacks,
  title={Attacks and Defenses for Generative Diffusion Models: A Comprehensive Survey},
  author={Truong, Vu Tuan and Dang, Luan Ba and Le, Long Bao},
  journal={arXiv:2408.03400},
  year={2024}
}


@InProceedings{Chou2023CVPR,
    author    = {Chou, Sheng-Yen and Chen, Pin-Yu and Ho, Tsung-Yi},
    title     = {How to Backdoor Diffusion Models?},
    booktitle = {Proc. Int. Conf. Comput. Vis. Pattern Recognit.},
    month     = {June},
    year      = {2023},
    pages     = {4015-4024}
}

@InProceedings{Vu2025ICC,
    author    = {Truong, Tuan Vu  and Le, Long Bao},
    title     = {PureDiffusion: Using backdoor to counter
backdoor in generative diffusion models},
    booktitle = {Proc. Int. Conf. Commun.},
    month     = {June},
    year      = {2025}
}


@inproceedings{chen2023trojdiff,
  title={Trojdiff: Trojan attacks on diffusion models with diverse targets},
  author={Chen, Weixin and Song, Dawn and Li, Bo},
  booktitle={Proc. Int. Conf. Comput. Vis. Pattern Recognit.},
  pages={4035--4044},
  year={2023}
}

@inproceedings{chou2024villandiffusion,
  title={Villandiffusion: A unified backdoor attack framework for diffusion models},
  author={Chou, Sheng-Yen and Chen, Pin-Yu and Ho, Tsung-Yi},
  booktitle={Proc. Int. Conf. Neural Inf. Process. Syst.},
  volume={36},
  year={2024}
}

@inproceedings{truong2024text,
  title={Text-guided real-world-to-3D generative models with real-time rendering on mobile devices},
  author={Truong, Vu Tuan and Le, Long Bao},
  booktitle={Proc. IEEE Wireless Commun. Netw. Conf.},
  pages={1--6},
  year={2024},
  organization={IEEE}
}

@inproceedings{an2024elijah,
  title={Elijah: Eliminating backdoors injected in diffusion models via distribution shift},
  author={An, Shengwei and Chou, Sheng-Yen and Zhang, Kaiyuan and Xu, Qiuling and Tao, Guanhong and Shen, Guangyu and Cheng, Siyuan and Ma, Shiqing and Chen, Pin-Yu and Ho, Tsung-Yi and others},
  booktitle={Proc. AAAI Conf. Artif. Intell.},
  volume={38},
  number={10},
  pages={10847--10855},
  year={2024}
}

@article{guan2024ufid,
  title={Ufid: A unified framework for input-level backdoor detection on diffusion models},
  author={Guan, Zihan and Hu, Mengxuan and Li, Sheng and Vullikanti, Anil},
  journal={arXiv:2404.01101},
  year={2024}
}

@article{sui2024disdet,
  title={DisDet: Exploring Detectability of Backdoor Attack on Diffusion Models},
  author={Sui, Yang and Phan, Huy and Xiao, Jinqi and Zhang, Tianfang and Tang, Zijie and Shi, Cong and Wang, Yan and Chen, Yingying and Yuan, Bo},
  journal={arXiv:2402.02739},
  year={2024}
}

@article{hao2024diff,
  title={Diff-Cleanse: Identifying and Mitigating Backdoor Attacks in Diffusion Models},
  author={Hao, Jiang and Jin, Xiao and Xiaoguang, Hu and Tianyou, Chen},
  journal={arXiv preprint arXiv:2407.21316},
  year={2024}
}

@article{mo2024terd,
  title={TERD: A unified framework for safeguarding diffusion models against backdoors},
  author={Mo, Yichuan and Huang, Hui and Li, Mingjie and Li, Ang and Wang, Yisen},
  journal={arXiv:2409.05294},
  year={2024}
}

@inproceedings{rombach2022high,
  title={High-resolution image synthesis with latent diffusion models},
  author={Rombach, Robin and Blattmann, Andreas and Lorenz, Dominik and Esser, Patrick and Ommer, Bj{\"o}rn},
  booktitle={Proc. Int. Conf. Comput. Vis. Pattern Recognit.},
  pages={10684--10695},
  year={2022}
}


@ARTICLE{10480348,
  author={Wu, Tong and Chen, Zhiyong and He, Dazhi and Qian, Liang and Xu, Yin and Tao, Meixia and Zhang, Wenjun},
  journal={IEEE Trans. Wirel. Commun.}, 
  title={CDDM: Channel Denoising Diffusion Models for Wireless Semantic Communications}, 
  year={2024},
  volume={23},
  number={9},
  pages={11168-11183},
  doi={10.1109/TWC.2024.3379244}}


@ARTICLE{10529221,
  author={Du, Hongyang and Zhang, Ruichen and Liu, Yinqiu and Wang, Jiacheng and Lin, Yijing and Li, Zonghang and Niyato, Dusit and Kang, Jiawen and Xiong, Zehui and Cui, Shuguang and Ai, Bo and Zhou, Haibo and Kim, Dong In},
  journal={IEEE Commun. Surv. Tutor.}, 
  title={Enhancing Deep Reinforcement Learning: A Tutorial on Generative Diffusion Models in Network Optimization}, 
  year={2024},
  volume={},
  number={},
  pages={1-1},
  doi={10.1109/COMST.2024.3400011}}

@ARTICLE{10623395,
  author={Zhao, Changyuan and Du, Hongyang and Niyato, Dusit and Kang, Jiawen and Xiong, Zehui and Kim, Dong In and Shen, Xuemin and Letaief, Khaled B.},
  journal={IEEE Trans. Cogn. Commun. Netw.}, 
  title={Generative AI for Secure Physical Layer Communications: A Survey}, 
  year={2024},
  volume={},
  number={},
  pages={1-1},
  doi={10.1109/TCCN.2024.3438379}}


@inproceedings{watson2021learning,
  title={Learning fast samplers for diffusion models by differentiating through sample quality},
  author={Watson, Daniel and Chan, William and Ho, Jonathan and Norouzi, Mohammad},
  booktitle={Proc. Int. Conf. Learn. Representations},
  year={2021}
}


@inproceedings{nichol2021glide,
  title={Glide: Towards photorealistic image generation and editing with text-guided diffusion models},
  author={Nichol, Alex and Dhariwal, Prafulla and Ramesh, Aditya and Shyam, Pranav and Mishkin, Pamela and McGrew, Bob and Sutskever, Ilya and Chen, Mark},
  booktitle={Proc. Int. Conf. Mach. Learn.},
  pages={16784--16804},
  year={2021}
}

@inproceedings{sinha2021d2c,
  title={D2c: Diffusion-decoding models for few-shot conditional generation},
  author={Sinha, Abhishek and Song, Jiaming and Meng, Chenlin and Ermon, Stefano},
  booktitle={Proc. Int. Conf. Neural Inf. Process. Syst.},
  volume={34},
  pages={12533--12548},
  year={2021}
}

@inproceedings{bao2022analytic,
  title={Analytic-dpm: an analytic estimate of the optimal reverse variance in diffusion probabilistic models},
  author={Bao, Fan and Li, Chongxuan and Zhu, Jun and Zhang, Bo},
  booktitle={Proc. Int. Conf. Learn. Representations},
  year={2022}
}

@inproceedings{austin2021structured,
  title={Structured denoising diffusion models in discrete state-spaces},
  author={Austin, Jacob and Johnson, Daniel D and Ho, Jonathan and Tarlow, Daniel and Van Den Berg, Rianne},
  booktitle={Proc. Int. Conf. Neural Inf. Process. Syst.},
  volume={34},
  pages={17981--17993},
  year={2021}
}

@inproceedings{hoogeboom2021argmax,
  title={Argmax flows and multinomial diffusion: Learning categorical distributions},
  author={Hoogeboom, Emiel and Nielsen, Didrik and Jaini, Priyank and Forr{\'e}, Patrick and Welling, Max},
  booktitle={Proc. Int. Conf. Neural Inf. Process. Syst.},
  volume={34},
  pages={12454--12465},
  year={2021}
}

@inproceedings{li2022diffusion,
  title={Diffusion-lm improves controllable text generation},
  author={Li, Xiang and Thickstun, John and Gulrajani, Ishaan and Liang, Percy S and Hashimoto, Tatsunori B},
  booktitle={Proc. Int. Conf. Neural Inf. Process. Syst.},
  volume={35},
  pages={4328--4343},
  year={2022}
}

@inproceedings{savinov2021step,
  title={Step-unrolled denoising autoencoders for text generation},
  author={Savinov, Nikolay and Chung, Junyoung and Binkowski, Mikolaj and Elsen, Erich and Oord, Aaron van den},
  booktitle={Proc. Int. Conf. Learn. Representations},
  year={2021}
}

@inproceedings{chen2020wavegrad,
  title={Wavegrad: Estimating gradients for waveform generation},
  author={Chen, Nanxin and Zhang, Yu and Zen, Heiga and Weiss, Ron J and Norouzi, Mohammad and Chan, William},
  booktitle={Proc. Int. Conf. Learn. Representations},
  year={2020}
}

@inproceedings{popov2021grad,
  title={Grad-tts: A diffusion probabilistic model for text-to-speech},
  author={Popov, Vadim and Vovk, Ivan and Gogoryan, Vladimir and Sadekova, Tasnima and Kudinov, Mikhail},
  booktitle={Proc. Int. Conf. Mach. Learn.},
  pages={8599--8608},
  year={2021}
}


@inproceedings{xu2023dream3d,
  title={Dream3d: Zero-shot text-to-3d synthesis using 3d shape prior and text-to-image diffusion models},
  author={Xu, Jiale and Wang, Xintao and Cheng, Weihao and Cao, Yan-Pei and Shan, Ying and Qie, Xiaohu and Gao, Shenghua},
  booktitle={Proc. Int. Conf. Comput. Vis. Pattern Recognit.},
  pages={20908--20918},
  year={2023}
}

@article{poole2022dreamfusion,
  title={Dreamfusion: Text-to-3d using 2d diffusion},
  author={Poole, Ben and Jain, Ajay and Barron, Jonathan T and Mildenhall, Ben},
  journal={arXiv:2209.14988},
  year={2022}
}

@inproceedings{xu2022geodiff,
  title={Geodiff: A geometric diffusion model for molecular conformation generation},
  author={Xu, Minkai and Yu, Lantao and Song, Yang and Shi, Chence and Ermon, Stefano and Tang, Jian},
  booktitle={Proc. Int. Conf. Learn. Representations},
  year={2021}
}

@inproceedings{luo2022antigen,
  title={Antigen-specific antibody design and optimization with diffusion-based generative models for protein structures},
  author={Luo, Shitong and Su, Yufeng and Peng, Xingang and Wang, Sheng and Peng, Jian and Ma, Jianzhu},
  booktitle={Proc. Int. Conf. Neural Inf. Process. Syst.},
  pages={9754--9767},
  year={2022}
}

@inproceedings{tashiro2021csdi,
  title={Csdi: Conditional score-based diffusion models for probabilistic time series imputation},
  author={Tashiro, Yusuke and Song, Jiaming and Song, Yang and Ermon, Stefano},
  booktitle={Proc. Int. Conf. Neural Inf. Process. Syst.},
  volume={34},
  pages={24804--24816},
  year={2021}
}

@article{yan2021scoregrad,
  title={Scoregrad: Multivariate probabilistic time series forecasting with continuous energy-based generative models},
  author={Yan, Tijin and Zhang, Hongwei and Zhou, Tong and Zhan, Yufeng and Xia, Yuanqing},
  journal={arXiv:2106.10121},
  year={2021}
}

@inproceedings{rasul2020multivariate,
  title={Multivariate probabilistic time series forecasting via conditioned normalizing flows},
  author={Rasul, Kashif and Sheikh, Abdul-Saboor and Schuster, Ingmar and Bergmann, Urs and Vollgraf, Roland},
  booktitle={Proc. Int. Conf. Learn. Representations},
  year={2020}
}


@COMMENT VAE
@inproceedings{kingma2014vae,
  title={Auto-Encoding Variational Bayes},
  author={Kingma, Diederik P and Welling, Max},
  booktitle={Proc. Int. Conf. Mach. Learn.},
  year={2014}
}

@inproceedings{rezende2015variational,
  title={Variational inference with normalizing flows},
  author={Rezende, Danilo and Mohamed, Shakir},
  booktitle={Proc. Int. Conf. Mach. Learn.},
  pages={1530--1538},
  year={2015}
}

@COMMENT GAN
@inproceedings{goodfellow2014generative,
  title={Generative adversarial nets},
  author={Goodfellow, Ian and Pouget-Abadie, Jean and Mirza, Mehdi and Xu, Bing and Warde-Farley, David and Ozair, Sherjil and Courville, Aaron and Bengio, Yoshua},
  booktitle={Proc. Int. Conf. Neural Inf. Process. Syst.},
  volume={27},
  year={2014}
}


@inproceedings{wang2019neural,
  title={Neural cleanse: Identifying and mitigating backdoor attacks in neural networks},
  author={Wang, Bolun and Yao, Yuanshun and Shan, Shawn and Li, Huiying and Viswanath, Bimal and Zheng, Haitao and Zhao, Ben Y},
  booktitle={Proc. IEEE Symp. Secur. Priv.},
  pages={707--723},
  year={2019},
  organization={IEEE}
}

@article{chen2018detecting,
  title={Detecting backdoor attacks on deep neural networks by activation clustering},
  author={Chen, Bryant and Carvalho, Wilka and Baracaldo, Nathalie and Ludwig, Heiko and Edwards, Benjamin and Lee, Taesung and Molloy, Ian and Srivastava, Biplav},
  journal={arXiv:1811.03728},
  year={2018}
}

@article{li2022backdoor,
  title={Backdoor learning: A survey},
  author={Li, Yiming and Jiang, Yong and Li, Zhifeng and Xia, Shu-Tao},
  journal={IEEE Trans. Neural Netw. Learn. Syst.
},
  volume={35},
  number={1},
  pages={5--22},
  year={2022},
  publisher={IEEE}
}

@article{wang2024t2ishield,
  title={T2ishield: Defending against backdoors on text-to-image diffusion models},
  author={Wang, Zhongqi and Zhang, Jie and Shan, Shiguang and Chen, Xilin},
  journal={arXiv:2407.04215},
  year={2024}
}

@article{guo2024copyrightshield,
  title={CopyrightShield: Spatial Similarity Guided Backdoor Defense against Copyright Infringement in Diffusion Models},
  author={Guo, Zhixiang and Liang, Siyuan and Liu, Aishan and Tao, Dacheng},
  journal={arXiv:2412.01528},
  year={2024}
}

@inproceedings{ronneberger2015u,
  title={U-net: Convolutional networks for biomedical image segmentation},
  author={Ronneberger, Olaf and Fischer, Philipp and Brox, Thomas},
  booktitle={Proc. Int. Conf. Med. Image Comput. Comput. Assist. Interv.},
  pages={234--241},
  year={2015}
}

@inproceedings{song2020score,
  title={Score-based generative modeling through stochastic differential equations},
  author={Song, Yang and Sohl-Dickstein, Jascha and Kingma, Diederik P and Kumar, Abhishek and Ermon, Stefano and Poole, Ben},
  booktitle={Proc. Int. Conf. Learn. Representations},
  year={2021}
}

@inproceedings{song2020denoising,
  title={Denoising diffusion implicit models},
  author={Song, Jiaming and Meng, Chenlin and Ermon, Stefano},
  booktitle={Proc. Int. Conf. Learn. Representations},
  year={2021}
}

@inproceedings{song2019generative,
  title={Generative modeling by estimating gradients of the data distribution},
  author={Song, Yang and Ermon, Stefano},
  booktitle={Proc. Int. Conf. Neural Inf. Process. Syst.},
  volume={32},
  pages={11918--–11930},
  year={2019}
}

@inproceedings{struppek2023rickrolling,
  title={Rickrolling the artist: Injecting backdoors into text encoders for text-to-image synthesis},
  author={Struppek, Lukas and Hintersdorf, Dominik and Kersting, Kristian},
  booktitle={Proc. Int. Conf. Comput. Vis.},
  pages={4584--4596},
  year={2023}
}


@inproceedings{wang2023stronger,
  title={The stronger the diffusion model, the easier the backdoor: Data poisoning to induce copyright breaches without adjusting finetuning pipeline},
  author={Wang, Haonan and Shen, Qianli and Tong, Yao and Zhang, Yang and Kawaguchi, Kenji},
  booktitle={Proc. Int. Conf. Neural Inf. Process. Syst.},
  booksubtitle = {Workshop on Backdoors in Deep Learning},
  year={2023}
}


@inproceedings{pan2023trojan,
  title={From Trojan Horses to Castle Walls: Unveiling Bilateral Backdoor Effects in Diffusion Models},
  author={Pan, Zhuoshi and Yao, Yuguang and Liu, Gaowen and Shen, Bingquan and Zhao, H Vicky and Kompella, Ramana Rao and Liu, Sijia},
  booktitle={Proc. Int. Conf. Neural Inf. Process. Syst.},
  booksubtitle = {Workshop on BUGS},
  year={2023}
}

@inproceedings{zhai2023text,
  title={Text-to-image diffusion models can be easily backdoored through multimodal data poisoning},
  author={Zhai, Shengfang and Dong, Yinpeng and Shen, Qingni and Pu, Shi and Fang, Yuejian and Su, Hang},
  booktitle={Proc. ACM Int. Conf. Multimed.},
  pages={1577--1587},
  year={2023}
}

@article{li2023learnable,
  title={Learnable Invisible Backdoor for Diffusion Models},
  author={Li, Sen and Ma, Junchi and Cheng, Minhao},
  journal = {OpenReview},
  year={2023}
}

@inproceedings{wang2025t2ishield,
  title={T2ishield: Defending against backdoors on text-to-image diffusion models},
  author={Wang, Zhongqi and Zhang, Jie and Shan, Shiguang and Chen, Xilin},
  booktitle={ECCV},
  pages={107--124},
  year={2025}
}

@article{kullback1951information,
  title={On information and sufficiency},
  author={Kullback, Solomon and Leibler, Richard A},
  journal={Ann. Math. Stat.},
  volume={22},
  number={1},
  pages={79--86},
  year={1951}
}

@article{lilearnable,
  title={Learnable Invisible Backdoor for Diffusion Models},
  author={Li, Sen and Ma, Junchi and Cheng, Minhao},
journal={Openreview},
year={2024}
}

@article{krizhevsky2009learning,
  title={Learning multiple layers of features from tiny images},
  author={Krizhevsky, Alex and Hinton, Geoffrey and others},
  year={2009},
  publisher={Toronto, ON, Canada}
}

@article{truong2024purediffusion,
  title={PureDiffusion: Using Backdoor to Counter Backdoor in Generative Diffusion Models},
  author={Truong, Vu Tuan and Le, Long Bao},
  journal={arXiv:2409.13945},
  year={2024}
}