@InProceedings{Zhao_2024_CVPR,
    author    = {Zhao, Linqing and Xu, Xiuwei and Wang, Ziwei and Zhang, Yunpeng and Zhang, Borui and Zheng, Wenzhao and Du, Dalong and Zhou, Jie and Lu, Jiwen},
    title     = {LowRankOcc: Tensor Decomposition and Low-Rank Recovery for Vision-based 3D Semantic Occupancy Prediction},
    booktitle = {Proceedings of the IEEE/CVF Conference on Computer Vision and Pattern Recognition (CVPR)},
    month     = {June},
    year      = {2024},
    pages     = {9806-9815}
}

@inproceedings{barron2021mip,
  title={Mip-nerf: A multiscale representation for anti-aliasing neural radiance fields},
  author={Barron, Jonathan T and Mildenhall, Ben and Tancik, Matthew and Hedman, Peter and Martin-Brualla, Ricardo and Srinivasan, Pratul P},
  booktitle={Proceedings of the IEEE/CVF International Conference on Computer Vision},
  pages={5855--5864},
  year={2021}
}

@inproceedings{barron2022mip,
  title={Mip-nerf 360: Unbounded anti-aliased neural radiance fields},
  author={Barron, Jonathan T and Mildenhall, Ben and Verbin, Dor and Srinivasan, Pratul P and Hedman, Peter},
  booktitle={Proceedings of the IEEE/CVF Conference on Computer Vision and Pattern Recognition},
  pages={5470--5479},
  year={2022}
}

@inproceedings{behley2019semantickitti,
  title={Semantickitti: A dataset for semantic scene understanding of lidar sequences},
  author={Behley, Jens and Garbade, Martin and Milioto, Andres and Quenzel, Jan and Behnke, Sven and Stachniss, Cyrill and Gall, Jurgen},
  booktitle={Proceedings of the IEEE/CVF international conference on computer vision},
  pages={9297--9307},
  year={2019}
}

@article{boeder2024langocc,
  title={Langocc: Self-supervised open vocabulary occupancy estimation via volume rendering},
  author={Boeder, Simon and Gigengack, Fabian and Risse, Benjamin},
  journal={arXiv preprint arXiv:2407.17310},
  year={2024}
}

@article{boeder2024occflownet,
  title={OccFlowNet: Towards Self-supervised Occupancy Estimation via Differentiable Rendering and Occupancy Flow},
  author={Boeder, Simon and Gigengack, Fabian and Risse, Benjamin},
  journal={arXiv preprint arXiv:2402.12792},
  year={2024}
}

@inproceedings{cao2022monoscene,
  title={Monoscene: Monocular 3d semantic scene completion},
  author={Cao, Anh-Quan and de Charette, Raoul},
  booktitle={Proceedings of the IEEE/CVF Conference on Computer Vision and Pattern Recognition},
  pages={3991--4001},
  year={2022}
}

@inproceedings{caron2021emerging,
    title        = {Emerging properties in self-supervised vision transformers},
    author       = {Caron, Mathilde and Touvron, Hugo and Misra, Ishan and J{\'e}gou, Herv{\'e} and Mairal, Julien and Bojanowski, Piotr and Joulin, Armand},
    year         = 2021,
    booktitle    = ICCV,
    pages        = {9650--9660}
}

@inproceedings{chang2022rc,
  title={RC-MVSNet: unsupervised multi-view stereo with neural rendering},
  author={Chang, Di and Bo{\v{z}}i{\v{c}}, Alja{\v{z}} and Zhang, Tong and Yan, Qingsong and Chen, Yingcong and S{\"u}sstrunk, Sabine and Nie{\ss}ner, Matthias},
  booktitle={European Conference on Computer Vision},
  pages={665--680},
  year={2022},
  organization={Springer}
}

@inproceedings{chen2021mvsnerf,
  title={Mvsnerf: Fast generalizable radiance field reconstruction from multi-view stereo},
  author={Chen, Anpei and Xu, Zexiang and Zhao, Fuqiang and Zhang, Xiaoshuai and Xiang, Fanbo and Yu, Jingyi and Su, Hao},
  booktitle={Proceedings of the IEEE/CVF International Conference on Computer Vision},
  pages={14124--14133},
  year={2021}
}

@inproceedings{chen2025mvsplat,
  title={Mvsplat: Efficient 3d gaussian splatting from sparse multi-view images},
  author={Chen, Yuedong and Xu, Haofei and Zheng, Chuanxia and Zhuang, Bohan and Pollefeys, Marc and Geiger, Andreas and Cham, Tat-Jen and Cai, Jianfei},
  booktitle={European Conference on Computer Vision},
  pages={370--386},
  year={2025},
  organization={Springer}
}

@inproceedings{fridovich2023k,
  title={K-planes: Explicit radiance fields in space, time, and appearance},
  author={Fridovich-Keil, Sara and Meanti, Giacomo and Warburg, Frederik Rahb{\ae}k and Recht, Benjamin and Kanazawa, Angjoo},
  booktitle={Proceedings of the IEEE/CVF Conference on Computer Vision and Pattern Recognition},
  pages={12479--12488},
  year={2023}
}

@article{gan2023simple,
  title={A Simple Attempt for 3D Occupancy Estimation in Autonomous Driving},
  author={Gan, Wanshui and Mo, Ningkai and Xu, Hongbin and Yokoya, Naoto},
  journal={arXiv preprint arXiv:2303.10076},
  year={2023}
}

@article{gan2024gaussianocc,
  title={Gaussianocc: Fully self-supervised and efficient 3d occupancy estimation with gaussian splatting},
  author={Gan, Wanshui and Liu, Fang and Xu, Hongbin and Mo, Ningkai and Yokoya, Naoto},
  journal={arXiv preprint arXiv:2408.11447},
  year={2024}
}

@inproceedings{hayler2024s4c,
  title={S4C: Self-supervised semantic scene completion with neural fields},
  author={Hayler, Adrian and Wimbauer, Felix and Muhle, Dominik and Rupprecht, Christian and Cremers, Daniel},
  booktitle={2024 International Conference on 3D Vision (3DV)},
  pages={409--420},
  year={2024},
  organization={IEEE}
}

@article{huang2021bevdet,
  title={Bevdet: High-performance multi-camera 3d object detection in bird-eye-view},
  author={Huang, Junjie and Huang, Guan and Zhu, Zheng and Ye, Yun and Du, Dalong},
  journal={arXiv preprint arXiv:2112.11790},
  year={2021}
}

@article{huang2022bevdet4d,
  title={BEVDet4D: Exploit Temporal Cues in Multi-camera 3D Object Detection},
  author={Huang, Junjie and Huang, Guan},
  journal={arXiv preprint arXiv:2203.17054},
  year={2022}
}

@article{huang2023selfocc,
  title={Selfocc: Self-supervised vision-based 3d occupancy prediction},
  author={Huang, Yuanhui and Zheng, Wenzhao and Zhang, Borui and Zhou, Jie and Lu, Jiwen},
  journal={arXiv preprint arXiv:2311.12754},
  year={2023}
}

@inproceedings{huang2023tri,
  title={Tri-perspective view for vision-based 3d semantic occupancy prediction},
  author={Huang, Yuanhui and Zheng, Wenzhao and Zhang, Yunpeng and Zhou, Jie and Lu, Jiwen},
  booktitle={Proceedings of the IEEE/CVF Conference on Computer Vision and Pattern Recognition},
  pages={9223--9232},
  year={2023}
}

@article{huang2024gaussianformer,
  title={GaussianFormer: Scene as Gaussians for Vision-Based 3D Semantic Occupancy Prediction},
  author={Huang, Yuanhui and Zheng, Wenzhao and Zhang, Yunpeng and Zhou, Jie and Lu, Jiwen},
  journal={arXiv preprint arXiv:2405.17429},
  year={2024}
}

@article{jiang2023symphonize,
  title={Symphonize 3d semantic scene completion with contextual instance queries},
  author={Jiang, Haoyi and Cheng, Tianheng and Gao, Naiyu and Zhang, Haoyang and Liu, Wenyu and Wang, Xinggang},
  journal={arXiv preprint arXiv:2306.15670},
  year={2023}
}

@article{jiang2024gausstr,
  title={GaussTR: Foundation Model-Aligned Gaussian Transformer for Self-Supervised 3D Spatial Understanding},
  author={Jiang, Haoyi and Liu, Liu and Cheng, Tianheng and Wang, Xinjie and Lin, Tianwei and Su, Zhizhong and Liu, Wenyu and Wang, Xinggang},
  journal={arXiv preprint arXiv:2412.13193},
  year={2024}
}

@article{kerbl20233d,
  title={3d gaussian splatting for real-time radiance field rendering.},
  author={Kerbl, Bernhard and Kopanas, Georgios and Leimk{\"u}hler, Thomas and Drettakis, George},
  journal={ACM Trans. Graph.},
  volume={42},
  number={4},
  pages={139--1},
  year={2023}
}

@inproceedings{kerr2023lerf,
  title={Lerf: Language embedded radiance fields},
  author={Kerr, Justin and Kim, Chung Min and Goldberg, Ken and Kanazawa, Angjoo and Tancik, Matthew},
  booktitle={Proceedings of the IEEE/CVF International Conference on Computer Vision},
  pages={19729--19739},
  year={2023}
}

@inproceedings{li2022bevformer,
  title={Bevformer: Learning birdâ€™s-eye-view representation from multi-camera images via spatiotemporal transformers},
  author={Li, Zhiqi and Wang, Wenhai and Li, Hongyang and Xie, Enze and Sima, Chonghao and Lu, Tong and Qiao, Yu and Dai, Jifeng},
  booktitle={European conference on computer vision},
  pages={1--18},
  year={2022},
  organization={Springer}
}

@article{li2023fb,
	title={FB-OCC: 3D Occupancy Prediction based on Forward-Backward View Transformation},
	author={Li, Zhiqi and Yu, Zhiding and Austin, David and Fang, Mingsheng and Lan, Shiyi and Kautz, Jan and Alvarez, Jose M},
	journal={arXiv preprint arXiv:2307.01492},
	year={2023}
}

@inproceedings{li2023voxformer,
  title={Voxformer: Sparse voxel transformer for camera-based 3d semantic scene completion},
  author={Li, Yiming and Yu, Zhiding and Choy, Christopher and Xiao, Chaowei and Alvarez, Jose M and Fidler, Sanja and Feng, Chen and Anandkumar, Anima},
  booktitle={Proceedings of the IEEE/CVF Conference on Computer Vision and Pattern Recognition},
  pages={9087--9098},
  year={2023}
}

@misc{liu2024fully,
    title={Fully Sparse 3D Occupancy Prediction}, 
    author={Haisong Liu and Yang Chen and Haiguang Wang and Zetong Yang and Tianyu Li and Jia Zeng and Li Chen and Hongyang Li and Limin Wang},
    year={2024},
    eprint={2312.17118},
    archivePrefix={arXiv},
    primaryClass={cs.CV}
}

@inproceedings{liu2025mvsgaussian,
  title={Mvsgaussian: Fast generalizable gaussian splatting reconstruction from multi-view stereo},
  author={Liu, Tianqi and Wang, Guangcong and Hu, Shoukang and Shen, Liao and Ye, Xinyi and Zang, Yuhang and Cao, Zhiguo and Li, Wei and Liu, Ziwei},
  booktitle={European Conference on Computer Vision},
  pages={37--53},
  year={2025},
  organization={Springer}
}

@article{lu2023octreeocc,
  title={OctreeOcc: Efficient and Multi-Granularity Occupancy Prediction Using Octree Queries},
  author={Lu, Yuhang and Zhu, Xinge and Wang, Tai and Ma, Yuexin},
  journal={arXiv preprint arXiv:2312.03774},
  year={2023}
}

@inproceedings{ma2024cam4docc,
  title={Cam4docc: Benchmark for camera-only 4d occupancy forecasting in autonomous driving applications},
  author={Ma, Junyi and Chen, Xieyuanli and Huang, Jiawei and Xu, Jingyi and Luo, Zhen and Xu, Jintao and Gu, Weihao and Ai, Rui and Wang, Hesheng},
  booktitle={Proceedings of the IEEE/CVF Conference on Computer Vision and Pattern Recognition},
  pages={21486--21495},
  year={2024}
}

@inproceedings{ma2024cotr,
  title={Cotr: Compact occupancy transformer for vision-based 3d occupancy prediction},
  author={Ma, Qihang and Tan, Xin and Qu, Yanyun and Ma, Lizhuang and Zhang, Zhizhong and Xie, Yuan},
  booktitle={Proceedings of the IEEE/CVF Conference on Computer Vision and Pattern Recognition},
  pages={19936--19945},
  year={2024}
}

@article{mildenhall2021nerf,
  title={Nerf: Representing scenes as neural radiance fields for view synthesis},
  author={Mildenhall, Ben and Srinivasan, Pratul P and Tancik, Matthew and Barron, Jonathan T and Ramamoorthi, Ravi and Ng, Ren},
  journal={Communications of the ACM},
  volume={65},
  number={1},
  pages={99--106},
  year={2021},
  publisher={ACM New York, NY, USA}
}

@article{muller2022instant,
  title={Instant neural graphics primitives with a multiresolution hash encoding},
  author={M{\"u}ller, Thomas and Evans, Alex and Schied, Christoph and Keller, Alexander},
  journal={ACM Transactions on Graphics (ToG)},
  volume={41},
  number={4},
  pages={1--15},
  year={2022},
  publisher={ACM New York, NY, USA}
}

@article{oquab2023dinov2,
    title        = {Dinov2: Learning robust visual features without supervision},
    author       = {Oquab, Maxime and Darcet, Timoth{\'e}e and Moutakanni, Th{\'e}o and Vo, Huy and Szafraniec, Marc and Khalidov, Vasil and Fernandez, Pierre and Haziza, Daniel and Massa, Francisco and El-Nouby, Alaaeldin and others},
    year         = 2023,
    journal      = {arXiv preprint arXiv:2304.07193}
}

@article{pan2023renderocc,
  title={RenderOcc: Vision-Centric 3D Occupancy Prediction with 2D Rendering Supervision},
  author={Pan, Mingjie and Liu, Jiaming and Zhang, Renrui and Huang, Peixiang and Li, Xiaoqi and Liu, Li and Zhang, Shanghang},
  journal={arXiv preprint arXiv:2309.09502},
  year={2023}
}

@inproceedings{pumarola2021d,
  title={D-nerf: Neural radiance fields for dynamic scenes},
  author={Pumarola, Albert and Corona, Enric and Pons-Moll, Gerard and Moreno-Noguer, Francesc},
  booktitle={Proceedings of the IEEE/CVF Conference on Computer Vision and Pattern Recognition},
  pages={10318--10327},
  year={2021}
}

@inproceedings{qin2024langsplat,
  title={Langsplat: 3d language gaussian splatting},
  author={Qin, Minghan and Li, Wanhua and Zhou, Jiawei and Wang, Haoqian and Pfister, Hanspeter},
  booktitle={Proceedings of the IEEE/CVF Conference on Computer Vision and Pattern Recognition},
  pages={20051--20060},
  year={2024}
}

@inproceedings{radford2021learning,
  title={Learning transferable visual models from natural language supervision},
  author={Radford, Alec and Kim, Jong Wook and Hallacy, Chris and Ramesh, Aditya and Goh, Gabriel and Agarwal, Sandhini and Sastry, Girish and Askell, Amanda and Mishkin, Pamela and Clark, Jack and others},
  booktitle={International conference on machine learning},
  pages={8748--8763},
  year={2021},
  organization={PMLR}
}

@article{ren2024grounded,
  title={Grounded sam: Assembling open-world models for diverse visual tasks},
  author={Ren, Tianhe and Liu, Shilong and Zeng, Ailing and Lin, Jing and Li, Kunchang and Cao, He and Chen, Jiayu and Huang, Xinyu and Chen, Yukang and Yan, Feng and others},
  journal={arXiv preprint arXiv:2401.14159},
  year={2024}
}

@inproceedings{shi2025occupancy,
  title={Occupancy as set of points},
  author={Shi, Yiang and Cheng, Tianheng and Zhang, Qian and Liu, Wenyu and Wang, Xinggang},
  booktitle={European Conference on Computer Vision},
  pages={72--87},
  year={2025},
  organization={Springer}
}

@inproceedings{sirko2024occfeat,
  title={OccFeat: Self-supervised Occupancy Feature Prediction for Pretraining BEV Segmentation Networks},
  author={Sirko-Galouchenko, Sophia and Boulch, Alexandre and Gidaris, Spyros and Bursuc, Andrei and Vobecky, Antonin and P{\'e}rez, Patrick and Marlet, Renaud},
  booktitle={Proceedings of the IEEE/CVF Conference on Computer Vision and Pattern Recognition},
  pages={4493--4503},
  year={2024}
}

@article{sun2024gsrender,
  title={GSRender: Deduplicated Occupancy Prediction via Weakly Supervised 3D Gaussian Splatting},
  author={Sun, Qianpu and Shu, Changyong and Zhou, Sifan and Yu, Zichen and Chen, Yan and Yang, Dawei and Chun, Yuan},
  journal={arXiv preprint arXiv:2412.14579},
  year={2024}
}

@article{tan2023ovo,
  title={Ovo: Open-vocabulary occupancy},
  author={Tan, Zhiyu and Dong, Zichao and Zhang, Cheng and Zhang, Weikun and Ji, Hang and Li, Hao},
  journal={arXiv preprint arXiv:2305.16133},
  year={2023}
}

@article{tan2024geocc,
  title={GEOcc: Geometrically Enhanced 3D Occupancy Network with Implicit-Explicit Depth Fusion and Contextual Self-Supervision},
  author={Tan, Xin and Wu, Wenbin and Zhang, Zhiwei and Fan, Chaojie and Peng, Yong and Zhang, Zhizhong and Xie, Yuan and Ma, Lizhuang},
  journal={arXiv preprint arXiv:2405.10591},
  year={2024}
}

@inproceedings{tang2024sparseocc,
  title={Sparseocc: Rethinking sparse latent representation for vision-based semantic occupancy prediction},
  author={Tang, Pin and Wang, Zhongdao and Wang, Guoqing and Zheng, Jilai and Ren, Xiangxuan and Feng, Bailan and Ma, Chao},
  booktitle={Proceedings of the IEEE/CVF Conference on Computer Vision and Pattern Recognition},
  pages={15035--15044},
  year={2024}
}

@article{tian2023occ3d,
  title={Occ3d: A large-scale 3d occupancy prediction benchmark for autonomous driving},
  author={Tian, Xiaoyu and Jiang, Tao and Yun, Longfei and Wang, Yue and Wang, Yilun and Zhao, Hang},
  journal={arXiv preprint arXiv:2304.14365},
  year={2023}
}

@inproceedings{tong2023scene,
  title={Scene as occupancy},
  author={Tong, Wenwen and Sima, Chonghao and Wang, Tai and Chen, Li and Wu, Silei and Deng, Hanming and Gu, Yi and Lu, Lewei and Luo, Ping and Lin, Dahua and others},
  booktitle={Proceedings of the IEEE/CVF International Conference on Computer Vision},
  pages={8406--8415},
  year={2023}
}

@article{vobecky2024pop,
  title={Pop-3d: Open-vocabulary 3d occupancy prediction from images},
  author={Vobecky, Antonin and Sim{\'e}oni, Oriane and Hurych, David and Gidaris, Spyridon and Bursuc, Andrei and P{\'e}rez, Patrick and Sivic, Josef},
  journal={Advances in Neural Information Processing Systems},
  volume={36},
  year={2024}
}

@article{wang2023openoccupancy,
	title={Openoccupancy: A large scale benchmark for surrounding semantic occupancy perception},
	author={Wang, Xiaofeng and Zhu, Zheng and Xu, Wenbo and Zhang, Yunpeng and Wei, Yi and Chi, Xu and Ye, Yun and Du, Dalong and Lu, Jiwen and Wang, Xingang},
	journal={arXiv preprint arXiv:2303.03991},
	year={2023}
}

@inproceedings{wang2024opus,
  title={Opus: occupancy prediction using a sparse set},
  author={Wang, Jiabao and Liu, Zhaojiang and Meng, Qiang and Yan, Liujiang and Wang, Ke and Yang, Jie and Liu, Wei and Hou, Qibin and Cheng, Mingming},
  booktitle={Advances in Neural Information Processing Systems},
  year={2024}
}

@inproceedings{wimbauer2023behind,
  title={Behind the scenes: Density fields for single view reconstruction},
  author={Wimbauer, Felix and Yang, Nan and Rupprecht, Christian and Cremers, Daniel},
  booktitle={Proceedings of the IEEE/CVF Conference on Computer Vision and Pattern Recognition},
  pages={9076--9086},
  year={2023}
}

@inproceedings{wu20244d,
  title={4d gaussian splatting for real-time dynamic scene rendering},
  author={Wu, Guanjun and Yi, Taoran and Fang, Jiemin and Xie, Lingxi and Zhang, Xiaopeng and Wei, Wei and Liu, Wenyu and Tian, Qi and Wang, Xinggang},
  booktitle={Proceedings of the IEEE/CVF Conference on Computer Vision and Pattern Recognition},
  pages={20310--20320},
  year={2024}
}

@inproceedings{xu2022point,
  title={Point-nerf: Point-based neural radiance fields},
  author={Xu, Qiangeng and Xu, Zexiang and Philip, Julien and Bi, Sai and Shu, Zhixin and Sunkavalli, Kalyan and Neumann, Ulrich},
  booktitle={Proceedings of the IEEE/CVF Conference on Computer Vision and Pattern Recognition},
  pages={5438--5448},
  year={2022}
}

@inproceedings{ye2023featurenerf,
  title={Featurenerf: Learning generalizable nerfs by distilling foundation models},
  author={Ye, Jianglong and Wang, Naiyan and Wang, Xiaolong},
  booktitle={Proceedings of the IEEE/CVF International Conference on Computer Vision},
  pages={8962--8973},
  year={2023}
}

@inproceedings{yu2021pixelnerf,
  title={pixelnerf: Neural radiance fields from one or few images},
  author={Yu, Alex and Ye, Vickie and Tancik, Matthew and Kanazawa, Angjoo},
  booktitle={Proceedings of the IEEE/CVF Conference on Computer Vision and Pattern Recognition},
  pages={4578--4587},
  year={2021}
}

@article{yu2023flashocc,
  title={FlashOcc: Fast and Memory-Efficient Occupancy Prediction via Channel-to-Height Plugin},
  author={Yu, Zichen and Shu, Changyong and Deng, Jiajun and Lu, Kangjie and Liu, Zongdai and Yu, Jiangyong and Yang, Dawei and Li, Hui and Chen, Yan},
  journal={arXiv preprint arXiv:2311.12058},
  year={2023}
}

@article{yu2024language,
  title={Language Driven Occupancy Prediction},
  author={Yu, Zhu and Pang, Bowen and Liu, Lizhe and Zhang, Runmin and Peng, Qihao and Luo, Maochun and Yang, Sheng and Chen, Mingxia and Cao, Si-Yuan and Shen, Hui-Liang},
  journal={arXiv preprint arXiv:2411.16072},
  year={2024}
}

@article{zhang2023occformer,
  title={OccFormer: Dual-path Transformer for Vision-based 3D Semantic Occupancy Prediction},
  author={Zhang, Yunpeng and Zhu, Zheng and Du, Dalong},
  journal={arXiv preprint arXiv:2304.05316},
  year={2023}
}

@article{zhang2023occnerf,
  title={OccNeRF: Self-Supervised Multi-Camera Occupancy Prediction with Neural Radiance Fields},
  author={Zhang, Chubin and Yan, Juncheng and Wei, Yi and Li, Jiaxin and Liu, Li and Tang, Yansong and Duan, Yueqi and Lu, Jiwen},
  journal={arXiv preprint arXiv:2312.09243},
  year={2023}
}

@inproceedings{zhang2023simple,
  title={A simple framework for open-vocabulary segmentation and detection},
  author={Zhang, Hao and Li, Feng and Zou, Xueyan and Liu, Shilong and Li, Chunyuan and Yang, Jianwei and Zhang, Lei},
  booktitle={Proceedings of the IEEE/CVF International Conference on Computer Vision},
  pages={1020--1031},
  year={2023}
}

@inproceedings{zheng2024gps,
  title={Gps-gaussian: Generalizable pixel-wise 3d gaussian splatting for real-time human novel view synthesis},
  author={Zheng, Shunyuan and Zhou, Boyao and Shao, Ruizhi and Liu, Boning and Zhang, Shengping and Nie, Liqiang and Liu, Yebin},
  booktitle={Proceedings of the IEEE/CVF Conference on Computer Vision and Pattern Recognition},
  pages={19680--19690},
  year={2024}
}

@inproceedings{zheng2025veon,
  title={VEON: Vocabulary-Enhanced Occupancy Prediction},
  author={Zheng, Jilai and Tang, Pin and Wang, Zhongdao and Wang, Guoqing and Ren, Xiangxuan and Feng, Bailan and Ma, Chao},
  booktitle={European Conference on Computer Vision},
  pages={92--108},
  year={2025},
  organization={Springer}
}

@inproceedings{zhou2022extract,
  title={Extract free dense labels from clip},
  author={Zhou, Chong and Loy, Chen Change and Dai, Bo},
  booktitle={European Conference on Computer Vision},
  pages={696--712},
  year={2022},
  organization={Springer}
}

@inproceedings{zhou2024feature,
  title={Feature 3dgs: Supercharging 3d gaussian splatting to enable distilled feature fields},
  author={Zhou, Shijie and Chang, Haoran and Jiang, Sicheng and Fan, Zhiwen and Zhu, Zehao and Xu, Dejia and Chari, Pradyumna and You, Suya and Wang, Zhangyang and Kadambi, Achuta},
  booktitle={Proceedings of the IEEE/CVF Conference on Computer Vision and Pattern Recognition},
  pages={21676--21685},
  year={2024}
}

