@String(PAMI = {IEEE Trans. Pattern Anal. Mach. Intell.})
@String(IJCV = {Int. J. Comput. Vis.})
@String(CVPR= {IEEE Conf. Comput. Vis. Pattern Recog.})
@String(ICCV= {Int. Conf. Comput. Vis.})
@String(ECCV= {Eur. Conf. Comput. Vis.})
@String(NIPS= {Adv. Neural Inform. Process. Syst.})
@String(ICPR = {Int. Conf. Pattern Recog.})
@String(BMVC= {Brit. Mach. Vis. Conf.})
@String(TOG= {ACM Trans. Graph.})
@String(TIP  = {IEEE Trans. Image Process.})
@String(TVCG  = {IEEE Trans. Vis. Comput. Graph.})
@String(TMM  = {IEEE Trans. Multimedia})
@String(ACMMM= {ACM Int. Conf. Multimedia})
@String(ICME = {Int. Conf. Multimedia and Expo})
@String(ICASSP=	{ICASSP})
@String(ICIP = {IEEE Int. Conf. Image Process.})
@String(ACCV  = {ACCV})
@String(ICLR = {Int. Conf. Learn. Represent.})
@String(IJCAI = {IJCAI})
@String(PR   = {Pattern Recognition})
@String(AAAI = {AAAI})
@String(CVPRW= {IEEE Conf. Comput. Vis. Pattern Recog. Worksh.})
@String(CSVT = {IEEE Trans. Circuit Syst. Video Technol.})

@String(SPL	= {IEEE Sign. Process. Letters})
@String(VR   = {Vis. Res.})
@String(JOV	 = {J. Vis.})
@String(TVC  = {The Vis. Comput.})
@String(JCST  = {J. Comput. Sci. Tech.})
@String(CGF  = {Comput. Graph. Forum})
@String(CVM = {Computational Visual Media})


@String(PAMI  = {IEEE TPAMI})
@String(IJCV  = {IJCV})
@String(CVPR  = {CVPR})
@String(ICCV  = {ICCV})
@String(ECCV  = {ECCV})
@String(NIPS  = {NeurIPS})
@String(ICPR  = {ICPR})
@String(BMVC  =	{BMVC})
@String(TOG   = {ACM TOG})
@String(TIP   = {IEEE TIP})
@String(TVCG  = {IEEE TVCG})
@String(TCSVT = {IEEE TCSVT})
@String(TMM   =	{IEEE TMM})
@String(ACMMM = {ACM MM})
@String(ICME  =	{ICME})
@String(ICASSP=	{ICASSP})
@String(ICIP  = {ICIP})
@String(ACCV  = {ACCV})
@String(ICLR  = {ICLR})
@String(IJCAI = {IJCAI})
@String(PR = {PR})
@String(AAAI = {AAAI})
@String(CVPRW= {CVPRW})
@String(CSVT = {IEEE TCSVT})



@article{li2023fb,
	title={FB-OCC: 3D Occupancy Prediction based on Forward-Backward View Transformation},
	author={Li, Zhiqi and Yu, Zhiding and Austin, David and Fang, Mingsheng and Lan, Shiyi and Kautz, Jan and Alvarez, Jose M},
	journal={arXiv preprint arXiv:2307.01492},
	year={2023}
}
@inproceedings{tong2023scene,
  title={Scene as occupancy},
  author={Tong, Wenwen and Sima, Chonghao and Wang, Tai and Chen, Li and Wu, Silei and Deng, Hanming and Gu, Yi and Lu, Lewei and Luo, Ping and Lin, Dahua and others},
  booktitle={Proceedings of the IEEE/CVF International Conference on Computer Vision},
  pages={8406--8415},
  year={2023}
}
@article{wang2023openoccupancy,
	title={Openoccupancy: A large scale benchmark for surrounding semantic occupancy perception},
	author={Wang, Xiaofeng and Zhu, Zheng and Xu, Wenbo and Zhang, Yunpeng and Wei, Yi and Chi, Xu and Ye, Yun and Du, Dalong and Lu, Jiwen and Wang, Xingang},
	journal={arXiv preprint arXiv:2303.03991},
	year={2023}
}
@article{chen2023end,
  title={End-to-end autonomous driving: Challenges and frontiers},
  author={Chen, Li and Wu, Penghao and Chitta, Kashyap and Jaeger, Bernhard and Geiger, Andreas and Li, Hongyang},
  journal={arXiv preprint arXiv:2306.16927},
  year={2023}
}
@article{pan2023renderocc,
  title={RenderOcc: Vision-Centric 3D Occupancy Prediction with 2D Rendering Supervision},
  author={Pan, Mingjie and Liu, Jiaming and Zhang, Renrui and Huang, Peixiang and Li, Xiaoqi and Liu, Li and Zhang, Shanghang},
  journal={arXiv preprint arXiv:2309.09502},
  year={2023}
}
@inproceedings{li2022bevformer,
  title={Bevformer: Learning birdâ€™s-eye-view representation from multi-camera images via spatiotemporal transformers},
  author={Li, Zhiqi and Wang, Wenhai and Li, Hongyang and Xie, Enze and Sima, Chonghao and Lu, Tong and Qiao, Yu and Dai, Jifeng},
  booktitle={European conference on computer vision},
  pages={1--18},
  year={2022},
  organization={Springer}
}
@article{huang2021bevdet,
  title={Bevdet: High-performance multi-camera 3d object detection in bird-eye-view},
  author={Huang, Junjie and Huang, Guan and Zhu, Zheng and Ye, Yun and Du, Dalong},
  journal={arXiv preprint arXiv:2112.11790},
  year={2021}
}
@article{wang2023exploring,
  title={Exploring Object-Centric Temporal Modeling for Efficient Multi-View 3D Object Detection},
  author={Wang, Shihao and Liu, Yingfei and Wang, Tiancai and Li, Ying and Zhang, Xiangyu},
  journal={arXiv preprint arXiv:2303.11926},
  year={2023}
}
@article{miao2023occdepth,
  title={Occdepth: A depth-aware method for 3d semantic scene completion},
  author={Miao, Ruihang and Liu, Weizhou and Chen, Mingrui and Gong, Zheng and Xu, Weixin and Hu, Chen and Zhou, Shuchang},
  journal={arXiv preprint arXiv:2302.13540},
  year={2023}
}
@inproceedings{wei2023surroundocc,
  title={Surroundocc: Multi-camera 3d occupancy prediction for autonomous driving},
  author={Wei, Yi and Zhao, Linqing and Zheng, Wenzhao and Zhu, Zheng and Zhou, Jie and Lu, Jiwen},
  booktitle={Proceedings of the IEEE/CVF International Conference on Computer Vision},
  pages={21729--21740},
  year={2023}
}
@inproceedings{wang2022detr3d,
  title={Detr3d: 3d object detection from multi-view images via 3d-to-2d queries},
  author={Wang, Yue and Guizilini, Vitor Campagnolo and Zhang, Tianyuan and Wang, Yilun and Zhao, Hang and Solomon, Justin},
  booktitle={Conference on Robot Learning},
  pages={180--191},
  year={2022},
  organization={PMLR}
}
@inproceedings{behley2019semantickitti,
  title={Semantickitti: A dataset for semantic scene understanding of lidar sequences},
  author={Behley, Jens and Garbade, Martin and Milioto, Andres and Quenzel, Jan and Behnke, Sven and Stachniss, Cyrill and Gall, Jurgen},
  booktitle={Proceedings of the IEEE/CVF international conference on computer vision},
  pages={9297--9307},
  year={2019}
}
@article{peng2023learning,
  title={Learning Occupancy for Monocular 3D Object Detection},
  author={Peng, Liang and Xu, Junkai and Cheng, Haoran and Yang, Zheng and Wu, Xiaopei and Qian, Wei and Wang, Wenxiao and Wu, Boxi and Cai, Deng},
  journal={arXiv preprint arXiv:2305.15694},
  year={2023}
}
@inproceedings{chen2016monocular,
  title={Monocular 3d object detection for autonomous driving},
  author={Chen, Xiaozhi and Kundu, Kaustav and Zhang, Ziyu and Ma, Huimin and Fidler, Sanja and Urtasun, Raquel},
  booktitle={Proceedings of the IEEE conference on computer vision and pattern recognition},
  pages={2147--2156},
  year={2016}
}
@inproceedings{wang2021fcos3d,
  title={Fcos3d: Fully convolutional one-stage monocular 3d object detection},
  author={Wang, Tai and Zhu, Xinge and Pang, Jiangmiao and Lin, Dahua},
  booktitle={Proceedings of the IEEE/CVF International Conference on Computer Vision},
  pages={913--922},
  year={2021}
}
@article{park2022time,
  title={Time will tell: New outlooks and a baseline for temporal multi-view 3d object detection},
  author={Park, Jinhyung and Xu, Chenfeng and Yang, Shijia and Keutzer, Kurt and Kitani, Kris and Tomizuka, Masayoshi and Zhan, Wei},
  journal={arXiv preprint arXiv:2210.02443},
  year={2022}
}
@inproceedings{liu2022petr,
  title={Petr: Position embedding transformation for multi-view 3d object detection},
  author={Liu, Yingfei and Wang, Tiancai and Zhang, Xiangyu and Sun, Jian},
  booktitle={European Conference on Computer Vision},
  pages={531--548},
  year={2022},
  organization={Springer}
}
@InProceedings{Simonelli_2019_ICCV,
author = {Simonelli, Andrea and Bulo, Samuel Rota and Porzi, Lorenzo and Lopez-Antequera, Manuel and Kontschieder, Peter},
title = {Disentangling Monocular 3D Object Detection},
booktitle = {Proceedings of the IEEE/CVF International Conference on Computer Vision (ICCV)},
month = {October},
year = {2019}
}
@article{zhang2023occformer,
  title={OccFormer: Dual-path Transformer for Vision-based 3D Semantic Occupancy Prediction},
  author={Zhang, Yunpeng and Zhu, Zheng and Du, Dalong},
  journal={arXiv preprint arXiv:2304.05316},
  year={2023}
}
@inproceedings{cao2022monoscene,
  title={Monoscene: Monocular 3d semantic scene completion},
  author={Cao, Anh-Quan and de Charette, Raoul},
  booktitle={Proceedings of the IEEE/CVF Conference on Computer Vision and Pattern Recognition},
  pages={3991--4001},
  year={2022}
}
@software{yolo2023glenn,
author = {Jocher, Glenn and Chaurasia, Ayush and Qiu, Jing},
license = {AGPL-3.0},
title = {{Ultralytics YOLO}},
url = {https://github.com/ultralytics/ultralytics},
version = {8.0.0},
year = {2023}
}

@article{jiang2023symphonies,
      title={Symphonize 3D Semantic Scene Completion with Contextual Instance Queries},
      author={Haoyi Jiang and Tianheng Cheng and Naiyu Gao and Haoyang Zhang and Wenyu Liu and Xinggang Wang},
      journal={arXiv preprint arXiv:2306.15670},
      year={2023}
}

@inproceedings{li2023voxformer,
  title={Voxformer: Sparse voxel transformer for camera-based 3d semantic scene completion},
  author={Li, Yiming and Yu, Zhiding and Choy, Christopher and Xiao, Chaowei and Alvarez, Jose M and Fidler, Sanja and Feng, Chen and Anandkumar, Anima},
  booktitle={Proceedings of the IEEE/CVF Conference on Computer Vision and Pattern Recognition},
  pages={9087--9098},
  year={2023}
}

@inproceedings{caesar2020nuscenes,
  title={nuscenes: A multimodal dataset for autonomous driving},
  author={Caesar, Holger and Bankiti, Varun and Lang, Alex H and Vora, Sourabh and Liong, Venice Erin and Xu, Qiang and Krishnan, Anush and Pan, Yu and Baldan, Giancarlo and Beijbom, Oscar},
  booktitle={Proceedings of the IEEE/CVF conference on computer vision and pattern recognition},
  pages={11621--11631},
  year={2020}
}

@article{huang2022bevdet4d,
  title={BEVDet4D: Exploit Temporal Cues in Multi-camera 3D Object Detection},
  author={Huang, Junjie and Huang, Guan},
  journal={arXiv preprint arXiv:2203.17054},
  year={2022}
}
@inproceedings{huang2023tri,
  title={Tri-perspective view for vision-based 3d semantic occupancy prediction},
  author={Huang, Yuanhui and Zheng, Wenzhao and Zhang, Yunpeng and Zhou, Jie and Lu, Jiwen},
  booktitle={Proceedings of the IEEE/CVF Conference on Computer Vision and Pattern Recognition},
  pages={9223--9232},
  year={2023}
}
@inproceedings{liu2021swin,
  title={Swin transformer: Hierarchical vision transformer using shifted windows},
  author={Liu, Ze and Lin, Yutong and Cao, Yue and Hu, Han and Wei, Yixuan and Zhang, Zheng and Lin, Stephen and Guo, Baining},
  booktitle={Proceedings of the IEEE/CVF international conference on computer vision},
  pages={10012--10022},
  year={2021}
}
@inproceedings{li2023bevstereo,
  title={Bevstereo: Enhancing depth estimation in multi-view 3d object detection with temporal stereo},
  author={Li, Yinhao and Bao, Han and Ge, Zheng and Yang, Jinrong and Sun, Jianjian and Li, Zeming},
  booktitle={Proceedings of the AAAI Conference on Artificial Intelligence},
  volume={37},
  pages={1486--1494},
  year={2023}
}
@inproceedings{barron2022mip,
  title={Mip-nerf 360: Unbounded anti-aliased neural radiance fields},
  author={Barron, Jonathan T and Mildenhall, Ben and Verbin, Dor and Srinivasan, Pratul P and Hedman, Peter},
  booktitle={Proceedings of the IEEE/CVF Conference on Computer Vision and Pattern Recognition},
  pages={5470--5479},
  year={2022}
}
@article{li2023nerfacc,
  title={NerfAcc: Efficient Sampling Accelerates NeRFs.},
  author={Li, Ruilong and Gao, Hang and Tancik, Matthew and Kanazawa, Angjoo},
  journal={arXiv preprint arXiv:2305.04966},
  year={2023}
}
@inproceedings{philion2020lift,
  title={Lift, splat, shoot: Encoding images from arbitrary camera rigs by implicitly unprojecting to 3d},
  author={Philion, Jonah and Fidler, Sanja},
  booktitle={Computer Vision--ECCV 2020: 16th European Conference, Glasgow, UK, August 23--28, 2020, Proceedings, Part XIV 16},
  pages={194--210},
  year={2020},
  organization={Springer}
}
@article{mildenhall2021nerf,
  title={Nerf: Representing scenes as neural radiance fields for view synthesis},
  author={Mildenhall, Ben and Srinivasan, Pratul P and Tancik, Matthew and Barron, Jonathan T and Ramamoorthi, Ravi and Ng, Ren},
  journal={Communications of the ACM},
  volume={65},
  number={1},
  pages={99--106},
  year={2021},
  publisher={ACM New York, NY, USA}
}
@article{fong2021panoptic,
  title={Panoptic nuScenes: A Large-Scale Benchmark for LiDAR Panoptic Segmentation and Tracking},
  author={Fong, Whye Kit and Mohan, Rohit and Hurtado, Juana Valeria and Zhou, Lubing and Caesar, Holger and
          Beijbom, Oscar and Valada, Abhinav},
  journal={arXiv preprint arXiv:2109.03805},
  year={2021}
}
@inproceedings{wang2019pseudo,
  title={Pseudo-lidar from visual depth estimation: Bridging the gap in 3d object detection for autonomous driving},
  author={Wang, Yan and Chao, Wei-Lun and Garg, Divyansh and Hariharan, Bharath and Campbell, Mark and Weinberger, Kilian Q},
  booktitle={Proceedings of the IEEE/CVF Conference on Computer Vision and Pattern Recognition},
  pages={8445--8453},
  year={2019}
}
@article{wang2023panoocc,
  title={PanoOcc: Unified Occupancy Representation for Camera-based 3D Panoptic Segmentation},
  author={Wang, Yuqi and Chen, Yuntao and Liao, Xingyu and Fan, Lue and Zhang, Zhaoxiang},
  journal={arXiv preprint arXiv:2306.10013},
  year={2023}
}
@article{eigen2014depth,
  title={Depth map prediction from a single image using a multi-scale deep network},
  author={Eigen, David and Puhrsch, Christian and Fergus, Rob},
  journal={Advances in neural information processing systems},
  volume={27},
  year={2014}
}
@ARTICLE{survey1,
  author={Yurtsever, Ekim and Lambert, Jacob and Carballo, Alexander and Takeda, Kazuya},
  journal={IEEE Access}, 
  title={A Survey of Autonomous Driving: Common Practices and Emerging Technologies}, 
  year={2020},
  volume={8},
  number={},
  pages={58443-58469},
  keywords={Automation;Task analysis;Systems architecture;Accidents;Planning;Vehicle dynamics;Robot sensing systems;Autonomous vehicles;control;robotics;automation;intelligent vehicles;intelligent transportation systems},
  doi={10.1109/ACCESS.2020.2983149}}
@ARTICLE{survey2,
  author={Arnold, Eduardo and Al-Jarrah, Omar Y. and Dianati, Mehrdad and Fallah, Saber and Oxtoby, David and Mouzakitis, Alex},
  journal={IEEE Transactions on Intelligent Transportation Systems}, 
  title={A Survey on 3D Object Detection Methods for Autonomous Driving Applications}, 
  year={2019},
  volume={20},
  number={10},
  pages={3782-3795},
  keywords={Sensors;Three-dimensional displays;Object detection;Cameras;Laser radar;Autonomous vehicles;Two dimensional displays;Machine learning;deep learning;computer vision;object detection;autonomous vehicles;intelligent vehicles},
  doi={10.1109/TITS.2019.2892405}}
@article{gan2023simple,
  title={A Simple Attempt for 3D Occupancy Estimation in Autonomous Driving},
  author={Gan, Wanshui and Mo, Ningkai and Xu, Hongbin and Yokoya, Naoto},
  journal={arXiv preprint arXiv:2303.10076},
  year={2023}
}
@inproceedings{zhou2017unsupervised,
  title={Unsupervised learning of depth and ego-motion from video},
  author={Zhou, Tinghui and Brown, Matthew and Snavely, Noah and Lowe, David G},
  booktitle={Proceedings of the IEEE conference on computer vision and pattern recognition},
  pages={1851--1858},
  year={2017}
}
@InProceedings{Godard_2019_ICCV,
author = {Godard, Clement and Mac Aodha, Oisin and Firman, Michael and Brostow, Gabriel J.},
title = {Digging Into Self-Supervised Monocular Depth Estimation},
booktitle = {Proceedings of the IEEE/CVF International Conference on Computer Vision (ICCV)},
month = {October},
year = {2019}
}
@inproceedings{barron2021mip,
  title={Mip-nerf: A multiscale representation for anti-aliasing neural radiance fields},
  author={Barron, Jonathan T and Mildenhall, Ben and Tancik, Matthew and Hedman, Peter and Martin-Brualla, Ricardo and Srinivasan, Pratul P},
  booktitle={Proceedings of the IEEE/CVF International Conference on Computer Vision},
  pages={5855--5864},
  year={2021}
}
@article{zhang2023occnerf,
  title={OccNeRF: Self-Supervised Multi-Camera Occupancy Prediction with Neural Radiance Fields},
  author={Zhang, Chubin and Yan, Juncheng and Wei, Yi and Li, Jiaxin and Liu, Li and Tang, Yansong and Duan, Yueqi and Lu, Jiwen},
  journal={arXiv preprint arXiv:2312.09243},
  year={2023}
}
@article{huang2023selfocc,
  title={Selfocc: Self-supervised vision-based 3d occupancy prediction},
  author={Huang, Yuanhui and Zheng, Wenzhao and Zhang, Borui and Zhou, Jie and Lu, Jiwen},
  journal={arXiv preprint arXiv:2311.12754},
  year={2023}
}
@article{roldao20223d,
  title={3D semantic scene completion: A survey},
  author={Roldao, Luis and De Charette, Raoul and Verroust-Blondet, Anne},
  journal={International Journal of Computer Vision},
  volume={130},
  number={8},
  pages={1978--2005},
  year={2022},
  publisher={Springer}
}
@article{guizilini2022full,
  title={Full surround monodepth from multiple cameras},
  author={Guizilini, Vitor and Vasiljevic, Igor and Ambrus, Rares and Shakhnarovich, Greg and Gaidon, Adrien},
  journal={IEEE Robotics and Automation Letters},
  volume={7},
  number={2},
  pages={5397--5404},
  year={2022},
  publisher={IEEE}
}
@ARTICLE{survey3,
  author={Ma, Xinzhu and Ouyang, Wanli and Simonelli, Andrea and Ricci, Elisa},
  journal={IEEE Transactions on Pattern Analysis and Machine Intelligence}, 
  title={3D Object Detection From Images for Autonomous Driving: A Survey}, 
  year={2023},
  volume={},
  number={},
  pages={1-20},
  keywords={Three-dimensional displays;Object detection;Taxonomy;Task analysis;Benchmark testing;Surveys;Laser radar;3D object detection;autonomous driving;convolutional neural network;literature survey;RGB image},
  doi={10.1109/TPAMI.2023.3346386}}
@inproceedings{hu2021fiery,
  title={Fiery: Future instance prediction in bird's-eye view from surround monocular cameras},
  author={Hu, Anthony and Murez, Zak and Mohan, Nikhil and Dudas, Sof{\'\i}a and Hawke, Jeffrey and Badrinarayanan, Vijay and Cipolla, Roberto and Kendall, Alex},
  booktitle={Proceedings of the IEEE/CVF International Conference on Computer Vision},
  pages={15273--15282},
  year={2021}
}
@inproceedings{xu2022point,
  title={Point-nerf: Point-based neural radiance fields},
  author={Xu, Qiangeng and Xu, Zexiang and Philip, Julien and Bi, Sai and Shu, Zhixin and Sunkavalli, Kalyan and Neumann, Ulrich},
  booktitle={Proceedings of the IEEE/CVF Conference on Computer Vision and Pattern Recognition},
  pages={5438--5448},
  year={2022}
}
@inproceedings{chang2022rc,
  title={RC-MVSNet: unsupervised multi-view stereo with neural rendering},
  author={Chang, Di and Bo{\v{z}}i{\v{c}}, Alja{\v{z}} and Zhang, Tong and Yan, Qingsong and Chen, Yingcong and S{\"u}sstrunk, Sabine and Nie{\ss}ner, Matthias},
  booktitle={European Conference on Computer Vision},
  pages={665--680},
  year={2022},
  organization={Springer}
}
@article{muller2022instant,
  title={Instant neural graphics primitives with a multiresolution hash encoding},
  author={M{\"u}ller, Thomas and Evans, Alex and Schied, Christoph and Keller, Alexander},
  journal={ACM Transactions on Graphics (ToG)},
  volume={41},
  number={4},
  pages={1--15},
  year={2022},
  publisher={ACM New York, NY, USA}
}
@inproceedings{chen2021mvsnerf,
  title={Mvsnerf: Fast generalizable radiance field reconstruction from multi-view stereo},
  author={Chen, Anpei and Xu, Zexiang and Zhao, Fuqiang and Zhang, Xiaoshuai and Xiang, Fanbo and Yu, Jingyi and Su, Hao},
  booktitle={Proceedings of the IEEE/CVF International Conference on Computer Vision},
  pages={14124--14133},
  year={2021}
}
@inproceedings{martin2021nerf,
  title={Nerf in the wild: Neural radiance fields for unconstrained photo collections},
  author={Martin-Brualla, Ricardo and Radwan, Noha and Sajjadi, Mehdi SM and Barron, Jonathan T and Dosovitskiy, Alexey and Duckworth, Daniel},
  booktitle={Proceedings of the IEEE/CVF Conference on Computer Vision and Pattern Recognition},
  pages={7210--7219},
  year={2021}
}
@inproceedings{deng2022depth,
  title={Depth-supervised nerf: Fewer views and faster training for free},
  author={Deng, Kangle and Liu, Andrew and Zhu, Jun-Yan and Ramanan, Deva},
  booktitle={Proceedings of the IEEE/CVF Conference on Computer Vision and Pattern Recognition},
  pages={12882--12891},
  year={2022}
}
@inproceedings{yu2021pixelnerf,
  title={pixelnerf: Neural radiance fields from one or few images},
  author={Yu, Alex and Ye, Vickie and Tancik, Matthew and Kanazawa, Angjoo},
  booktitle={Proceedings of the IEEE/CVF Conference on Computer Vision and Pattern Recognition},
  pages={4578--4587},
  year={2021}
}
@article{tian2023occ3d,
  title={Occ3d: A large-scale 3d occupancy prediction benchmark for autonomous driving},
  author={Tian, Xiaoyu and Jiang, Tao and Yun, Longfei and Wang, Yue and Wang, Yilun and Zhao, Hang},
  journal={arXiv preprint arXiv:2304.14365},
  year={2023}
}
@article{kajiya1984ray,
  title={Ray tracing volume densities},
  author={Kajiya, James T and Von Herzen, Brian P},
  journal={ACM SIGGRAPH computer graphics},
  volume={18},
  number={3},
  pages={165--174},
  year={1984},
  publisher={ACM New York, NY, USA}
}
@inproceedings{wu2023mars,
  title={Mars: An instance-aware, modular and realistic simulator for autonomous driving},
  author={Wu, Zirui and Liu, Tianyu and Luo, Liyi and Zhong, Zhide and Chen, Jianteng and Xiao, Hongmin and Hou, Chao and Lou, Haozhe and Chen, Yuantao and Yang, Runyi and others},
  booktitle={CAAI International Conference on Artificial Intelligence},
  pages={3--15},
  year={2023},
  organization={Springer}
}
@inproceedings{zhou2024drivinggaussian,
  title={Drivinggaussian: Composite gaussian splatting for surrounding dynamic autonomous driving scenes},
  author={Zhou, Xiaoyu and Lin, Zhiwei and Shan, Xiaojun and Wang, Yongtao and Sun, Deqing and Yang, Ming-Hsuan},
  booktitle={Proceedings of the IEEE/CVF Conference on Computer Vision and Pattern Recognition},
  pages={21634--21643},
  year={2024}
}
@article{yang2023emernerf,
  title={Emernerf: Emergent spatial-temporal scene decomposition via self-supervision},
  author={Yang, Jiawei and Ivanovic, Boris and Litany, Or and Weng, Xinshuo and Kim, Seung Wook and Li, Boyi and Che, Tong and Xu, Danfei and Fidler, Sanja and Pavone, Marco and others},
  journal={arXiv preprint arXiv:2311.02077},
  year={2023}
}
@inproceedings{wei2024editable,
  title={Editable scene simulation for autonomous driving via collaborative llm-agents},
  author={Wei, Yuxi and Wang, Zi and Lu, Yifan and Xu, Chenxin and Liu, Changxing and Zhao, Hao and Chen, Siheng and Wang, Yanfeng},
  booktitle={Proceedings of the IEEE/CVF Conference on Computer Vision and Pattern Recognition},
  pages={15077--15087},
  year={2024}
}
@article{zheng2024monoocc,
  title={Monoocc: Digging into monocular semantic occupancy prediction},
  author={Zheng, Yupeng and Li, Xiang and Li, Pengfei and Zheng, Yuhang and Jin, Bu and Zhong, Chengliang and Long, Xiaoxiao and Zhao, Hao and Zhang, Qichao},
  journal={arXiv preprint arXiv:2403.08766},
  year={2024}
}
@INPROCEEDINGS{10160552,
  author={Li, Pengfei and Zhao, Ruowen and Shi, Yongliang and Zhao, Hao and Yuan, Jirui and Zhou, Guyue and Zhang, Ya-Qin},
  booktitle={2023 IEEE International Conference on Robotics and Automation (ICRA)}, 
  title={LODE: Locally Conditioned Eikonal Implicit Scene Completion from Sparse LiDAR}, 
  year={2023},
  volume={},
  number={},
  pages={8269-8276},
  keywords={Point cloud compression;Representation learning;Laser radar;Three-dimensional displays;Shape;Roads;Semantics},
  doi={10.1109/ICRA48891.2023.10160552}}
@inproceedings{hayler2024s4c,
  title={S4C: Self-supervised semantic scene completion with neural fields},
  author={Hayler, Adrian and Wimbauer, Felix and Muhle, Dominik and Rupprecht, Christian and Cremers, Daniel},
  booktitle={2024 International Conference on 3D Vision (3DV)},
  pages={409--420},
  year={2024},
  organization={IEEE}
}
@inproceedings{wimbauer2023behind,
  title={Behind the scenes: Density fields for single view reconstruction},
  author={Wimbauer, Felix and Yang, Nan and Rupprecht, Christian and Cremers, Daniel},
  booktitle={Proceedings of the IEEE/CVF Conference on Computer Vision and Pattern Recognition},
  pages={9076--9086},
  year={2023}
}
@inproceedings{cao2023scenerf,
  title={Scenerf: Self-supervised monocular 3d scene reconstruction with radiance fields},
  author={Cao, Anh-Quan and de Charette, Raoul},
  booktitle={Proceedings of the IEEE/CVF International Conference on Computer Vision},
  pages={9387--9398},
  year={2023}
}
@inproceedings{tang2024sparseocc,
  title={Sparseocc: Rethinking sparse latent representation for vision-based semantic occupancy prediction},
  author={Tang, Pin and Wang, Zhongdao and Wang, Guoqing and Zheng, Jilai and Ren, Xiangxuan and Feng, Bailan and Ma, Chao},
  booktitle={Proceedings of the IEEE/CVF Conference on Computer Vision and Pattern Recognition},
  pages={15035--15044},
  year={2024}
}
@article{huang2024gaussianformer,
  title={GaussianFormer: Scene as Gaussians for Vision-Based 3D Semantic Occupancy Prediction},
  author={Huang, Yuanhui and Zheng, Wenzhao and Zhang, Yunpeng and Zhou, Jie and Lu, Jiwen},
  journal={arXiv preprint arXiv:2405.17429},
  year={2024}
}
@article{gan2024gaussianocc,
  title={Gaussianocc: Fully self-supervised and efficient 3d occupancy estimation with gaussian splatting},
  author={Gan, Wanshui and Liu, Fang and Xu, Hongbin and Mo, Ningkai and Yokoya, Naoto},
  journal={arXiv preprint arXiv:2408.11447},
  year={2024}
}
@article{yu2024language,
  title={Language Driven Occupancy Prediction},
  author={Yu, Zhu and Pang, Bowen and Liu, Lizhe and Zhang, Runmin and Peng, Qihao and Luo, Maochun and Yang, Sheng and Chen, Mingxia and Cao, Si-Yuan and Shen, Hui-Liang},
  journal={arXiv preprint arXiv:2411.16072},
  year={2024}
}
@article{boeder2024langocc,
  title={Langocc: Self-supervised open vocabulary occupancy estimation via volume rendering},
  author={Boeder, Simon and Gigengack, Fabian and Risse, Benjamin},
  journal={arXiv preprint arXiv:2407.17310},
  year={2024}
}
@article{tan2023ovo,
  title={Ovo: Open-vocabulary occupancy},
  author={Tan, Zhiyu and Dong, Zichao and Zhang, Cheng and Zhang, Weikun and Ji, Hang and Li, Hao},
  journal={arXiv preprint arXiv:2305.16133},
  year={2023}
}
@article{vobecky2024pop,
  title={Pop-3d: Open-vocabulary 3d occupancy prediction from images},
  author={Vobecky, Antonin and Sim{\'e}oni, Oriane and Hurych, David and Gidaris, Spyridon and Bursuc, Andrei and P{\'e}rez, Patrick and Sivic, Josef},
  journal={Advances in Neural Information Processing Systems},
  volume={36},
  year={2024}
}
@article{boeder2024occflownet,
  title={OccFlowNet: Towards Self-supervised Occupancy Estimation via Differentiable Rendering and Occupancy Flow},
  author={Boeder, Simon and Gigengack, Fabian and Risse, Benjamin},
  journal={arXiv preprint arXiv:2402.12792},
  year={2024}
}
@inproceedings{shi2025occupancy,
  title={Occupancy as set of points},
  author={Shi, Yiang and Cheng, Tianheng and Zhang, Qian and Liu, Wenyu and Wang, Xinggang},
  booktitle={European Conference on Computer Vision},
  pages={72--87},
  year={2025},
  organization={Springer}
}
@article{yu2023flashocc,
  title={FlashOcc: Fast and Memory-Efficient Occupancy Prediction via Channel-to-Height Plugin},
  author={Yu, Zichen and Shu, Changyong and Deng, Jiajun and Lu, Kangjie and Liu, Zongdai and Yu, Jiangyong and Yang, Dawei and Li, Hui and Chen, Yan},
  journal={arXiv preprint arXiv:2311.12058},
  year={2023}
}
@misc{liu2024fully,
    title={Fully Sparse 3D Occupancy Prediction}, 
    author={Haisong Liu and Yang Chen and Haiguang Wang and Zetong Yang and Tianyu Li and Jia Zeng and Li Chen and Hongyang Li and Limin Wang},
    year={2024},
    eprint={2312.17118},
    archivePrefix={arXiv},
    primaryClass={cs.CV}
}
@article{lu2023octreeocc,
  title={OctreeOcc: Efficient and Multi-Granularity Occupancy Prediction Using Octree Queries},
  author={Lu, Yuhang and Zhu, Xinge and Wang, Tai and Ma, Yuexin},
  journal={arXiv preprint arXiv:2312.03774},
  year={2023}
}
@article{jiang2023symphonize,
  title={Symphonize 3d semantic scene completion with contextual instance queries},
  author={Jiang, Haoyi and Cheng, Tianheng and Gao, Naiyu and Zhang, Haoyang and Liu, Wenyu and Wang, Xinggang},
  journal={arXiv preprint arXiv:2306.15670},
  year={2023}
}
@article{tan2024geocc,
  title={GEOcc: Geometrically Enhanced 3D Occupancy Network with Implicit-Explicit Depth Fusion and Contextual Self-Supervision},
  author={Tan, Xin and Wu, Wenbin and Zhang, Zhiwei and Fan, Chaojie and Peng, Yong and Zhang, Zhizhong and Xie, Yuan and Ma, Lizhuang},
  journal={arXiv preprint arXiv:2405.10591},
  year={2024}
}
@InProceedings{Zhao_2024_CVPR,
    author    = {Zhao, Linqing and Xu, Xiuwei and Wang, Ziwei and Zhang, Yunpeng and Zhang, Borui and Zheng, Wenzhao and Du, Dalong and Zhou, Jie and Lu, Jiwen},
    title     = {LowRankOcc: Tensor Decomposition and Low-Rank Recovery for Vision-based 3D Semantic Occupancy Prediction},
    booktitle = {Proceedings of the IEEE/CVF Conference on Computer Vision and Pattern Recognition (CVPR)},
    month     = {June},
    year      = {2024},
    pages     = {9806-9815}
}
@inproceedings{ma2024cotr,
  title={Cotr: Compact occupancy transformer for vision-based 3d occupancy prediction},
  author={Ma, Qihang and Tan, Xin and Qu, Yanyun and Ma, Lizhuang and Zhang, Zhizhong and Xie, Yuan},
  booktitle={Proceedings of the IEEE/CVF Conference on Computer Vision and Pattern Recognition},
  pages={19936--19945},
  year={2024}
}
@inproceedings{ma2024cam4docc,
  title={Cam4docc: Benchmark for camera-only 4d occupancy forecasting in autonomous driving applications},
  author={Ma, Junyi and Chen, Xieyuanli and Huang, Jiawei and Xu, Jingyi and Luo, Zhen and Xu, Jintao and Gu, Weihao and Ai, Rui and Wang, Hesheng},
  booktitle={Proceedings of the IEEE/CVF Conference on Computer Vision and Pattern Recognition},
  pages={21486--21495},
  year={2024}
}

@inproceedings{wang2024opus,
  title={Opus: occupancy prediction using a sparse set},
  author={Wang, Jiabao and Liu, Zhaojiang and Meng, Qiang and Yan, Liujiang and Wang, Ke and Yang, Jie and Liu, Wei and Hou, Qibin and Cheng, Mingming},
  booktitle={Advances in Neural Information Processing Systems},
  year={2024}
}
@inproceedings{zhang2023simple,
  title={A simple framework for open-vocabulary segmentation and detection},
  author={Zhang, Hao and Li, Feng and Zou, Xueyan and Liu, Shilong and Li, Chunyuan and Yang, Jianwei and Zhang, Lei},
  booktitle={Proceedings of the IEEE/CVF International Conference on Computer Vision},
  pages={1020--1031},
  year={2023}
}
@article{ren2024grounded,
  title={Grounded sam: Assembling open-world models for diverse visual tasks},
  author={Ren, Tianhe and Liu, Shilong and Zeng, Ailing and Lin, Jing and Li, Kunchang and Cao, He and Chen, Jiayu and Huang, Xinyu and Chen, Yukang and Yan, Feng and others},
  journal={arXiv preprint arXiv:2401.14159},
  year={2024}
}
@inproceedings{sirko2024occfeat,
  title={OccFeat: Self-supervised Occupancy Feature Prediction for Pretraining BEV Segmentation Networks},
  author={Sirko-Galouchenko, Sophia and Boulch, Alexandre and Gidaris, Spyros and Bursuc, Andrei and Vobecky, Antonin and P{\'e}rez, Patrick and Marlet, Renaud},
  booktitle={Proceedings of the IEEE/CVF Conference on Computer Vision and Pattern Recognition},
  pages={4493--4503},
  year={2024}
}
@article{wang2024distillnerf,
  title={DistillNeRF: Perceiving 3D Scenes from Single-Glance Images by Distilling Neural Fields and Foundation Model Features},
  author={Wang, Letian and Kim, Seung Wook and Yang, Jiawei and Yu, Cunjun and Ivanovic, Boris and Waslander, Steven L and Wang, Yue and Fidler, Sanja and Pavone, Marco and Karkus, Peter},
  journal={arXiv preprint arXiv:2406.12095},
  year={2024}
}
@inproceedings{caron2021emerging,
    title        = {Emerging properties in self-supervised vision transformers},
    author       = {Caron, Mathilde and Touvron, Hugo and Misra, Ishan and J{\'e}gou, Herv{\'e} and Mairal, Julien and Bojanowski, Piotr and Joulin, Armand},
    year         = 2021,
    booktitle    = ICCV,
    pages        = {9650--9660}
}

@article{oquab2023dinov2,
    title        = {Dinov2: Learning robust visual features without supervision},
    author       = {Oquab, Maxime and Darcet, Timoth{\'e}e and Moutakanni, Th{\'e}o and Vo, Huy and Szafraniec, Marc and Khalidov, Vasil and Fernandez, Pierre and Haziza, Daniel and Massa, Francisco and El-Nouby, Alaaeldin and others},
    year         = 2023,
    journal      = {arXiv preprint arXiv:2304.07193}
}
@inproceedings{radford2021learning,
  title={Learning transferable visual models from natural language supervision},
  author={Radford, Alec and Kim, Jong Wook and Hallacy, Chris and Ramesh, Aditya and Goh, Gabriel and Agarwal, Sandhini and Sastry, Girish and Askell, Amanda and Mishkin, Pamela and Clark, Jack and others},
  booktitle={International conference on machine learning},
  pages={8748--8763},
  year={2021},
  organization={PMLR}
}
@inproceedings{zheng2025veon,
  title={VEON: Vocabulary-Enhanced Occupancy Prediction},
  author={Zheng, Jilai and Tang, Pin and Wang, Zhongdao and Wang, Guoqing and Ren, Xiangxuan and Feng, Bailan and Ma, Chao},
  booktitle={European Conference on Computer Vision},
  pages={92--108},
  year={2025},
  organization={Springer}
}
@inproceedings{zhou2022extract,
  title={Extract free dense labels from clip},
  author={Zhou, Chong and Loy, Chen Change and Dai, Bo},
  booktitle={European Conference on Computer Vision},
  pages={696--712},
  year={2022},
  organization={Springer}
}
@article{jiang2024gausstr,
  title={GaussTR: Foundation Model-Aligned Gaussian Transformer for Self-Supervised 3D Spatial Understanding},
  author={Jiang, Haoyi and Liu, Liu and Cheng, Tianheng and Wang, Xinjie and Lin, Tianwei and Su, Zhizhong and Liu, Wenyu and Wang, Xinggang},
  journal={arXiv preprint arXiv:2412.13193},
  year={2024}
}
@article{sun2024gsrender,
  title={GSRender: Deduplicated Occupancy Prediction via Weakly Supervised 3D Gaussian Splatting},
  author={Sun, Qianpu and Shu, Changyong and Zhou, Sifan and Yu, Zichen and Chen, Yan and Yang, Dawei and Chun, Yuan},
  journal={arXiv preprint arXiv:2412.14579},
  year={2024}
}
@inproceedings{lee2019set,
  title={Set transformer: A framework for attention-based permutation-invariant neural networks},
  author={Lee, Juho and Lee, Yoonho and Kim, Jungtaek and Kosiorek, Adam and Choi, Seungjin and Teh, Yee Whye},
  booktitle={International conference on machine learning},
  pages={3744--3753},
  year={2019},
  organization={PMLR}
}
@inproceedings{yin2023metric3d,
  title={Metric3d: Towards zero-shot metric 3d prediction from a single image},
  author={Yin, Wei and Zhang, Chi and Chen, Hao and Cai, Zhipeng and Yu, Gang and Wang, Kaixuan and Chen, Xiaozhi and Shen, Chunhua},
  booktitle={Proceedings of the IEEE/CVF International Conference on Computer Vision},
  pages={9043--9053},
  year={2023}
}
@article{xu2025survey,
  title={A survey on occupancy perception for autonomous driving: The information fusion perspective},
  author={Xu, Huaiyuan and Chen, Junliang and Meng, Shiyu and Wang, Yi and Chau, Lap-Pui},
  journal={Information Fusion},
  volume={114},
  pages={102671},
  year={2025},
  publisher={Elsevier}
}
@article{shi2024grid,
  title={Grid-centric traffic scenario perception for autonomous driving: A comprehensive review},
  author={Shi, Yining and Jiang, Kun and Li, Jiusi and Qian, Zelin and Wen, Junze and Yang, Mengmeng and Wang, Ke and Yang, Diange},
  journal={IEEE Transactions on Neural Networks and Learning Systems},
  year={2024},
  publisher={IEEE}
}
@article{zhang2024vision,
  title={Vision-based 3D occupancy prediction in autonomous driving: a review and outlook},
  author={Zhang, Yanan and Zhang, Jinqing and Wang, Zengran and Xu, Junhao and Huang, Di},
  journal={arXiv preprint arXiv:2405.02595},
  year={2024}
}
@article{kerbl20233d,
  title={3d gaussian splatting for real-time radiance field rendering.},
  author={Kerbl, Bernhard and Kopanas, Georgios and Leimk{\"u}hler, Thomas and Drettakis, George},
  journal={ACM Trans. Graph.},
  volume={42},
  number={4},
  pages={139--1},
  year={2023}
}
@inproceedings{qin2024langsplat,
  title={Langsplat: 3d language gaussian splatting},
  author={Qin, Minghan and Li, Wanhua and Zhou, Jiawei and Wang, Haoqian and Pfister, Hanspeter},
  booktitle={Proceedings of the IEEE/CVF Conference on Computer Vision and Pattern Recognition},
  pages={20051--20060},
  year={2024}
}
@inproceedings{kerr2023lerf,
  title={Lerf: Language embedded radiance fields},
  author={Kerr, Justin and Kim, Chung Min and Goldberg, Ken and Kanazawa, Angjoo and Tancik, Matthew},
  booktitle={Proceedings of the IEEE/CVF International Conference on Computer Vision},
  pages={19729--19739},
  year={2023}
}
@inproceedings{chen2025mvsplat,
  title={Mvsplat: Efficient 3d gaussian splatting from sparse multi-view images},
  author={Chen, Yuedong and Xu, Haofei and Zheng, Chuanxia and Zhuang, Bohan and Pollefeys, Marc and Geiger, Andreas and Cham, Tat-Jen and Cai, Jianfei},
  booktitle={European Conference on Computer Vision},
  pages={370--386},
  year={2025},
  organization={Springer}
}
@inproceedings{liu2025mvsgaussian,
  title={Mvsgaussian: Fast generalizable gaussian splatting reconstruction from multi-view stereo},
  author={Liu, Tianqi and Wang, Guangcong and Hu, Shoukang and Shen, Liao and Ye, Xinyi and Zang, Yuhang and Cao, Zhiguo and Li, Wei and Liu, Ziwei},
  booktitle={European Conference on Computer Vision},
  pages={37--53},
  year={2025},
  organization={Springer}
}
@inproceedings{ye2023featurenerf,
  title={Featurenerf: Learning generalizable nerfs by distilling foundation models},
  author={Ye, Jianglong and Wang, Naiyan and Wang, Xiaolong},
  booktitle={Proceedings of the IEEE/CVF International Conference on Computer Vision},
  pages={8962--8973},
  year={2023}
}
@inproceedings{zhou2024feature,
  title={Feature 3dgs: Supercharging 3d gaussian splatting to enable distilled feature fields},
  author={Zhou, Shijie and Chang, Haoran and Jiang, Sicheng and Fan, Zhiwen and Zhu, Zehao and Xu, Dejia and Chari, Pradyumna and You, Suya and Wang, Zhangyang and Kadambi, Achuta},
  booktitle={Proceedings of the IEEE/CVF Conference on Computer Vision and Pattern Recognition},
  pages={21676--21685},
  year={2024}
}
@inproceedings{pumarola2021d,
  title={D-nerf: Neural radiance fields for dynamic scenes},
  author={Pumarola, Albert and Corona, Enric and Pons-Moll, Gerard and Moreno-Noguer, Francesc},
  booktitle={Proceedings of the IEEE/CVF Conference on Computer Vision and Pattern Recognition},
  pages={10318--10327},
  year={2021}
}
@inproceedings{wu20244d,
  title={4d gaussian splatting for real-time dynamic scene rendering},
  author={Wu, Guanjun and Yi, Taoran and Fang, Jiemin and Xie, Lingxi and Zhang, Xiaopeng and Wei, Wei and Liu, Wenyu and Tian, Qi and Wang, Xinggang},
  booktitle={Proceedings of the IEEE/CVF Conference on Computer Vision and Pattern Recognition},
  pages={20310--20320},
  year={2024}
}
@inproceedings{fridovich2023k,
  title={K-planes: Explicit radiance fields in space, time, and appearance},
  author={Fridovich-Keil, Sara and Meanti, Giacomo and Warburg, Frederik Rahb{\ae}k and Recht, Benjamin and Kanazawa, Angjoo},
  booktitle={Proceedings of the IEEE/CVF Conference on Computer Vision and Pattern Recognition},
  pages={12479--12488},
  year={2023}
}
@inproceedings{zheng2024gps,
  title={Gps-gaussian: Generalizable pixel-wise 3d gaussian splatting for real-time human novel view synthesis},
  author={Zheng, Shunyuan and Zhou, Boyao and Shao, Ruizhi and Liu, Boning and Zhang, Shengping and Nie, Liqiang and Liu, Yebin},
  booktitle={Proceedings of the IEEE/CVF Conference on Computer Vision and Pattern Recognition},
  pages={19680--19690},
  year={2024}
}
@inproceedings{he2016deep,
  title={Deep residual learning for image recognition},
  author={He, Kaiming and Zhang, Xiangyu and Ren, Shaoqing and Sun, Jian},
  booktitle={Proceedings of the IEEE conference on computer vision and pattern recognition},
  pages={770--778},
  year={2016}
}