@inproceedings{Alpher10,
title={Sc-fegan: Face editing generative adversarial network with user's sketch and color},
author={Jo, Youngjoo and Park, Jongyoul},
booktitle= ICCV,
pages={1745--1753},
year= 2019
}

@article{Alpher11,
title={Identity-aware CycleGAN for face photo-sketch synthesis and recognition},
author={Fang, Yuke and Deng, Weihong and Du, Junping and Hu, Jiani},
journal={Pattern Recognition},
volume={102},
pages={107249},
year= 2020,
}

@article{Alpher14,
title={Drawinginstyles: Portrait image generation and editing with spatially conditioned stylegan},
author={Su, Wanchao and Ye, Hui and Chen, Shu-Yu and Gao, Lin and Fu, Hongbo},
journal= TVCG,
year= 2022,
}

@article{Alpher15,
title={DeepFaceDrawing: Deep generation of face images from sketches},
author={Chen, Shu-Yu and Su, Wanchao and Gao, Lin and Xia, Shihong and Fu, Hongbo},
journal= TOG,
volume={39},
number={4},
pages={72--1},
year= 2020,
}

@inproceedings{Alpher16,
title={Deepfacepencil: Creating face images from freehand sketches},
author={Li, Yuhang and Chen, Xuejin and Yang, Binxin and Chen, Zihan and Cheng, Zhihua and Zha, Zheng-Jun},
booktitle={Proceedings of the 28th ACM International Conference on Multimedia},
pages={991--999},
year= 2020
}

@article{Alpher18,
title={Controllable sketch-to-image translation for robust face synthesis},
author={Yang, Shuai and Wang, Zhangyang and Liu, Jiaying and Guo, Zongming},
journal= TIP,
volume={30},
pages={8797--8810},
year= 2021,
}

@article{Alpher22,
title={Learning 3D face reconstruction from a single sketch},
author={Yang, Li and Wu, Jing and Huo, Jing and Lai, Yu-Kun and Gao, Yang},
journal={Graphical Models},
volume={115},
pages={101102},
year= 2021,
publisher={Elsevier}
}

@article{dinesh2022fully,
  title={Fully convolutional Deep Stacked Denoising Sparse Auto encoder network for partial face reconstruction},
  author={Dinesh, PS and Manikandan, M},
  journal={Pattern Recognition},
  volume={130},
  pages={108783},
  year={2022},
  publisher={Elsevier}
}

@article{dou2018monocular,
  title={Monocular 3D facial shape reconstruction from a single 2D image with coupled-dictionary learning and sparse coding},
  author={Dou, Pengfei and Wu, Yuhang and Shah, Shishir K and Kakadiaris, Ioannis A},
  journal={Pattern Recognition},
  volume={81},
  pages={515--527},
  year={2018},
  publisher={Elsevier}
}

@article{feng2021learning,
  title={Learning an animatable detailed 3D face model from in-the-wild images},
  author={Feng, Yao and Feng, Haiwen and Black, Michael J and Bolkart, Timo},
  journal={ACM Transactions on Graphics (ToG)},
  volume={40},
  number={4},
  pages={1--13},
  year={2021},
  publisher={ACM New York, NY, USA}
}

@article{han2017deepsketch2face,
  title={DeepSketch2Face: a deep learning based sketching system for 3D face and caricature modeling},
  author={Han, Xiaoguang and Gao, Chang and Yu, Yizhou},
  journal={ACM Transactions on graphics (TOG)},
  volume={36},
  number={4},
  pages={1--12},
  year={2017},
  publisher={ACM New York, NY, USA}
}

@article{jo2015single,
  title={Single-view-based 3D facial reconstruction method robust against pose variations},
  author={Jo, Jaeik and Choi, Heeseung and Kim, Ig-Jae and Kim, Jaihie},
  journal={Pattern Recognition},
  volume={48},
  number={1},
  pages={73--85},
  year={2015},
  publisher={Elsevier}
}

@inproceedings{karras2019style,
  title={A style-based generator architecture for generative adversarial networks},
  author={Karras, Tero and Laine, Samuli and Aila, Timo},
  booktitle={Proceedings of the IEEE/CVF conference on computer vision and pattern recognition},
  pages={4401--4410},
  year={2019}
}

@article{lin2023sketchfacenerf,
  title={SketchFaceNeRF: Sketch-based facial generation and editing in neural radiance fields},
  author={Lin, Gao and Feng-Lin, Liu and Shu-Yu, Chen and Kaiwen, Jiang and Chunpeng, Li and Lai, Yukun and Hongbo, Fu},
  journal={ACM Transactions on Graphics},
  year={2023},
  publisher={Association for Computing Machinery}
}

@article{morales2023babynet,
  title={BabyNet: Reconstructing 3D faces of babies from uncalibrated photographs},
  author={Morales, Araceli and Alomar, Antonia and Porras, Antonio R and Linguraru, Marius George and Piella, Gemma and Sukno, Federico M},
  journal={Pattern Recognition},
  volume={139},
  pages={109367},
  year={2023},
  publisher={Elsevier}
}

@inproceedings{sela2017unrestricted,
  title={Unrestricted facial geometry reconstruction using image-to-image translation},
  author={Sela, Matan and Richardson, Elad and Kimmel, Ron},
  booktitle={Proceedings of the IEEE international conference on computer vision},
  pages={1576--1585},
  year={2017}
}

@inproceedings{zhu2017unpaired,
  title={Unpaired image-to-image translation using cycle-consistent adversarial networks},
  author={Zhu, Jun-Yan and Park, Taesung and Isola, Phillip and Efros, Alexei A},
  booktitle={Proceedings of the IEEE international conference on computer vision},
  pages={2223--2232},
  year={2017}
}

@article{zhu2025driving,
  title={Driving mutual advancement of 3D reconstruction and inpainting for masked faces},
  author={Zhu, Guosong and Qin, Zhen and Zhou, Erqiang and Ding, Yi and Qin, Zhiguang},
  journal={Pattern Recognition},
  volume={158},
  pages={110975},
  year={2025},
  publisher={Elsevier}
}

