@String(PAMI = {IEEE Trans. Pattern Anal. Mach. Intell.})
@String(IJCV = {Int. J. Comput. Vis.})
@String(CVPR= {IEEE Conf. Comput. Vis. Pattern Recog.})
@String(ICCV= {Int. Conf. Comput. Vis.})
@String(ECCV= {Eur. Conf. Comput. Vis.})
@String(NIPS= {Adv. Neural Inform. Process. Syst.})
@String(ICPR = {Int. Conf. Pattern Recog.})
@String(BMVC= {Brit. Mach. Vis. Conf.})
@String(TOG= {ACM Trans. Graph.})
@String(TIP  = {IEEE Trans. Image Process.})
@String(TVCG  = {IEEE Trans. Vis. Comput. Graph.})
@String(TMM  = {IEEE Trans. Multimedia})
@String(ACMMM= {ACM Int. Conf. Multimedia})
@String(ICME = {Int. Conf. Multimedia and Expo})
@String(ICASSP=	{ICASSP})
@String(ICIP = {IEEE Int. Conf. Image Process.})
@String(ACCV  = {ACCV})
@String(ICLR = {Int. Conf. Learn. Represent.})
@String(IJCAI = {IJCAI})
@String(PR   = {Pattern Recognition})
@String(AAAI = {AAAI})
@String(CVPRW= {IEEE Conf. Comput. Vis. Pattern Recog. Worksh.})
@String(CSVT = {IEEE Trans. Circuit Syst. Video Technol.})

@String(SPL	= {IEEE Sign. Process. Letters})
@String(VR   = {Vis. Res.})
@String(JOV	 = {J. Vis.})
@String(TVC  = {The Vis. Comput.})
@String(JCST  = {J. Comput. Sci. Tech.})
@String(CGF  = {Comput. Graph. Forum})
@String(CVM = {Computational Visual Media})


@String(PAMI  = {IEEE TPAMI})
@String(IJCV  = {IJCV})
@String(CVPR  = {CVPR})
@String(ICCV  = {ICCV})
@String(ECCV  = {ECCV})
@String(NIPS  = {NeurIPS})
@String(ICPR  = {ICPR})
@String(BMVC  =	{BMVC})
@String(TOG   = {ACM TOG})
@String(TIP   = {IEEE TIP})
@String(TVCG  = {IEEE TVCG})
@String(TCSVT = {IEEE TCSVT})
@String(TMM   =	{IEEE TMM})
@String(ACMMM = {ACM MM})
@String(ICME  =	{ICME})
@String(ICASSP=	{ICASSP})
@String(ICIP  = {ICIP})
@String(ACCV  = {ACCV})
@String(ICLR  = {ICLR})
@String(IJCAI = {IJCAI})
@String(PR = {PR})
@String(AAAI = {AAAI})
@String(CVPRW= {CVPRW})
@String(CSVT = {IEEE TCSVT})

%-------yzm--
@article{Alpher01,
author = {Zhongjin Luo and Jie Zhou and Heming Zhu and Dong Du and Xiaoguang Han and Hongbo Fu},
title = {SimpModeling: Sketching Implicit Field to Guide Mesh Modeling for 3D Animalmorphic Head Design},
journal = {The 34th Annual ACM Symposium on User Interface Software and Technology},
year = 2021
}

@article{Alpher02,
author = {Du, Dong and Han, Xiaoguang and Fu, Hongbo and Wu, Feiyang and Yu, Yizhou and Cui, Shuguang and Liu, Ligang},
title = {SAniHead: Sketching Animal-Like 3D Character Heads Using a View-Surface Collaborative Mesh Generative Network},
journal = TVCG,
volume = 28,
number = 6,
pages = {2415-2429},
year = 2022
}

@article{Alpher03,
author = {Gryaditskaya, Yulia and H{\"a}hnlein, Felix and Liu, Chenxi and Sheffer, Alla and Bousseau, Adrien},
title = {Lifting freehand concept sketches into 3D},
journal = TOG,
volume = 39,
number = 6,
pages = {1--16},
year = 2020
}

@article{Alpher04,
title={Descriptive: Interactive 3D shape modeling from a single descriptive sketch},
author={Bobenrieth, C{\'e}dric and Cordier, Fr{\'e}d{\'e}ric and Habibi, Arash and Seo, Hyewon},
journal={Computer-Aided Design},
volume={128},
pages={102904},
year={2020},
}

@inproceedings{Alpher05,
title={Sketch2mesh: Reconstructing and editing 3d shapes from sketches},
author={Guillard, Benoit and Remelli, Edoardo and Yvernay, Pierre and Fua, Pascal},
booktitle= ICCV,
pages={13023--13032},
year= 2021
}

@inproceedings{Alpher06,
title={Sketch2model: View-aware 3d modeling from single free-hand sketches},
author={Zhang, Song-Hai and Guo, Yuan-Chen and Gu, Qing-Wen},
booktitle= CVPR,
pages={6012--6021},
year= 2021
}

@inproceedings{Alpher07,
title={Democratising 2D Sketch to 3D Shape Retrieval Through Pivoting},
author={Chowdhury, Pinaki Nath and Bhunia, Ayan Kumar and Sain, Aneeshan and Koley, Subhadeep and Xiang, Tao and Song, Yi-Zhe},
booktitle= ICCV,
pages={23275--23286},
year= 2023
}

@article{Alpher08,
title={Reconstructing 3D shapes from multiple sketches using direct shape optimization},
author={Han, Zhizhong and Ma, Baorui and Liu, Yu-Shen and Zwicker, Matthias},
journal= TIP,
volume={29},
pages={8721--8734},
year= 2020,
}

@inproceedings{Alpher09,
title={3D VR Sketch Guided 3D Shape Prototyping and Exploration},
author={Luo, Ling and Chowdhury, Pinaki Nath and Xiang, Tao and Song, Yi-Zhe and Gryaditskaya, Yulia},
booktitle= ICCV,
pages={9267--9276},
year= 2023
}

@inproceedings{Alpher10,
title={Sc-fegan: Face editing generative adversarial network with user's sketch and color},
author={Jo, Youngjoo and Park, Jongyoul},
booktitle= ICCV,
pages={1745--1753},
year= 2019
}

@article{Alpher11,
title={Identity-aware CycleGAN for face photo-sketch synthesis and recognition},
author={Fang, Yuke and Deng, Weihong and Du, Junping and Hu, Jiani},
journal={Pattern Recognition},
volume={102},
pages={107249},
year= 2020,
}

@inproceedings{Alpher12,
title={Encoding in style: a stylegan encoder for image-to-image translation},
author={Richardson, Elad and Alaluf, Yuval and Patashnik, Or and Nitzan, Yotam and Azar, Yaniv and Shapiro, Stav and Cohen-Or, Daniel},
booktitle= CVPR,
pages={2287--2296},
year= 2021
}

@article{Alpher13,
title={Exploiting an intermediate latent space between photo and sketch for Face Photo-sketch recognition},
author={Bae, Seho and Din, Nizam Ud and Park, Hyunkyu and Yi, Juneho},
journal={Sensors},
volume={22},
number={19},
pages={7299},
year= 2022,
}

@article{Alpher14,
title={Drawinginstyles: Portrait image generation and editing with spatially conditioned stylegan},
author={Su, Wanchao and Ye, Hui and Chen, Shu-Yu and Gao, Lin and Fu, Hongbo},
journal= TVCG,
year= 2022,
}

@article{Alpher15,
title={DeepFaceDrawing: Deep generation of face images from sketches},
author={Chen, Shu-Yu and Su, Wanchao and Gao, Lin and Xia, Shihong and Fu, Hongbo},
journal= TOG,
volume={39},
number={4},
pages={72--1},
year= 2020,
}

@inproceedings{Alpher16,
title={Deepfacepencil: Creating face images from freehand sketches},
author={Li, Yuhang and Chen, Xuejin and Yang, Binxin and Chen, Zihan and Cheng, Zhihua and Zha, Zheng-Jun},
booktitle={Proceedings of the 28th ACM International Conference on Multimedia},
pages={991--999},
year= 2020
}

@article{Alpher17,
title={Deepfaceediting: Deep face generation and editing with disentangled geometry and appearance control},
author={Chen, Shu-Yu and Liu, Feng-Lin and Lai, Yu-Kun and Rosin, Paul L and Li, Chunpeng and Fu, Hongbo and Gao, Lin},
journal={arXiv preprint arXiv:2105.08935},
year= 2021
}

@article{Alpher18,
title={Controllable sketch-to-image translation for robust face synthesis},
author={Yang, Shuai and Wang, Zhangyang and Liu, Jiaying and Guo, Zongming},
journal= TIP,
volume={30},
pages={8797--8810},
year= 2021,
}

@article{Alpher19,
title={DiffFaceSketch: High-Fidelity Face Image Synthesis with Sketch-Guided Latent Diffusion Model},
author={Peng, Yichen and Zhao, Chunqi and Xie, Haoran and Fukusato, Tsukasa and Miyata, Kazunori},
journal={arXiv preprint arXiv:2302.06908},
year= 2023
}

@article{Alpher20,
title={DeepSketch2Face: a deep learning based sketching system for 3D face and caricature modeling},
author={Han, Xiaoguang and Gao, Chang and Yu, Yizhou},
journal= TOG,
volume={36},
number={4},
pages={1--12},
year= 2017,
}

@article{Alpher21,
title={SketchFaceNeRF: Sketch-based facial generation and editing in neural radiance fields},
author={Lin, Gao and Feng-Lin, Liu and Shu-Yu, Chen and Kaiwen, Jiang and Chunpeng, Li and Lai, Yukun and Hongbo, Fu},
journal={ACM Transactions on Graphics},
year= 2023,
publisher={Association for Computing Machinery}
}

@article{Alpher22,
title={Learning 3D face reconstruction from a single sketch},
author={Yang, Li and Wu, Jing and Huo, Jing and Lai, Yu-Kun and Gao, Yang},
journal={Graphical Models},
volume={115},
pages={101102},
year= 2021,
publisher={Elsevier}
}

@article{luo2023sketchmetaface,
  title={SketchMetaFace: A Learning-based Sketching Interface for High-fidelity 3D Character Face Modeling},
  author={Luo, Zhongjin and Du, Dong and Zhu, Heming and Yu, Yizhou and Fu, Hongbo and Han, Xiaoguang},
  journal={IEEE Transactions on Visualization and Computer Graphics},
  year={2023},
  publisher={IEEE}
}
%-------------------------optimazation-based---------------------------
@article{aldrian2012inverse,
  title={Inverse rendering of faces with a 3D morphable model},
  author={Aldrian, Oswald and Smith, William AP},
  journal={IEEE transactions on pattern analysis and machine intelligence},
  volume={35},
  number={5},
  pages={1080--1093},
  year={2012},
  publisher={IEEE}
}


@inproceedings{thies2016face2face,
  title={Face2face: Real-time face capture and reenactment of rgb videos},
  author={Thies, Justus and Zollhofer, Michael and Stamminger, Marc and Theobalt, Christian and Nie{\ss}ner, Matthias},
  booktitle={Proceedings of the IEEE conference on computer vision and pattern recognition},
  pages={2387--2395},
  year={2016}
}

@inproceedings{zhu2015high,
  title={High-fidelity pose and expression normalization for face recognition in the wild},
  author={Zhu, Xiangyu and Lei, Zhen and Yan, Junjie and Yi, Dong and Li, Stan Z},
  booktitle={Proceedings of the IEEE conference on computer vision and pattern recognition},
  pages={787--796},
  year={2015}
}

@inproceedings{huber2015fitting,
  title={Fitting 3d morphable face models using local features},
  author={Huber, Patrik and Feng, Zhen-Hua and Christmas, William and Kittler, Josef and R{\"a}tsch, Matthias},
  booktitle={2015 IEEE international conference on image processing (ICIP)},
  pages={1195--1199},
  year={2015},
  organization={IEEE}
}

@inproceedings{koizumi2020look,
  title={“Look Ma, no landmarks!”--Unsupervised, model-based dense face alignment},
  author={Koizumi, Tatsuro and Smith, William AP},
  booktitle={European Conference on Computer Vision},
  pages={690--706},
  year={2020},
  organization={Springer}
}

@article{ploumpis2020towards,
  title={Towards a complete 3D morphable model of the human head},
  author={Ploumpis, Stylianos and Ververas, Evangelos and O'Sullivan, Eimear and Moschoglou, Stylianos and Wang, Haoyang and Pears, Nick and Smith, William AP and Gecer, Baris and Zafeiriou, Stefanos},
  journal={IEEE transactions on pattern analysis and machine intelligence},
  volume={43},
  number={11},
  pages={4142--4160},
  year={2020},
  publisher={IEEE}
}


%-------------------------learning-based---------------------------
@inproceedings{jourabloo2016large,
  title={Large-pose face alignment via CNN-based dense 3D model fitting},
  author={Jourabloo, Amin and Liu, Xiaoming},
  booktitle={Proceedings of the IEEE conference on computer vision and pattern recognition},
  pages={4188--4196},
  year={2016}
}

@inproceedings{richardson2017learning,
  title={Learning detailed face reconstruction from a single image},
  author={Richardson, Elad and Sela, Matan and Or-El, Roy and Kimmel, Ron},
  booktitle={Proceedings of the IEEE conference on computer vision and pattern recognition},
  pages={1259--1268},
  year={2017}
}

@inproceedings{deng2019accurate,
  title={Accurate 3d face reconstruction with weakly-supervised learning: From single image to image set},
  author={Deng, Yu and Yang, Jiaolong and Xu, Sicheng and Chen, Dong and Jia, Yunde and Tong, Xin},
  booktitle={Proceedings of the IEEE/CVF conference on computer vision and pattern recognition workshops},
  pages={0--0},
  year={2019}
}

@inproceedings{sanyal2019learning,
  title={Learning to regress 3D face shape and expression from an image without 3D supervision},
  author={Sanyal, Soubhik and Bolkart, Timo and Feng, Haiwen and Black, Michael J},
  booktitle={Proceedings of the IEEE/CVF Conference on Computer Vision and Pattern Recognition},
  pages={7763--7772},
  year={2019}
}

@inproceedings{tewari2019fml,
  title={Fml: Face model learning from videos},
  author={Tewari, Ayush and Bernard, Florian and Garrido, Pablo and Bharaj, Gaurav and Elgharib, Mohamed and Seidel, Hans-Peter and P{\'e}rez, Patrick and Zollhofer, Michael and Theobalt, Christian},
  booktitle={Proceedings of the IEEE/CVF Conference on Computer Vision and Pattern Recognition},
  pages={10812--10822},
  year={2019}
}

@inproceedings{yang2020facescape,
  title={Facescape: a large-scale high quality 3d face dataset and detailed riggable 3d face prediction},
  author={Yang, Haotian and Zhu, Hao and Wang, Yanru and Huang, Mingkai and Shen, Qiu and Yang, Ruigang and Cao, Xun},
  booktitle={Proceedings of the ieee/cvf conference on computer vision and pattern recognition},
  pages={601--610},
  year={2020}
}

@article{feng2021learning,
  title={Learning an animatable detailed 3D face model from in-the-wild images},
  author={Feng, Yao and Feng, Haiwen and Black, Michael J and Bolkart, Timo},
  journal={ACM Transactions on Graphics (ToG)},
  volume={40},
  number={4},
  pages={1--13},
  year={2021},
  publisher={ACM New York, NY, USA}
}


%----------------------------synthetic data------------------------------
@inproceedings{zhu2016face,
  title={Face alignment across large poses: A 3d solution},
  author={Zhu, Xiangyu and Lei, Zhen and Liu, Xiaoming and Shi, Hailin and Li, Stan Z},
  booktitle={Proceedings of the IEEE conference on computer vision and pattern recognition},
  pages={146--155},
  year={2016}
}


@inproceedings{dou2017end,
  title={End-to-end 3D face reconstruction with deep neural networks},
  author={Dou, Pengfei and Shah, Shishir K and Kakadiaris, Ioannis A},
  booktitle={proceedings of the IEEE conference on computer vision and pattern recognition},
  pages={5908--5917},
  year={2017}
}

@inproceedings{sela2017unrestricted,
  title={Unrestricted facial geometry reconstruction using image-to-image translation},
  author={Sela, Matan and Richardson, Elad and Kimmel, Ron},
  booktitle={Proceedings of the IEEE international conference on computer vision},
  pages={1576--1585},
  year={2017}
}

@article{guo2018cnn,
  title={Cnn-based real-time dense face reconstruction with inverse-rendered photo-realistic face images},
  author={Guo, Yudong and Cai, Jianfei and Jiang, Boyi and Zheng, Jianmin and others},
  journal={IEEE transactions on pattern analysis and machine intelligence},
  volume={41},
  number={6},
  pages={1294--1307},
  year={2018},
  publisher={IEEE}
}

@inproceedings{galteri2019coarse,
  title={Coarse-to-fine 3D face reconstruction},
  author={Galteri, Leonardo and Ferrari, Claudio and Lisanti, Giuseppe and Berretti, Stefano and Del Bimbo, Alberto},
  booktitle={Proceedings of the IEEE/CVF Conference on Computer Vision and Pattern Recognition Workshops},
  pages={25--31},
  year={2019}
}

@inproceedings{wood2021fake,
  title={Fake it till you make it: face analysis in the wild using synthetic data alone},
  author={Wood, Erroll and Baltru{\v{s}}aitis, Tadas and Hewitt, Charlie and Dziadzio, Sebastian and Cashman, Thomas J and Shotton, Jamie},
  booktitle={Proceedings of the IEEE/CVF international conference on computer vision},
  pages={3681--3691},
  year={2021}
}


%-------------------------unsupervised manner------------------------------




@inproceedings{shang2020self,
  title={Self-supervised monocular 3d face reconstruction by occlusion-aware multi-view geometry consistency},
  author={Shang, Jiaxiang and Shen, Tianwei and Li, Shiwei and Zhou, Lei and Zhen, Mingmin and Fang, Tian and Quan, Long},
  booktitle={European Conference on Computer Vision},
  pages={53--70},
  year={2020},
  organization={Springer}
}




%----------------------------shape from shading---------------------------
@inproceedings{suwajanakorn2014total,
  title={Total moving face reconstruction},
  author={Suwajanakorn, Supasorn and Kemelmacher-Shlizerman, Ira and Seitz, Steven M},
  booktitle={Computer Vision--ECCV 2014: 13th European Conference, Zurich, Switzerland, September 6-12, 2014, Proceedings, Part IV 13},
  pages={796--812},
  year={2014},
  organization={Springer}
}

@article{garrido2016reconstruction,
  title={Reconstruction of personalized 3D face rigs from monocular video},
  author={Garrido, Pablo and Zollh{\"o}fer, Michael and Casas, Dan and Valgaerts, Levi and Varanasi, Kiran and P{\'e}rez, Patrick and Theobalt, Christian},
  journal={ACM Transactions on Graphics (TOG)},
  volume={35},
  number={3},
  pages={1--15},
  year={2016},
  publisher={ACM New York, NY, USA}
}

@article{jiang20183d,
  title={3D face reconstruction with geometry details from a single image},
  author={Jiang, Luo and Zhang, Juyong and Deng, Bailin and Li, Hao and Liu, Ligang},
  journal={IEEE Transactions on Image Processing},
  volume={27},
  number={10},
  pages={4756--4770},
  year={2018},
  publisher={IEEE}
}

@article{riviere2020single,
  title={Single-shot high-quality facial geometry and skin appearance capture},
  author={Riviere, J{\'e}r{\'e}my and Gotardo, Paulo and Bradley, Derek and Ghosh, Abhijeet and Beeler, Thabo},
  journal={ACM Transactions on Graphics (TOG)},
  volume={39},
  number={4},
  pages={81--1},
  year={2020},
  publisher={ACM New York, NY, USA}
}


%----------------------------displacement map----------------------------


@article{chen2020self,
  title={Self-supervised learning of detailed 3d face reconstruction},
  author={Chen, Yajing and Wu, Fanzi and Wang, Zeyu and Song, Yibing and Ling, Yonggen and Bao, Linchao},
  journal={IEEE Transactions on Image Processing},
  volume={29},
  pages={8696--8705},
  year={2020},
  publisher={IEEE}
}


@inproceedings{ling2022structure,
  title={Structure-Aware Editable Morphable Model for 3D Facial Detail Animation and Manipulation},
  author={Ling, Jingwang and Wang, Zhibo and Lu, Ming and Wang, Quan and Qian, Chen and Xu, Feng},
  booktitle={European Conference on Computer Vision},
  pages={249--267},
  year={2022},
  organization={Springer}
}

@inproceedings{lei2023hierarchical,
  title={A Hierarchical Representation Network for Accurate and Detailed Face Reconstruction from In-The-Wild Images},
  author={Lei, Biwen and Ren, Jianqiang and Feng, Mengyang and Cui, Miaomiao and Xie, Xuansong},
  booktitle={Proceedings of the IEEE/CVF Conference on Computer Vision and Pattern Recognition},
  pages={394--403},
  year={2023}
}

%----------------------------FLAME------------------------------
@article{li2017learning,
  title={Learning a model of facial shape and expression from 4D scans.},
  author={Li, Tianye and Bolkart, Timo and Black, Michael J and Li, Hao and Romero, Javier},
  journal={ACM Trans. Graph.},
  volume={36},
  number={6},
  pages={194--1},
  year={2017}
}

%----------------------------Preliminaries------------------------------
@inproceedings{ramamoorthi2001efficient,
  title={An efficient representation for irradiance environment maps},
  author={Ramamoorthi, Ravi and Hanrahan, Pat},
  booktitle={Proceedings of the 28th annual conference on Computer graphics and interactive techniques},
  pages={497--500},
  year={2001}
}

@inproceedings{paysan20093d,
  title={A 3D face model for pose and illumination invariant face recognition},
  author={Paysan, Pascal and Knothe, Reinhard and Amberg, Brian and Romdhani, Sami and Vetter, Thomas},
  booktitle={2009 sixth IEEE international conference on advanced video and signal based surveillance},
  pages={296--301},
  year={2009},
  organization={Ieee}
}

@inproceedings{genova2018unsupervised,
  title={Unsupervised training for 3d morphable model regression},
  author={Genova, Kyle and Cole, Forrester and Maschinot, Aaron and Sarna, Aaron and Vlasic, Daniel and Freeman, William T},
  booktitle={Proceedings of the IEEE Conference on Computer Vision and Pattern Recognition},
  pages={8377--8386},
  year={2018}
}

%---------------------------Method------------------------------
@inproceedings{he2016deep,
  title={Deep residual learning for image recognition},
  author={He, Kaiming and Zhang, Xiangyu and Ren, Shaoqing and Sun, Jian},
  booktitle={Proceedings of the IEEE conference on computer vision and pattern recognition},
  pages={770--778},
  year={2016}
}

@article{zhou2023mixstyle,
  title={Mixstyle neural networks for domain generalization and adaptation},
  author={Zhou, Kaiyang and Yang, Yongxin and Qiao, Yu and Xiang, Tao},
  journal={International Journal of Computer Vision},
  pages={1--15},
  year={2023},
  publisher={Springer}
}

@inproceedings{huang2017arbitrary,
  title={Arbitrary style transfer in real-time with adaptive instance normalization},
  author={Huang, Xun and Belongie, Serge},
  booktitle={Proceedings of the IEEE international conference on computer vision},
  pages={1501--1510},
  year={2017}
}

@inproceedings{dumoulin2016learned,
  title={A Learned Representation For Artistic Style},
  author={Dumoulin, Vincent and Shlens, Jonathon and Kudlur, Manjunath},
  booktitle={International Conference on Learning Representations},
  year={2016}
}

@article{ulyanov2016instance,
  title={Instance normalization: The missing ingredient for fast stylization},
  author={Ulyanov, Dmitry and Vedaldi, Andrea and Lempitsky, Victor},
  journal={arXiv preprint arXiv:1607.08022},
  year={2016}
}
%----------------------------Experiment------------------------------
@article{wang2008face,
  title={Face photo-sketch synthesis and recognition},
  author={Wang, Xiaogang and Tang, Xiaoou},
  journal={IEEE transactions on pattern analysis and machine intelligence},
  volume={31},
  number={11},
  pages={1955--1967},
  year={2008},
  publisher={IEEE}
}
@inproceedings{zhang2011coupled,
  title={Coupled information-theoretic encoding for face photo-sketch recognition},
  author={Zhang, Wei and Wang, Xiaogang and Tang, Xiaoou},
  booktitle={CVPR 2011},
  pages={513--520},
  year={2011},
  organization={IEEE}
}

@inproceedings{su2021pixel,
  title={Pixel difference networks for efficient edge detection},
  author={Su, Zhuo and Liu, Wenzhe and Yu, Zitong and Hu, Dewen and Liao, Qing and Tian, Qi and Pietik{\"a}inen, Matti and Liu, Li},
  booktitle={Proceedings of the IEEE/CVF international conference on computer vision},
  pages={5117--5127},
  year={2021}
}

@inproceedings{liang2018scut,
  title={SCUT-FBP5500: A diverse benchmark dataset for multi-paradigm facial beauty prediction},
  author={Liang, Lingyu and Lin, Luojun and Jin, Lianwen and Xie, Duorui and Li, Mengru},
  booktitle={2018 24th International conference on pattern recognition (ICPR)},
  pages={1598--1603},
  year={2018},
  organization={IEEE}
}

@inproceedings{bulat2017far,
  title={How far are we from solving the 2d \& 3d face alignment problem?(and a dataset of 230,000 3d facial landmarks)},
  author={Bulat, Adrian and Tzimiropoulos, Georgios},
  booktitle={Proceedings of the IEEE international conference on computer vision},
  pages={1021--1030},
  year={2017}
}

@inproceedings{nirkin2018face,
  title={On face segmentation, face swapping, and face perception},
  author={Nirkin, Yuval and Masi, Iacopo and Tuan, Anh Tran and Hassner, Tal and Medioni, Gerard},
  booktitle={2018 13th IEEE International Conference on Automatic Face \& Gesture Recognition (FG 2018)},
  pages={98--105},
  year={2018},
  organization={IEEE}
}

@inproceedings{lee2020maskgan,
  title={Maskgan: Towards diverse and interactive facial image manipulation},
  author={Lee, Cheng-Han and Liu, Ziwei and Wu, Lingyun and Luo, Ping},
  booktitle={Proceedings of the IEEE/CVF conference on computer vision and pattern recognition},
  pages={5549--5558},
  year={2020}
}

%----------------------------Conclusion------------------------------
@article{han2017deepsketch2face,
  title={DeepSketch2Face: a deep learning based sketching system for 3D face and caricature modeling},
  author={Han, Xiaoguang and Gao, Chang and Yu, Yizhou},
  journal={ACM Transactions on graphics (TOG)},
  volume={36},
  number={4},
  pages={1--12},
  year={2017},
  publisher={ACM New York, NY, USA}
}
@article{lin2023sketchfacenerf,
  title={SketchFaceNeRF: Sketch-based facial generation and editing in neural radiance fields},
  author={Lin, Gao and Feng-Lin, Liu and Shu-Yu, Chen and Kaiwen, Jiang and Chunpeng, Li and Lai, Yukun and Hongbo, Fu},
  journal={ACM Transactions on Graphics},
  year={2023},
  publisher={Association for Computing Machinery}
}
%----------------------------原latex-存档------------------------------
%----------------------------原latex-存档------------------------------
%----------------------------原latex-存档------------------------------
@misc{Authors14,
 author = {FirstName LastName},
 title = {The frobnicatable foo filter},
 note = {Face and Gesture submission ID 324. Supplied as supplemental material {\tt fg324.pdf}},
 year = 2014
}

@misc{Authors14b,
 author = {FirstName LastName},
 title = {Frobnication tutorial},
 note = {Supplied as supplemental material {\tt tr.pdf}},
 year = 2014
}

@article{Alpher02,
author = {FirstName Alpher},
title = {Frobnication},
journal = PAMI,
volume = 12,
number = 1,
pages = {234--778},
year = 2002
}

@article{Alpher03,
author = {FirstName Alpher and  FirstName Fotheringham-Smythe},
title = {Frobnication revisited},
journal = {Journal of Foo},
volume = 13,
number = 1,
pages = {234--778},
year = 2003
}

@article{Alpher04,
author = {FirstName Alpher and FirstName Fotheringham-Smythe and FirstName Gamow},
title = {Can a machine frobnicate?},
journal = {Journal of Foo},
volume = 14,
number = 1,
pages = {234--778},
year = 2004
}

@inproceedings{Alpher05,
author = {FirstName Alpher and FirstName Gamow},
title = {Can a computer frobnicate?},
booktitle = CVPR,
pages = {234--778},
year = 2005
}
%----------------------------------------------------------
@article{kingma2014adam,
  title={Adam: A method for stochastic optimization},
  author={Kingma, Diederik P and Ba, Jimmy},
  journal={arXiv preprint arXiv:1412.6980},
  year={2014}
}

%---------------------------KBS add-----------
@article{hu2017avatar,
  title={Avatar digitization from a single image for real-time rendering},
  author={Hu, Liwen and Saito, Shunsuke and Wei, Lingyu and Nagano, Koki and Seo, Jaewoo and Fursund, Jens and Sadeghi, Iman and Sun, Carrie and Chen, Yen-Chun and Li, Hao},
  journal={ACM Transactions on Graphics (ToG)},
  volume={36},
  number={6},
  pages={1--14},
  year={2017},
  publisher={ACM New York, NY, USA}
}

@article{pumarola2020ganimation,
  title={Ganimation: One-shot anatomically consistent facial animation},
  author={Pumarola, Albert and Agudo, Antonio and Martinez, Aleix M and Sanfeliu, Alberto and Moreno-Noguer, Francesc},
  journal={International Journal of Computer Vision},
  volume={128},
  pages={698--713},
  year={2020},
  publisher={Springer}
}

@article{javornik2022lies,
  title={‘What lies behind the filter?’Uncovering the motivations for using augmented reality (AR) face filters on social media and their effect on well-being},
  author={Javornik, Ana and Marder, Ben and Barhorst, Jennifer Brannon and McLean, Graeme and Rogers, Yvonne and Marshall, Paul and Warlop, Luk},
  journal={Computers in Human Behavior},
  volume={128},
  pages={107126},
  year={2022},
  publisher={Elsevier}
}

@article{wang2024robust,
  title={Robust face recognition model based sample mining and loss functions},
  author={Wang, Yang and Xie, Fan and Zhao, Chuanxin and Wang, Ao and Ma, Chang and Song, Shijia and Yuan, Zhenyu and Zhao, Lijun},
  journal={Knowledge-Based Systems},
  volume={302},
  pages={112330},
  year={2024},
  publisher={Elsevier}
}

@article{chen2024spcolor,
  title={Spcolor: Semantic prior guided exemplar-based image colorization},
  author={Chen, Siqi and Zhang, Xianlin and Wang, Mingdao and Li, Xueming and Zhang, Yu and Zhang, Yue},
  journal={Pattern Recognition},
  pages={111109},
  year={2024},
  publisher={Elsevier}
}

@article{zhan2023multimodal,
  title={Multimodal image synthesis and editing: A survey and taxonomy},
  author={Zhan, Fangneng and Yu, Yingchen and Wu, Rongliang and Zhang, Jiahui and Lu, Shijian and Liu, Lingjie and Kortylewski, Adam and Theobalt, Christian and Xing, Eric},
  journal={IEEE Transactions on Pattern Analysis and Machine Intelligence},
  year={2023},
  publisher={IEEE}
}
@article{goodfellow2014generative,
  title={Generative adversarial nets},
  author={Goodfellow, Ian and Pouget-Abadie, Jean and Mirza, Mehdi and Xu, Bing and Warde-Farley, David and Ozair, Sherjil and Courville, Aaron and Bengio, Yoshua},
  journal={Advances in neural information processing systems},
  volume={27},
  year={2014}
}
@article{fang2020identity,
  title={Identity-aware CycleGAN for face photo-sketch synthesis and recognition},
  author={Fang, Yuke and Deng, Weihong and Du, Junping and Hu, Jiani},
  journal={Pattern Recognition},
  volume={102},
  pages={107249},
  year={2020},
  publisher={Elsevier}
}
@inproceedings{zhu2017unpaired,
  title={Unpaired image-to-image translation using cycle-consistent adversarial networks},
  author={Zhu, Jun-Yan and Park, Taesung and Isola, Phillip and Efros, Alexei A},
  booktitle={Proceedings of the IEEE international conference on computer vision},
  pages={2223--2232},
  year={2017}
}

@inproceedings{karras2019style,
  title={A style-based generator architecture for generative adversarial networks},
  author={Karras, Tero and Laine, Samuli and Aila, Timo},
  booktitle={Proceedings of the IEEE/CVF conference on computer vision and pattern recognition},
  pages={4401--4410},
  year={2019}
}

%----------------------------PR------------------------------

@article{zhu2025driving,
  title={Driving mutual advancement of 3D reconstruction and inpainting for masked faces},
  author={Zhu, Guosong and Qin, Zhen and Zhou, Erqiang and Ding, Yi and Qin, Zhiguang},
  journal={Pattern Recognition},
  volume={158},
  pages={110975},
  year={2025},
  publisher={Elsevier}
}
@article{dinesh2022fully,
  title={Fully convolutional Deep Stacked Denoising Sparse Auto encoder network for partial face reconstruction},
  author={Dinesh, PS and Manikandan, M},
  journal={Pattern Recognition},
  volume={130},
  pages={108783},
  year={2022},
  publisher={Elsevier}
}

@article{dou2018monocular,
  title={Monocular 3D facial shape reconstruction from a single 2D image with coupled-dictionary learning and sparse coding},
  author={Dou, Pengfei and Wu, Yuhang and Shah, Shishir K and Kakadiaris, Ioannis A},
  journal={Pattern Recognition},
  volume={81},
  pages={515--527},
  year={2018},
  publisher={Elsevier}
}
@article{zou2025towards,
  title={Towards unsupervised learning of joint facial landmark detection and head pose estimation},
  author={Zou, Zhiming and Jia, Dian and Tang, Wei},
  journal={Pattern Recognition},
  pages={111393},
  year={2025},
  publisher={Elsevier}
}

@article{jo2015single,
  title={Single-view-based 3D facial reconstruction method robust against pose variations},
  author={Jo, Jaeik and Choi, Heeseung and Kim, Ig-Jae and Kim, Jaihie},
  journal={Pattern Recognition},
  volume={48},
  number={1},
  pages={73--85},
  year={2015},
  publisher={Elsevier}
}

@article{morales2023babynet,
  title={BabyNet: Reconstructing 3D faces of babies from uncalibrated photographs},
  author={Morales, Araceli and Alomar, Antonia and Porras, Antonio R and Linguraru, Marius George and Piella, Gemma and Sukno, Federico M},
  journal={Pattern Recognition},
  volume={139},
  pages={109367},
  year={2023},
  publisher={Elsevier}
}
@article{wu2023audio,
  title={Audio-driven talking face generation with diverse yet realistic facial animations},
  author={Wu, Rongliang and Yu, Yingchen and Zhan, Fangneng and Zhang, Jiahui and Zhang, Xiaoqin and Lu, Shijian},
  journal={Pattern Recognition},
  volume={144},
  pages={109865},
  year={2023},
  publisher={Elsevier}
}
@article{mao2024poster++,
  title={Poster++: A simpler and stronger facial expression recognition network},
  author={Mao, Jiawei and Xu, Rui and Yin, Xuesong and Chang, Yuanqi and Nie, Binling and Huang, Aibin and Wang, Yigang},
  journal={Pattern Recognition},
  pages={110951},
  year={2024},
  publisher={Elsevier}
}

@article{wang2025implicit,
  title={Implicit face model: Depth super-resolution for 3D face recognition},
  author={Wang, Mei and Xu, Ruizhuo and Deng, Weihong and Huang, Hua},
  journal={Pattern Recognition},
  volume={162},
  pages={111353},
  year={2025},
  publisher={Elsevier}
}