@inproceedings{asai2023self,
  title={Self-RAG: Learning to Retrieve, Generate, and Critique through Self-Reflection},
  author={Asai, Akari and Wu, Zeqiu and Wang, Yizhong and Sil, Avirup and Hajishirzi, Hannaneh},
  booktitle={The Twelfth International Conference on Learning Representations},
  year={2023}
}

@article{edge2024local,
      title={From Local to Global: A Graph RAG Approach to Query-Focused Summarization}, 
      author={Darren Edge and Ha Trinh and Newman Cheng and Joshua Bradley and Alex Chao and Apurva Mody and Steven Truitt and Jonathan Larson},
      year={2024},
      journal={arXiv preprint arXiv:2404.16130},
}

@inproceedings{es-etal-2024-ragas,
    title = "{RAGA}s: Automated Evaluation of Retrieval Augmented Generation",
    author = "Es, Shahul  and
      James, Jithin  and
      Espinosa Anke, Luis  and
      Schockaert, Steven",
    editor = "Aletras, Nikolaos  and
      De Clercq, Orphee",
    booktitle = "Proceedings of the 18th Conference of the European Chapter of the Association for Computational Linguistics: System Demonstrations",
    month = mar,
    year = "2024",
    address = "St. Julians, Malta",
    publisher = "Association for Computational Linguistics",
    url = "https://aclanthology.org/2024.eacl-demo.16/",
    pages = "150--158"
}

@article{guan2024amor,
  title={AMOR: A Recipe for Building Adaptable Modular Knowledge Agents Through Process Feedback},
  author={Guan, Jian and Wu, Wei and Wen, Zujie and Xu, Peng and Wang, Hongning and Huang, Minlie},
  journal={arXiv preprint arXiv:2402.01469},
  year={2024}
}

@article{gutierrez2024hipporag,
  title={HippoRAG: Neurobiologically Inspired Long-Term Memory for Large Language Models},
  author={Guti{\'e}rrez, Bernal Jim{\'e}nez and Shu, Yiheng and Gu, Yu and Yasunaga, Michihiro and Su, Yu},
  journal={arXiv preprint arXiv:2405.14831},
  year={2024}
}

@inproceedings{guu2020retrieval,
  title={Retrieval augmented language model pre-training},
  author={Guu, Kelvin and Lee, Kenton and Tung, Zora and Pasupat, Panupong and Chang, Mingwei},
  booktitle={International conference on machine learning},
  pages={3929--3938},
  year={2020},
  organization={PMLR}
}

@article{he2024gretriever,
      title={G-Retriever: Retrieval-Augmented Generation for Textual Graph Understanding and Question Answering}, 
      author={Xiaoxin He and Yijun Tian and Yifei Sun and Nitesh V. Chawla and Thomas Laurent and Yann LeCun and Xavier Bresson and Bryan Hooi},
      year={2024},
      journal={arXiv preprint arXiv:2402.07630}
}

@article{jiang2023active,
  title={Active retrieval augmented generation},
  author={Jiang, Zhengbao and Xu, Frank F and Gao, Luyu and Sun, Zhiqing and Liu, Qian and Dwivedi-Yu, Jane and Yang, Yiming and Callan, Jamie and Neubig, Graham},
  journal={arXiv preprint arXiv:2305.06983},
  year={2023}
}

@article{ju2022grape,
  title={Grape: Knowledge graph enhanced passage reader for open-domain question answering},
  author={Ju, Mingxuan and Yu, Wenhao and Zhao, Tong and Zhang, Chuxu and Ye, Yanfang},
  journal={arXiv preprint arXiv:2210.02933},
  year={2022}
}

@article{khattab2023demonstratesearchpredict,
      title={Demonstrate-Search-Predict: Composing retrieval and language models for knowledge-intensive NLP}, 
      author={Omar Khattab and Keshav Santhanam and Xiang Lisa Li and David Hall and Percy Liang and Christopher Potts and Matei Zaharia},
     journal={arXiv preprint arXiv:2212.14024},
  year={2023}
}

@article{kim2024sure,
  title={SuRe: Summarizing Retrievals using Answer Candidates for Open-domain QA of LLMs},
  author={Kim, Jaehyung and Nam, Jaehyun and Mo, Sangwoo and Park, Jongjin and Lee, Sang-Woo and Seo, Minjoon and Ha, Jung-Woo and Shin, Jinwoo},
  journal={arXiv preprint arXiv:2404.13081},
  year={2024}
}

@article{lewis2020retrieval,
  title={Retrieval-augmented generation for knowledge-intensive nlp tasks},
  author={Lewis, Patrick and Perez, Ethan and Piktus, Aleksandra and Petroni, Fabio and Karpukhin, Vladimir and Goyal, Naman and K{\"u}ttler, Heinrich and Lewis, Mike and Yih, Wen-tau and Rockt{\"a}schel, Tim and others},
  journal={Advances in Neural Information Processing Systems},
  volume={33},
  pages={9459--9474},
  year={2020}
}

@article{liu2021p,
  title={P-tuning v2: Prompt tuning can be comparable to fine-tuning universally across scales and tasks},
  author={Liu, Xiao and Ji, Kaixuan and Fu, Yicheng and Tam, Weng Lam and Du, Zhengxiao and Yang, Zhilin and Tang, Jie},
  journal={arXiv preprint arXiv:2110.07602},
  year={2021}
}

@misc{lyu2024crudragcomprehensivechinesebenchmark,
      title={CRUD-RAG: A Comprehensive Chinese Benchmark for Retrieval-Augmented Generation of Large Language Models}, 
      author={Yuanjie Lyu and Zhiyu Li and Simin Niu and Feiyu Xiong and Bo Tang and Wenjin Wang and Hao Wu and Huanyong Liu and Tong Xu and Enhong Chen},
      year={2024},
      eprint={2401.17043},
      archivePrefix={arXiv},
      primaryClass={cs.CL},
      url={https://arxiv.org/abs/2401.17043}, 
}

@inproceedings{lyu2024retrieve,
  title={Retrieve-Plan-Generation: An Iterative Planning and Answering Framework for Knowledge-Intensive LLM Generation},
  author={Lyu, Yuanjie and Niu, Zihan and Xie, Zheyong and Zhang, Chao and Xu, Tong and Wang, Yang and Chen, Enhong},
  booktitle={Proceedings of the 2024 Conference on Empirical Methods in Natural Language Processing},
  pages={4683--4702},
  year={2024}
}

@article{perozzi2024let,
  title={Let your graph do the talking: Encoding structured data for llms},
  author={Perozzi, Bryan and Fatemi, Bahare and Zelle, Dustin and Tsitsulin, Anton and Kazemi, Mehran and Al-Rfou, Rami and Halcrow, Jonathan},
  journal={arXiv preprint arXiv:2402.05862},
  year={2024}
}

@article{press2023measuring,
  title={Measuring and narrowing the compositionality gap in language models},
  author={Press, Ofir and Zhang, Muru and Min, Sewon and Schmidt, Ludwig and Smith, Noah A and Lewis, Mike},
  journal={arXiv preprint arXiv:2210.03350},
  year={2022}
}

@article{shao2023enhancing,
  title={Enhancing retrieval-augmented large language models with iterative retrieval-generation synergy},
  author={Shao, Zhihong and Gong, Yeyun and Shen, Yelong and Huang, Minlie and Duan, Nan and Chen, Weizhu},
  journal={arXiv preprint arXiv:2305.15294},
  year={2023}
}

@article{yao2023react,
      title={{ReAct}: Synergizing Reasoning and Acting in Language Models}, 
      author={Shunyu Yao and Jeffrey Zhao and Dian Yu and Nan Du and Izhak Shafran and Karthik Narasimhan and Yuan Cao},
      year={2023},
      journal={arXiv:2210.03629}
}

@article{yasunaga2021qa,
  title={QA-GNN: Reasoning with language models and knowledge graphs for question answering},
  author={Yasunaga, Michihiro and Ren, Hongyu and Bosselut, Antoine and Liang, Percy and Leskovec, Jure},
  journal={arXiv preprint arXiv:2104.06378},
  year={2021}
}

@article{yasunaga2022deep,
  title={Deep bidirectional language-knowledge graph pretraining},
  author={Yasunaga, Michihiro and Bosselut, Antoine and Ren, Hongyu and Zhang, Xikun and Manning, Christopher D and Liang, Percy S and Leskovec, Jure},
  journal={Advances in Neural Information Processing Systems},
  volume={35},
  pages={37309--37323},
  year={2022}
}

@inproceedings{yu2022retrieval,
  title={Retrieval-augmented generation across heterogeneous knowledge},
  author={Yu, Wenhao},
  booktitle={Proceedings of the 2022 Conference of the North American Chapter of the Association for Computational Linguistics: Human Language Technologies: Student Research Workshop},
  pages={52--58},
  year={2022}
}

@article{zhu2024realm,
      title={{REALM}: RAG-Driven Enhancement of Multimodal Electronic Health Records Analysis via Large Language Models}, 
      author={Yinghao Zhu and Changyu Ren and Shiyun Xie and Shukai Liu and Hangyuan Ji and Zixiang Wang and Tao Sun and Long He and Zhoujun Li and Xi Zhu and Chengwei Pan},
      journal={arXiv:2402.07016},
     year={2024},
}

