% Use this file for citations not found in the ACL Anthology (contained in "anthology.bib").

@inproceedings{basu-etal-2024-api,
    title = "{API}-{BLEND}: A Comprehensive Corpora for Training and Benchmarking {API} {LLM}s",
    author = "Basu, Kinjal  and
      Abdelaziz, Ibrahim  and
      Chaudhury, Subhajit  and
      Dan, Soham  and
      Crouse, Maxwell  and
      Munawar, Asim  and
      Austel, Vernon  and
      Kumaravel, Sadhana  and
      Muthusamy, Vinod  and
      Kapanipathi, Pavan  and
      Lastras, Luis",
    booktitle = "Proceedings of the 62nd Annual Meeting of the Association for Computational Linguistics (Volume 1: Long Papers)",
    year = "2024",
    publisher = "Association for Computational Linguistics",
    pages = "12859--12870",
}

@inproceedings{wu-etal-2024-toolplanner,
    title = "{T}ool{P}lanner: A Tool Augmented {LLM} for Multi Granularity Instructions with Path Planning and Feedback",
    author = "Wu, Qinzhuo  and
      Liu, Wei  and
      Luan, Jian  and
      Wang, Bin",
    booktitle = "Proceedings of the 2024 Conference on Empirical Methods in Natural Language Processing",
    year = "2024",
    publisher = "Association for Computational Linguistics",
    pages = "18315--18339",
}

@inproceedings{zhuang2024toolchain,
title={ToolChain*: Efficient Action Space Navigation in Large Language Models with A* Search},
author={Yuchen Zhuang and Xiang Chen and Tong Yu and Saayan Mitra and Victor Bursztyn and Ryan A. Rossi and Somdeb Sarkhel and Chao Zhang},
booktitle={The Twelfth International Conference on Learning Representations},
year={2024},
}

@inproceedings{ye-etal-2024-rotbench,
    title = "{R}o{TB}ench: A Multi-Level Benchmark for Evaluating the Robustness of Large Language Models in Tool Learning",
    author = "Ye, Junjie  and
      Wu, Yilong  and
      Gao, Songyang  and
      Huang, Caishuang  and
      Li, Sixian  and
      Li, Guanyu  and
      Fan, Xiaoran  and
      Zhang, Qi  and
      Gui, Tao  and
      Huang, Xuanjing",
    booktitle = "Proceedings of the 2024 Conference on Empirical Methods in Natural Language Processing",
    year = "2024",
    publisher = "Association for Computational Linguistics",
    pages = "313--333",
}

@inproceedings{shi-etal-2024-learning,
    title = "Learning to Use Tools via Cooperative and Interactive Agents",
    author = "Shi, Zhengliang  and
      Gao, Shen  and
      Chen, Xiuyi  and
      Feng, Yue  and
      Yan, Lingyong  and
      Shi, Haibo  and
      Yin, Dawei  and
      Ren, Pengjie  and
      Verberne, Suzan  and
      Ren, Zhaochun",
    booktitle = "Findings of the Association for Computational Linguistics: EMNLP 2024",
    year = "2024",
    publisher = "Association for Computational Linguistics",
    pages = "10642--10657",
}

@inproceedings{NEURIPS2024_8a75ee6d,
 author = {Wang, Jize and Zerun, Ma and Li, Yining and Zhang, Songyang and Chen, Cailian and Chen, Kai and Le, Xinyi},
 booktitle = {Advances in Neural Information Processing Systems},
 pages = {75749--75790},
 publisher = {Curran Associates, Inc.},
 title = {GTA: A Benchmark for General Tool Agents},
 volume = {37},
 year = {2024}
}

@inproceedings{NEURIPS2024_085185ea,
 author = {Shen, Yongliang and Song, Kaitao and Tan, Xu and Zhang, Wenqi and Ren, Kan and Yuan, Siyu and Lu, Weiming and Li, Dongsheng and Zhuang, Yueting},
 booktitle = {Advances in Neural Information Processing Systems},
 pages = {4540--4574},
 publisher = {Curran Associates, Inc.},
 title = {TaskBench: Benchmarking Large Language Models for Task Automation},
 volume = {37},
 year = {2024}
}

@inproceedings{fan2025workflowllm,
title={Workflow{LLM}: Enhancing Workflow Orchestration Capability of Large Language Models},
author={Shengda Fan and Xin Cong and Yuepeng Fu and Zhong Zhang and Shuyan Zhang and Yuanwei Liu and Yesai Wu and Yankai Lin and Zhiyuan Liu and Maosong Sun},
booktitle={The Thirteenth International Conference on Learning Representations},
year={2025},
}

@inproceedings{qiao2025benchmarking,
title={Benchmarking Agentic Workflow Generation},
author={Shuofei Qiao and Runnan Fang and Zhisong Qiu and Xiaobin Wang and Ningyu Zhang and Yong Jiang and Pengjun Xie and Fei Huang and Huajun Chen},
booktitle={The Thirteenth International Conference on Learning Representations},
year={2025},
}

@inproceedings{shen2025shortcutsbench,
title={ShortcutsBench: A Large-Scale Real-world Benchmark for {API}-based Agents},
author={Haiyang SHEN and Yue Li and Desong Meng and Dongqi Cai and Sheng Qi and Li Zhang and Mengwei Xu and Yun Ma},
booktitle={The Thirteenth International Conference on Learning Representations},
year={2025},
}

@inproceedings{liu2025toolace,
title={Tool{ACE}: Enhancing Function Calling with Accuracy, Complexity, and Diversity},
author={Weiwen Liu and Xingshan Zeng and Xu Huang and xinlong hao and Shuai Yu and Dexun Li and Shuai Wang and Weinan Gan and Zhengying Liu and Yuanqing Yu and Zezhong WANG and Yuxian Wang and Wu Ning and Yutai Hou and Bin Wang and Chuhan Wu and Wang Xinzhi and Yong Liu and Yasheng Wang and Duyu Tang and Dandan Tu and Lifeng Shang and Xin Jiang and Ruiming Tang and Defu Lian and Qun Liu and Enhong Chen},
booktitle={The Thirteenth International Conference on Learning Representations},
year={2025},
}

@inproceedings{wang2025mtubench,
title={{MTU}-Bench: A Multi-granularity Tool-Use Benchmark for Large Language Models},
author={Pei Wang and Yanan Wu and Noah Wang and Jiaheng Liu and Xiaoshuai Song and Z.Y. Peng and Ken Deng and Chenchen Zhang and JiakaiWang and Junran Peng and Ge Zhang and Hangyu Guo and Zhaoxiang Zhang and Wenbo Su and Bo Zheng},
booktitle={The Thirteenth International Conference on Learning Representations},
year={2025},
}

@inproceedings{chen2025learning,
title={Learning Evolving Tools for Large Language Models},
author={Guoxin Chen and Zhong Zhang and Xin Cong and Fangda Guo and Yesai Wu and Yankai Lin and Wenzheng Feng and Yasheng Wang},
booktitle={The Thirteenth International Conference on Learning Representations},
year={2025},
}

@inproceedings{liu2025toolplanner,
title={Tool-Planner: Task Planning with Clusters across Multiple Tools},
author={Yanming Liu and Xinyue Peng and Jiannan Cao and Shi Bo and Yuwei Zhang and Xuhong Zhang and Sheng Cheng and Xun Wang and Jianwei Yin and Tianyu Du},
booktitle={The Thirteenth International Conference on Learning Representations},
year={2025},
}

@inproceedings{chen2024advancing,
title={Advancing Tool-Augmented Large Language Models: Integrating Insights from Errors in Inference Trees},
author={Sijia Chen and Yibo Wang and Yi-Feng Wu and Qing-Guo Chen and Zhao Xu and Weihua Luo and Kaifu Zhang and Lijun Zhang},
booktitle={The Thirty-eighth Annual Conference on Neural Information Processing Systems},
year={2024},
}

@inproceedings{NEURIPS2024_e4c61f57,
 author = {Patil, Shishir G and Zhang, Tianjun and Wang, Xin and Gonzalez, Joseph E},
 booktitle = {Advances in Neural Information Processing Systems},
 pages = {126544--126565},
 publisher = {Curran Associates, Inc.},
 title = {Gorilla: Large Language Model Connected with Massive APIs},
 volume = {37},
 year = {2024}
}

@article{huang2024survey,
  title={A survey on hallucination in large language models: Principles, taxonomy, challenges, and open questions},
  author={Huang, Lei and Yu, Weijiang and Ma, Weitao and Zhong, Weihong and Feng, Zhangyin and Wang, Haotian and Chen, Qianglong and Peng, Weihua and Feng, Xiaocheng and Qin, Bing and others},
  journal={ACM Transactions on Information Systems},
  year={2024},
  publisher={ACM New York, NY}
}

@article{schubert2017dbscan,
  title={DBSCAN revisited, revisited: why and how you should (still) use DBSCAN},
  author={Schubert, Erich and Sander, J{\"o}rg and Ester, Martin and Kriegel, Hans Peter and Xu, Xiaowei},
  journal={ACM Transactions on Database Systems (TODS)},
  volume={42},
  number={3},
  pages={1--21},
  year={2017},
  publisher={Acm New York, NY, USA}
}

@article{yang2024qwen2,
  title={Qwen2. 5 technical report},
  author={Yang, An and Yang, Baosong and Zhang, Beichen and Hui, Binyuan and Zheng, Bo and Yu, Bowen and Li, Chengyuan and Liu, Dayiheng and Huang, Fei and Wei, Haoran and others},
  journal={arXiv preprint arXiv:2412.15115},
  year={2024}
}

@article{jiang2023mistral,
  title={Mistral 7B},
  author={Jiang, Albert Q and Sablayrolles, Alexandre and Mensch, Arthur and Bamford, Chris and Chaplot, Devendra Singh and Casas, Diego de las and Bressand, Florian and Lengyel, Gianna and Lample, Guillaume and Saulnier, Lucile and others},
  journal={arXiv preprint arXiv:2310.06825},
  year={2023}
}

@article{chiang2023vicuna,
  title={Vicuna: An open-source chatbot impressing gpt-4 with 90\%* chatgpt quality},
  author={Chiang, Wei-Lin and Li, Zhuohan and Lin, Zi and Sheng, Ying and Wu, Zhanghao and Zhang, Hao and Zheng, Lianmin and Zhuang, Siyuan and Zhuang, Yonghao and Gonzalez, Joseph E and others},
  journal={See https://vicuna. lmsys. org (accessed 14 April 2023)},
  volume={2},
  number={3},
  pages={6},
  year={2023}
}

@article{dubey2024llama,
  title={The llama 3 herd of models},
  author={Dubey, Abhimanyu and Jauhri, Abhinav and Pandey, Abhinav and Kadian, Abhishek and Al-Dahle, Ahmad and Letman, Aiesha and Mathur, Akhil and Schelten, Alan and Yang, Amy and Fan, Angela and others},
  journal={arXiv preprint arXiv:2407.21783},
  year={2024}
}

@inproceedings{NEURIPS2023_a85b405e,
 author = {Rafailov, Rafael and Sharma, Archit and Mitchell, Eric and Manning, Christopher D and Ermon, Stefano and Finn, Chelsea},
 booktitle = {Advances in Neural Information Processing Systems},
 pages = {53728--53741},
 publisher = {Curran Associates, Inc.},
 title = {Direct Preference Optimization: Your Language Model is Secretly a Reward Model},
 year = {2023}
}

@inproceedings{liu2024socraticlm,
title={Socratic{LM}: Exploring Socratic Personalized Teaching with Large Language Models},
author={Jiayu Liu and Zhenya Huang and Tong Xiao and Jing Sha and Jinze Wu and Qi Liu and Shijin Wang and Enhong Chen},
booktitle={The Thirty-eighth Annual Conference on Neural Information Processing Systems},
year={2024},
}

@inproceedings{lyu-etal-2024-llm,
    title = "{LLM}-Rec: Personalized Recommendation via Prompting Large Language Models",
    author = "Lyu, Hanjia  and
      Jiang, Song  and
      Zeng, Hanqing  and
      Xia, Yinglong  and
      Wang, Qifan  and
      Zhang, Si  and
      Chen, Ren  and
      Leung, Chris  and
      Tang, Jiajie  and
      Luo, Jiebo",
    booktitle = "Findings of the Association for Computational Linguistics: NAACL 2024",
    year = "2024",
    publisher = "Association for Computational Linguistics",
    pages = "583--612",
}

@inproceedings{tseng-etal-2024-two,
    title = "Two Tales of Persona in {LLM}s: A Survey of Role-Playing and Personalization",
    author = "Tseng, Yu-Min  and
      Huang, Yu-Chao  and
      Hsiao, Teng-Yun  and
      Chen, Wei-Lin  and
      Huang, Chao-Wei  and
      Meng, Yu  and
      Chen, Yun-Nung",
    booktitle = "Findings of the Association for Computational Linguistics: EMNLP 2024",
    year = "2024",
    publisher = "Association for Computational Linguistics",
    pages = "16612--16631",
}

@inproceedings{wang-etal-2023-target,
    title = "Target-oriented Proactive Dialogue Systems with Personalization: Problem Formulation and Dataset Curation",
    author = "Wang, Jian  and
      Cheng, Yi  and
      Lin, Dongding  and
      Leong, Chak  and
      Li, Wenjie",
    booktitle = "Proceedings of the 2023 Conference on Empirical Methods in Natural Language Processing",
    year = "2023",
    publisher = "Association for Computational Linguistics",
    pages = "1132--1143",
}

@inproceedings{10.1145/3589334.3645482,
author = {Zhou, Yujia and Zhu, Qiannan and Jin, Jiajie and Dou, Zhicheng},
title = {Cognitive Personalized Search Integrating Large Language Models with an Efficient Memory Mechanism},
year = {2024},
publisher = {Association for Computing Machinery},
booktitle = {Proceedings of the ACM Web Conference 2024},
pages = {1464–1473},
}

@inproceedings{yuan-etal-2025-personalized,
    title = "Personalized Large Language Model Assistant with Evolving Conditional Memory",
    author = "Yuan, Ruifeng  and
      Sun, Shichao  and
      Li, Yongqi  and
      Wang, Zili  and
      Cao, Ziqiang  and
      Li, Wenjie",
    booktitle = "Proceedings of the 31st International Conference on Computational Linguistics",
    year = "2025",
    publisher = "Association for Computational Linguistics",
    pages = "3764--3777",
}

@inproceedings{cai2025large,
title={Large Language Models Empowered Personalized Web Agents},
author={Hongru Cai and Yongqi Li and Wenjie Wang and Fengbin ZHU and Xiaoyu Shen and Wenjie Li and Tat-Seng Chua},
booktitle={THE WEB CONFERENCE 2025},
year={2025},
}

@inproceedings{xu-etal-2024-enhancing-tool,
    title = "Enhancing Tool Retrieval with Iterative Feedback from Large Language Models",
    author = "Xu, Qiancheng  and
      Li, Yongqi  and
      Xia, Heming  and
      Li, Wenjie",
    booktitle = "Findings of the Association for Computational Linguistics: EMNLP 2024",
    year = "2024",
    publisher = "Association for Computational Linguistics",
    pages = "9609--9619",
}

@inproceedings{wang-etal-2024-appbench,
    title = "{A}pp{B}ench: Planning of Multiple {API}s from Various {APP}s for Complex User Instruction",
    author = "Wang, Hongru  and
      Wang, Rui  and
      Xue, Boyang  and
      Xia, Heming  and
      Cao, Jingtao  and
      Liu, Zeming  and
      Pan, Jeff Z.  and
      Wong, Kam-Fai",
    booktitle = "Proceedings of the 2024 Conference on Empirical Methods in Natural Language Processing",
    month = nov,
    year = "2024",
    publisher = "Association for Computational Linguistics",
    pages = "15322--15336",
}

@inproceedings{qu2025from,
title={From Exploration to Mastery: Enabling {LLM}s to Master Tools via Self-Driven Interactions},
author={Changle Qu and Sunhao Dai and Xiaochi Wei and Hengyi Cai and Shuaiqiang Wang and Dawei Yin and Jun Xu and Ji-Rong Wen},
booktitle={The Thirteenth International Conference on Learning Representations},
year={2025},
}

@inproceedings{wang2025toolgen,
title={ToolGen: Unified Tool Retrieval and Calling via Generation},
author={Renxi Wang and Xudong Han and Lei Ji and Shu Wang and Timothy Baldwin and Haonan Li},
booktitle={The Thirteenth International Conference on Learning Representations},
year={2025},
}

@article{10.1016/j.ipm.2023.103475,
author = {Li, Yongqi and Yang, Nan and Wang, Liang and Wei, Furu and Li, Wenjie},
title = {Generative retrieval for conversational question answering},
year = {2023},
publisher = {Pergamon Press, Inc.},
volume = {60},
number = {5},
pages = {103475},
journal = {Information Processing and Management},
}

@inproceedings{li-etal-2024-generative,
    title = "Generative Cross-Modal Retrieval: Memorizing Images in Multimodal Language Models for Retrieval and Beyond",
    author = "Li, Yongqi  and
      Wang, Wenjie  and
      Qu, Leigang  and
      Nie, Liqiang  and
      Li, Wenjie  and
      Chua, Tat-Seng",
    booktitle = "Proceedings of the 62nd Annual Meeting of the Association for Computational Linguistics (Volume 1: Long Papers)",
    year = "2024",
    publisher = "Association for Computational Linguistics",
    pages = "11851--11861",
}

@inproceedings{zheng-etal-2024-toolrerank,
    title = "{T}ool{R}erank: Adaptive and Hierarchy-Aware Reranking for Tool Retrieval",
    author = "Zheng, Yuanhang  and
      Li, Peng  and
      Liu, Wei  and
      Liu, Yang  and
      Luan, Jian  and
      Wang, Bin",
    booktitle = "Proceedings of the 2024 Joint International Conference on Computational Linguistics, Language Resources and Evaluation (LREC-COLING 2024)",
    year = "2024",
    publisher = "ELRA and ICCL",
    pages = "16263--16273",
}

@inproceedings{du2024anytool,
title={AnyTool: Self-Reflective, Hierarchical Agents for Large-Scale {API} Calls},
author={Yu Du and Fangyun Wei and Hongyang Zhang},
booktitle={Forty-first International Conference on Machine Learning},
year={2024},
}

@inproceedings{yuan2024easytool,
title={{EASYTOOL}: Enhancing {LLM}-based Agents with Concise Tool Instruction},
author={Siyu Yuan and Kaitao Song and Jiangjie Chen and Xu Tan and Yongliang Shen and Kan Ren and Dongsheng Li and Deqing Yang},
booktitle={ICLR 2024 Workshop on Large Language Model (LLM) Agents},
year={2024},
}

@inproceedings{huang2024metatool,
title={MetaTool Benchmark for Large Language Models: Deciding Whether to Use Tools and Which to Use},
author={Yue Huang and Jiawen Shi and Yuan Li and Chenrui Fan and Siyuan Wu and Qihui Zhang and Yixin Liu and Pan Zhou and Yao Wan and Neil Zhenqiang Gong and Lichao Sun},
booktitle={The Twelfth International Conference on Learning Representations},
year={2024},
}

@inproceedings{ruan2023tptu,
  title={Tptu: Task planning and tool usage of large language model-based ai agents},
  author={Ruan, Jingqing and Chen, Yihong and Zhang, Bin and Xu, Zhiwei and Bao, Tianpeng and Mao, Hangyu and Li, Ziyue and Zeng, Xingyu and Zhao, Rui and others},
  booktitle={NeurIPS 2023 Foundation Models for Decision Making Workshop},
  year={2023}
}

@inproceedings{wang2024mint,
title={{MINT}: Evaluating {LLM}s in Multi-turn Interaction with Tools and Language Feedback},
author={Xingyao Wang and Zihan Wang and Jiateng Liu and Yangyi Chen and Lifan Yuan and Hao Peng and Heng Ji},
booktitle={The Twelfth International Conference on Learning Representations},
year={2024},
}

@inproceedings{NEURIPS2023_8fd1a81c,
 author = {Hao, Shibo and Liu, Tianyang and Wang, Zhen and Hu, Zhiting},
 booktitle = {Advances in Neural Information Processing Systems},
 pages = {45870--45894},
 publisher = {Curran Associates, Inc.},
 title = {ToolkenGPT: Augmenting Frozen Language Models with Massive Tools via Tool Embeddings},
 volume = {36},
 year = {2023}
}

@inproceedings{gao2024confucius,
  title={Confucius: Iterative tool learning from introspection feedback by easy-to-difficult curriculum},
  author={Gao, Shen and Shi, Zhengliang and Zhu, Minghang and Fang, Bowen and Xin, Xin and Ren, Pengjie and Chen, Zhumin and Ma, Jun and Ren, Zhaochun},
  booktitle={Proceedings of the AAAI Conference on Artificial Intelligence},
  pages={18030--18038},
  year={2024}
}

@inproceedings{wang-etal-2024-llms-imaginarium,
    title = "{LLM}s in the Imaginarium: Tool Learning through Simulated Trial and Error",
    author = "Wang, Boshi  and
      Fang, Hao  and
      Eisner, Jason  and
      Van Durme, Benjamin  and
      Su, Yu",
    booktitle = "Proceedings of the 62nd Annual Meeting of the Association for Computational Linguistics (Volume 1: Long Papers)",
    year = "2024",
    publisher = "Association for Computational Linguistics",
    pages = "10583--10604",
}

@article{mu2024adaptive,
  title={Adaptive Selection for Homogeneous Tools: An Instantiation in the RAG Scenario},
  author={Mu, Feiteng and Jiang, Yong and Zhang, Liwen and Liu, Chu and Li, Wenjie and Xie, Pengjun and Huang, Fei},
  journal={arXiv preprint arXiv:2406.12429},
  year={2024}
}

@inproceedings{qu2024colt,
  title={Towards Completeness-Oriented Tool Retrieval for Large Language Models},
  author={Qu, Changle and Dai, Sunhao and Wei, Xiaochi and Cai, Hengyi and Wang, Shuaiqiang and Yin, Dawei and Xu, Jun and Wen, Ji-Rong},
  booktitle={Proceedings of the 33rd ACM International Conference on Information and Knowledge Management},
  year={2024}
}

@inproceedings{huang-etal-2024-planning,
    title = "Planning and Editing What You Retrieve for Enhanced Tool Learning",
    author = "Huang, Tenghao  and
      Jung, Dongwon  and
      Kumar, Vaibhav  and
      Kachuee, Mohammad  and
      Li, Xiang  and
      Xu, Puyang  and
      Chen, Muhao",
    booktitle = "Findings of the Association for Computational Linguistics: NAACL 2024",
    year = "2024",
    publisher = "Association for Computational Linguistics",
    pages = "975--988",
}

@article{qu2024tool,
  title={Tool Learning with Large Language Models: A Survey},
  author={Qu, Changle and Dai, Sunhao and Wei, Xiaochi and Cai, Hengyi and Wang, Shuaiqiang and Yin, Dawei and Xu, Jun and Wen, Ji-Rong},
  journal={arXiv preprint arXiv:2405.17935},
  year={2024}
}

@article{liu2019roberta,
  title={Roberta: A robustly optimized bert pretraining approach},
  author={Liu, Yinhan and Ott, Myle and Goyal, Naman and Du, Jingfei and Joshi, Mandar and Chen, Danqi and Levy, Omer and Lewis, Mike and Zettlemoyer, Luke and Stoyanov, Veselin},
  journal={arXiv preprint arXiv:1907.11692},
  year={2019}
}

@article{hsieh2023tool,
  title={Tool documentation enables zero-shot tool-usage with large language models},
  author={Hsieh, Cheng-Yu and Chen, Si-An and Li, Chun-Liang and Fujii, Yasuhisa and Ratner, Alexander and Lee, Chen-Yu and Krishna, Ranjay and Pfister, Tomas},
  journal={arXiv preprint arXiv:2308.00675},
  year={2023}
}

@article{mitra2017neural,
  title={Neural models for information retrieval},
  author={Mitra, Bhaskar and Craswell, Nick},
  journal={arXiv preprint arXiv:1705.01509},
  year={2017}
}

@article{zhao2024dense,
  title={Dense text retrieval based on pretrained language models: A survey},
  author={Zhao, Wayne Xin and Liu, Jing and Ren, Ruiyang and Wen, Ji-Rong},
  journal={ACM Transactions on Information Systems},
  volume={42},
  number={4},
  pages={1--60},
  year={2024},
  publisher={ACM}
}

@inproceedings{karpukhin-etal-2020-dense,
    title = "Dense Passage Retrieval for Open-Domain Question Answering",
    author = "Karpukhin, Vladimir  and
      Oguz, Barlas  and
      Min, Sewon  and
      Lewis, Patrick  and
      Wu, Ledell  and
      Edunov, Sergey  and
      Chen, Danqi  and
      Yih, Wen-tau",
    booktitle = "Proceedings of the 2020 Conference on Empirical Methods in Natural Language Processing (EMNLP)",
    year = "2020",
    publisher = "Association for Computational Linguistics",
    pages = "6769--6781",
}

@inproceedings{ma-etal-2023-query,
    title = "Query Rewriting in Retrieval-Augmented Large Language Models",
    author = "Ma, Xinbei  and
      Gong, Yeyun  and
      He, Pengcheng  and
      Zhao, Hai  and
      Duan, Nan",
    booktitle = "Proceedings of the 2023 Conference on Empirical Methods in Natural Language Processing",
    year = "2023",
    publisher = "Association for Computational Linguistics",
    pages = "5303--5315",
}

@article{zhang2023retrieve,
  title={Retrieve anything to augment large language models},
  author={Zhang, Peitian and Xiao, Shitao and Liu, Zheng and Dou, Zhicheng and Nie, Jian-Yun},
  journal={arXiv preprint arXiv:2310.07554},
  year={2023}
}

@inproceedings{shi-etal-2024-replug,
    title = "{REPLUG}: Retrieval-Augmented Black-Box Language Models",
    author = "Shi, Weijia  and
      Min, Sewon  and
      Yasunaga, Michihiro  and
      Seo, Minjoon  and
      James, Richard  and
      Lewis, Mike  and
      Zettlemoyer, Luke  and
      Yih, Wen-tau",
    booktitle = "Proceedings of the 2024 Conference of the North American Chapter of the Association for Computational Linguistics: Human Language Technologies (Volume 1: Long Papers)",
    year = "2024",
    publisher = "Association for Computational Linguistics",
    pages = "8371--8384",
}

@inproceedings{NEURIPS2023_77c33e6a,
 author = {Shen, Yongliang and Song, Kaitao and Tan, Xu and Li, Dongsheng and Lu, Weiming and Zhuang, Yueting},
 booktitle = {Advances in Neural Information Processing Systems},
 pages = {38154--38180},
 publisher = {Curran Associates, Inc.},
 title = {HuggingGPT: Solving AI Tasks with ChatGPT and its Friends in Hugging Face},
 volume = {36},
 year = {2023}
}

@article{tang2023toolalpaca,
  title={Toolalpaca: Generalized tool learning for language models with 3000 simulated cases},
  author={Tang, Qiaoyu and Deng, Ziliang and Lin, Hongyu and Han, Xianpei and Liang, Qiao and Sun, Le},
  journal={arXiv preprint arXiv:2306.05301},
  year={2023}
}

@article{zhao2023survey,
  title={A survey of large language models},
  author={Zhao, Wayne Xin and Zhou, Kun and Li, Junyi and Tang, Tianyi and Wang, Xiaolei and Hou, Yupeng and Min, Yingqian and Zhang, Beichen and Zhang, Junjie and Dong, Zican and others},
  journal={arXiv preprint arXiv:2303.18223},
  year={2023}
}

@inproceedings{li-etal-2023-api,
    title = "{API}-Bank: A Comprehensive Benchmark for Tool-Augmented {LLM}s",
    author = "Li, Minghao  and
      Zhao, Yingxiu  and
      Yu, Bowen  and
      Song, Feifan  and
      Li, Hangyu  and
      Yu, Haiyang  and
      Li, Zhoujun  and
      Huang, Fei  and
      Li, Yongbin",
    booktitle = "Proceedings of the 2023 Conference on Empirical Methods in Natural Language Processing",
    year = "2023",
    publisher = "Association for Computational Linguistics",
    pages = "3102--3116",
}

@inproceedings{reimers-gurevych-2019-sentence,
    title = "Sentence-{BERT}: Sentence Embeddings using {S}iamese {BERT}-Networks",
    author = "Reimers, Nils  and
      Gurevych, Iryna",
    booktitle = "Proceedings of the 2019 Conference on Empirical Methods in Natural Language Processing and the 9th International Joint Conference on Natural Language Processing (EMNLP-IJCNLP)",
    year = "2019",
    publisher = "Association for Computational Linguistics",
    pages = "3982--3992",
}

@inproceedings{devlin-etal-2019-bert,
    title = "{BERT}: Pre-training of Deep Bidirectional Transformers for Language Understanding",
    author = "Devlin, Jacob  and
      Chang, Ming-Wei  and
      Lee, Kenton  and
      Toutanova, Kristina",
    booktitle = "Proceedings of the 2019 Conference of the North {A}merican Chapter of the Association for Computational Linguistics: Human Language Technologies, Volume 1 (Long and Short Papers)",
    year = "2019",
    publisher = "Association for Computational Linguistics",
    pages = "4171--4186",
}

@article{10.1145/582415.582418,
author = {J\"{a}rvelin, Kalervo and Kek\"{a}l\"{a}inen, Jaana},
title = {Cumulated gain-based evaluation of IR techniques},
year = {2002},
publisher = {ACM},
volume = {20},
number = {4},
journal = {ACM Transactions on Information Systems},
pages = {422–446},
}

@article{10.1561/1500000019,
author = {Robertson, Stephen and Zaragoza, Hugo},
title = {The Probabilistic Relevance Framework: BM25 and Beyond},
year = {2009},
publisher = {Now Publishers Inc.},
volume = {3},
number = {4},
journal = {Foundations and Trends in Information Retrieval},
pages = {333–389},
}

@inproceedings{NEURIPS2023_91f18a12,
 author = {Zheng, Lianmin and Chiang, Wei-Lin and Sheng, Ying and Zhuang, Siyuan and Wu, Zhanghao and Zhuang, Yonghao and Lin, Zi and Li, Zhuohan and Li, Dacheng and Xing, Eric and Zhang, Hao and Gonzalez, Joseph E and Stoica, Ion},
 booktitle = {Advances in Neural Information Processing Systems},
 pages = {46595--46623},
 publisher = {Curran Associates, Inc.},
 title = {Judging LLM-as-a-Judge with MT-Bench and Chatbot Arena},
 volume = {36},
 year = {2023}
}

@article{lu2023self,
  title={Self: Language-driven self-evolution for large language model},
  author={Lu, Jianqiao and Zhong, Wanjun and Huang, Wenyong and Wang, Yufei and Mi, Fei and Wang, Baojun and Wang, Weichao and Shang, Lifeng and Liu, Qun},
  journal={arXiv preprint arXiv:2310.00533},
  year={2023}
}

@article{anantha2023protip,
  title={ProTIP: Progressive Tool Retrieval Improves Planning},
  author={Anantha, Raviteja and Bandyopadhyay, Bortik and Kashi, Anirudh and Mahinder, Sayantan and Hill, Andrew W and Chappidi, Srinivas},
  journal={arXiv preprint arXiv:2312.10332},
  year={2023}
}

@inproceedings{asai2024selfrag,
title={Self-{RAG}: Learning to Retrieve, Generate, and Critique through Self-Reflection},
author={Akari Asai and Zeqiu Wu and Yizhong Wang and Avirup Sil and Hannaneh Hajishirzi},
booktitle={The Twelfth International Conference on Learning Representations},
year={2024},
url={https://openreview.net/forum?id=hSyW5go0v8}
}

@inproceedings{NEURIPS2023_91edff07,
 author = {Madaan, Aman and Tandon, Niket and Gupta, Prakhar and Hallinan, Skyler and Gao, Luyu and Wiegreffe, Sarah and Alon, Uri and Dziri, Nouha and Prabhumoye, Shrimai and Yang, Yiming and Gupta, Shashank and Majumder, Bodhisattwa Prasad and Hermann, Katherine and Welleck, Sean and Yazdanbakhsh, Amir and Clark, Peter},
 booktitle = {Advances in Neural Information Processing Systems},
 pages = {46534--46594},
 publisher = {Curran Associates, Inc.},
 title = {Self-Refine: Iterative Refinement with Self-Feedback},
 volume = {36},
 year = {2023}
}

@inproceedings{huang-etal-2024-planning-creation,
    title = "Planning, Creation, Usage: Benchmarking {LLM}s for Comprehensive Tool Utilization in Real-World Complex Scenarios",
    author = "Huang, Shijue  and
      Zhong, Wanjun  and
      Lu, Jianqiao  and
      Zhu, Qi  and
      Gao, Jiahui  and
      Liu, Weiwen  and
      Hou, Yutai  and
      Zeng, Xingshan  and
      Wang, Yasheng  and
      Shang, Lifeng  and
      Jiang, Xin  and
      Xu, Ruifeng  and
      Liu, Qun",
    booktitle = "Findings of the Association for Computational Linguistics ACL 2024",
    year = "2024",
    publisher = "Association for Computational Linguistics",
    pages = "4363--4400",
}

@inproceedings{chen-etal-2024-eval,
    title = "{T}-Eval: Evaluating the Tool Utilization Capability of Large Language Models Step by Step",
    author = "Chen, Zehui  and
      Du, Weihua  and
      Zhang, Wenwei  and
      Liu, Kuikun  and
      Liu, Jiangning  and
      Zheng, Miao  and
      Zhuo, Jingming  and
      Zhang, Songyang  and
      Lin, Dahua  and
      Chen, Kai  and
      Zhao, Feng",
    booktitle = "Proceedings of the 62nd Annual Meeting of the Association for Computational Linguistics (Volume 1: Long Papers)",
    year = "2024",
    publisher = "Association for Computational Linguistics",
    pages = "9510--9529",
}

@article{ye2024tooleyes,
  title={Tooleyes: Fine-grained evaluation for tool learning capabilities of large language models in real-world scenarios},
  author={Ye, Junjie and Li, Guanyu and Gao, Songyang and Huang, Caishuang and Wu, Yilong and Li, Sixian and Fan, Xiaoran and Dou, Shihan and Zhang, Qi and Gui, Tao and others},
  journal={arXiv preprint arXiv:2401.00741},
  year={2024}
}

@inproceedings{qin2024toolllm,
title={Tool{LLM}: Facilitating Large Language Models to Master 16000+ Real-world {API}s},
author={Yujia Qin and Shihao Liang and Yining Ye and Kunlun Zhu and Lan Yan and Yaxi Lu and Yankai Lin and Xin Cong and Xiangru Tang and Bill Qian and Sihan Zhao and Lauren Hong and Runchu Tian and Ruobing Xie and Jie Zhou and Mark Gerstein and dahai li and Zhiyuan Liu and Maosong Sun},
booktitle={The Twelfth International Conference on Learning Representations},
year={2024},
}

@article{10.1145/3704435,
author = {Qin, Yujia and Hu, Shengding and Lin, Yankai and Chen, Weize and Ding, Ning and Cui, Ganqu and Zeng, Zheni and Zhou, Xuanhe and Huang, Yufei and Xiao, Chaojun and Han, Chi and Fung, Yi Ren and Su, Yusheng and Wang, Huadong and Qian, Cheng and Tian, Runchu and Zhu, Kunlun and Liang, Shihao and Shen, Xingyu and Xu, Bokai and Zhang, Zhen and Ye, Yining and Li, Bowen and Tang, Ziwei and Yi, Jing and Zhu, Yuzhang and Dai, Zhenning and Yan, Lan and Cong, Xin and Lu, Yaxi and Zhao, Weilin and Huang, Yuxiang and Yan, Junxi and Han, Xu and Sun, Xian and Li, Dahai and Phang, Jason and Yang, Cheng and Wu, Tongshuang and Ji, Heng and Li, Guoliang and Liu, Zhiyuan and Sun, Maosong},
title = {Tool Learning with Foundation Models},
year = {2024},
publisher = {Association for Computing Machinery},
volume = {57},
number = {4},
journal = {ACM Comput. Surv.},
}

@article{qin2023tool,
  title={Tool learning with foundation models},
  author={Qin, Yujia and Hu, Shengding and Lin, Yankai and Chen, Weize and Ding, Ning and Cui, Ganqu and Zeng, Zheni and Huang, Yufei and Xiao, Chaojun and Han, Chi and others},
  journal={arXiv preprint arXiv:2304.08354},
  year={2023}
}

@inproceedings{yao2023react,
  title = {{ReAct}: Synergizing Reasoning and Acting in Language Models},
  author = {Yao, Shunyu and Zhao, Jeffrey and Yu, Dian and Du, Nan and Shafran, Izhak and Narasimhan, Karthik and Cao, Yuan},
  booktitle = {International Conference on Learning Representations (ICLR) },
  year = {2023},
}

@inproceedings{NEURIPS2023_d842425e,
 author = {Schick, Timo and Dwivedi-Yu, Jane and Dessi, Roberto and Raileanu, Roberta and Lomeli, Maria and Hambro, Eric and Zettlemoyer, Luke and Cancedda, Nicola and Scialom, Thomas},
 booktitle = {Advances in Neural Information Processing Systems},
 pages = {68539--68551},
 publisher = {Curran Associates, Inc.},
 title = {Toolformer: Language Models Can Teach Themselves to Use Tools},
 volume = {36},
 year = {2023}
}



%%%

@misc{touvron2023llama,
      title={LLaMA: Open and Efficient Foundation Language Models}, 
      author={Hugo Touvron and Thibaut Lavril and Gautier Izacard and Xavier Martinet and Marie-Anne Lachaux and Timothée Lacroix and Baptiste Rozière and Naman Goyal and Eric Hambro and Faisal Azhar and Aurelien Rodriguez and Armand Joulin and Edouard Grave and Guillaume Lample},
      year={2023},
      eprint={2302.13971},
      archivePrefix={arXiv},
      primaryClass={cs.CL}
}

@inproceedings{DBLP:conf/iclr/YaoZYDSN023,
  author       = {Shunyu Yao and
                  Jeffrey Zhao and
                  Dian Yu and
                  Nan Du and
                  Izhak Shafran and
                  Karthik R. Narasimhan and
                  Yuan Cao},
  title        = {ReAct: Synergizing Reasoning and Acting in Language Models},
  booktitle    = {The Eleventh International Conference on Learning Representations,
                  {ICLR} 2023, Kigali, Rwanda, May 1-5, 2023},
  publisher    = {OpenReview.net},
  year         = {2023},
  url          = {https://openreview.net/pdf?id=WE\_vluYUL-X},
  timestamp    = {Wed, 16 Aug 2023 16:09:26 +0200},
  biburl       = {https://dblp.org/rec/conf/iclr/YaoZYDSN023.bib},
  bibsource    = {dblp computer science bibliography, https://dblp.org}
}

@inproceedings{10.1145/258525.258529,
author = {Robertson, S. E. and Walker, S.},
title = {On relevance weights with little relevance information},
year = {1997},
isbn = {0897918363},
publisher = {Association for Computing Machinery},
address = {New York, NY, USA},
url = {https://doi.org/10.1145/258525.258529},
doi = {10.1145/258525.258529},
booktitle = {Proceedings of the 20th Annual International ACM SIGIR Conference on Research and Development in Information Retrieval},
pages = {16–24},
numpages = {9},
location = {Philadelphia, Pennsylvania, USA},
series = {SIGIR '97}
}

@article{10.1145/278459.258529,
author = {Robertson, S. E. and Walker, S.},
title = {On relevance weights with little relevance information},
year = {1997},
issue_date = {July 1997},
publisher = {Association for Computing Machinery},
address = {New York, NY, USA},
volume = {31},
number = {SI},
issn = {0163-5840},
journal = {SIGIR Forum},
pages = {16–24},
numpages = {9}
}

