@inproceedings{10.1145/3589334.3645482,
author = {Zhou, Yujia and Zhu, Qiannan and Jin, Jiajie and Dou, Zhicheng},
title = {Cognitive Personalized Search Integrating Large Language Models with an Efficient Memory Mechanism},
year = {2024},
publisher = {Association for Computing Machinery},
booktitle = {Proceedings of the ACM Web Conference 2024},
pages = {1464â€“1473},
}

@inproceedings{NEURIPS2024_085185ea,
 author = {Shen, Yongliang and Song, Kaitao and Tan, Xu and Zhang, Wenqi and Ren, Kan and Yuan, Siyu and Lu, Weiming and Li, Dongsheng and Zhuang, Yueting},
 booktitle = {Advances in Neural Information Processing Systems},
 pages = {4540--4574},
 publisher = {Curran Associates, Inc.},
 title = {TaskBench: Benchmarking Large Language Models for Task Automation},
 volume = {37},
 year = {2024}
}

@inproceedings{NEURIPS2024_8a75ee6d,
 author = {Wang, Jize and Zerun, Ma and Li, Yining and Zhang, Songyang and Chen, Cailian and Chen, Kai and Le, Xinyi},
 booktitle = {Advances in Neural Information Processing Systems},
 pages = {75749--75790},
 publisher = {Curran Associates, Inc.},
 title = {GTA: A Benchmark for General Tool Agents},
 volume = {37},
 year = {2024}
}

@inproceedings{basu-etal-2024-api,
    title = "{API}-{BLEND}: A Comprehensive Corpora for Training and Benchmarking {API} {LLM}s",
    author = "Basu, Kinjal  and
      Abdelaziz, Ibrahim  and
      Chaudhury, Subhajit  and
      Dan, Soham  and
      Crouse, Maxwell  and
      Munawar, Asim  and
      Austel, Vernon  and
      Kumaravel, Sadhana  and
      Muthusamy, Vinod  and
      Kapanipathi, Pavan  and
      Lastras, Luis",
    booktitle = "Proceedings of the 62nd Annual Meeting of the Association for Computational Linguistics (Volume 1: Long Papers)",
    year = "2024",
    publisher = "Association for Computational Linguistics",
    pages = "12859--12870",
}

@inproceedings{cai2025large,
title={Large Language Models Empowered Personalized Web Agents},
author={Hongru Cai and Yongqi Li and Wenjie Wang and Fengbin ZHU and Xiaoyu Shen and Wenjie Li and Tat-Seng Chua},
booktitle={THE WEB CONFERENCE 2025},
year={2025},
}

@inproceedings{chen2024advancing,
title={Advancing Tool-Augmented Large Language Models: Integrating Insights from Errors in Inference Trees},
author={Sijia Chen and Yibo Wang and Yi-Feng Wu and Qing-Guo Chen and Zhao Xu and Weihua Luo and Kaifu Zhang and Lijun Zhang},
booktitle={The Thirty-eighth Annual Conference on Neural Information Processing Systems},
year={2024},
}

@inproceedings{chen2025learning,
title={Learning Evolving Tools for Large Language Models},
author={Guoxin Chen and Zhong Zhang and Xin Cong and Fangda Guo and Yesai Wu and Yankai Lin and Wenzheng Feng and Yasheng Wang},
booktitle={The Thirteenth International Conference on Learning Representations},
year={2025},
}

@inproceedings{fan2025workflowllm,
title={Workflow{LLM}: Enhancing Workflow Orchestration Capability of Large Language Models},
author={Shengda Fan and Xin Cong and Yuepeng Fu and Zhong Zhang and Shuyan Zhang and Yuanwei Liu and Yesai Wu and Yankai Lin and Zhiyuan Liu and Maosong Sun},
booktitle={The Thirteenth International Conference on Learning Representations},
year={2025},
}

@inproceedings{huang2024metatool,
title={MetaTool Benchmark for Large Language Models: Deciding Whether to Use Tools and Which to Use},
author={Yue Huang and Jiawen Shi and Yuan Li and Chenrui Fan and Siyuan Wu and Qihui Zhang and Yixin Liu and Pan Zhou and Yao Wan and Neil Zhenqiang Gong and Lichao Sun},
booktitle={The Twelfth International Conference on Learning Representations},
year={2024},
}

@inproceedings{liu2024socraticlm,
title={Socratic{LM}: Exploring Socratic Personalized Teaching with Large Language Models},
author={Jiayu Liu and Zhenya Huang and Tong Xiao and Jing Sha and Jinze Wu and Qi Liu and Shijin Wang and Enhong Chen},
booktitle={The Thirty-eighth Annual Conference on Neural Information Processing Systems},
year={2024},
}

@inproceedings{liu2025toolace,
title={Tool{ACE}: Enhancing Function Calling with Accuracy, Complexity, and Diversity},
author={Weiwen Liu and Xingshan Zeng and Xu Huang and xinlong hao and Shuai Yu and Dexun Li and Shuai Wang and Weinan Gan and Zhengying Liu and Yuanqing Yu and Zezhong WANG and Yuxian Wang and Wu Ning and Yutai Hou and Bin Wang and Chuhan Wu and Wang Xinzhi and Yong Liu and Yasheng Wang and Duyu Tang and Dandan Tu and Lifeng Shang and Xin Jiang and Ruiming Tang and Defu Lian and Qun Liu and Enhong Chen},
booktitle={The Thirteenth International Conference on Learning Representations},
year={2025},
}

@inproceedings{lyu-etal-2024-llm,
    title = "{LLM}-Rec: Personalized Recommendation via Prompting Large Language Models",
    author = "Lyu, Hanjia  and
      Jiang, Song  and
      Zeng, Hanqing  and
      Xia, Yinglong  and
      Wang, Qifan  and
      Zhang, Si  and
      Chen, Ren  and
      Leung, Chris  and
      Tang, Jiajie  and
      Luo, Jiebo",
    booktitle = "Findings of the Association for Computational Linguistics: NAACL 2024",
    year = "2024",
    publisher = "Association for Computational Linguistics",
    pages = "583--612",
}

@inproceedings{qiao2025benchmarking,
title={Benchmarking Agentic Workflow Generation},
author={Shuofei Qiao and Runnan Fang and Zhisong Qiu and Xiaobin Wang and Ningyu Zhang and Yong Jiang and Pengjun Xie and Fei Huang and Huajun Chen},
booktitle={The Thirteenth International Conference on Learning Representations},
year={2025},
}

@inproceedings{qu2025from,
title={From Exploration to Mastery: Enabling {LLM}s to Master Tools via Self-Driven Interactions},
author={Changle Qu and Sunhao Dai and Xiaochi Wei and Hengyi Cai and Shuaiqiang Wang and Dawei Yin and Jun Xu and Ji-Rong Wen},
booktitle={The Thirteenth International Conference on Learning Representations},
year={2025},
}

@inproceedings{shen2025shortcutsbench,
title={ShortcutsBench: A Large-Scale Real-world Benchmark for {API}-based Agents},
author={Haiyang SHEN and Yue Li and Desong Meng and Dongqi Cai and Sheng Qi and Li Zhang and Mengwei Xu and Yun Ma},
booktitle={The Thirteenth International Conference on Learning Representations},
year={2025},
}

@inproceedings{shi-etal-2024-learning,
    title = "Learning to Use Tools via Cooperative and Interactive Agents",
    author = "Shi, Zhengliang  and
      Gao, Shen  and
      Chen, Xiuyi  and
      Feng, Yue  and
      Yan, Lingyong  and
      Shi, Haibo  and
      Yin, Dawei  and
      Ren, Pengjie  and
      Verberne, Suzan  and
      Ren, Zhaochun",
    booktitle = "Findings of the Association for Computational Linguistics: EMNLP 2024",
    year = "2024",
    publisher = "Association for Computational Linguistics",
    pages = "10642--10657",
}

@inproceedings{tseng-etal-2024-two,
    title = "Two Tales of Persona in {LLM}s: A Survey of Role-Playing and Personalization",
    author = "Tseng, Yu-Min  and
      Huang, Yu-Chao  and
      Hsiao, Teng-Yun  and
      Chen, Wei-Lin  and
      Huang, Chao-Wei  and
      Meng, Yu  and
      Chen, Yun-Nung",
    booktitle = "Findings of the Association for Computational Linguistics: EMNLP 2024",
    year = "2024",
    publisher = "Association for Computational Linguistics",
    pages = "16612--16631",
}

@inproceedings{wang-etal-2023-target,
    title = "Target-oriented Proactive Dialogue Systems with Personalization: Problem Formulation and Dataset Curation",
    author = "Wang, Jian  and
      Cheng, Yi  and
      Lin, Dongding  and
      Leong, Chak  and
      Li, Wenjie",
    booktitle = "Proceedings of the 2023 Conference on Empirical Methods in Natural Language Processing",
    year = "2023",
    publisher = "Association for Computational Linguistics",
    pages = "1132--1143",
}

@inproceedings{wang-etal-2024-appbench,
    title = "{A}pp{B}ench: Planning of Multiple {API}s from Various {APP}s for Complex User Instruction",
    author = "Wang, Hongru  and
      Wang, Rui  and
      Xue, Boyang  and
      Xia, Heming  and
      Cao, Jingtao  and
      Liu, Zeming  and
      Pan, Jeff Z.  and
      Wong, Kam-Fai",
    booktitle = "Proceedings of the 2024 Conference on Empirical Methods in Natural Language Processing",
    month = nov,
    year = "2024",
    publisher = "Association for Computational Linguistics",
    pages = "15322--15336",
}

@inproceedings{wang2025mtubench,
title={{MTU}-Bench: A Multi-granularity Tool-Use Benchmark for Large Language Models},
author={Pei Wang and Yanan Wu and Noah Wang and Jiaheng Liu and Xiaoshuai Song and Z.Y. Peng and Ken Deng and Chenchen Zhang and JiakaiWang and Junran Peng and Ge Zhang and Hangyu Guo and Zhaoxiang Zhang and Wenbo Su and Bo Zheng},
booktitle={The Thirteenth International Conference on Learning Representations},
year={2025},
}

@inproceedings{xu-etal-2024-enhancing-tool,
    title = "Enhancing Tool Retrieval with Iterative Feedback from Large Language Models",
    author = "Xu, Qiancheng  and
      Li, Yongqi  and
      Xia, Heming  and
      Li, Wenjie",
    booktitle = "Findings of the Association for Computational Linguistics: EMNLP 2024",
    year = "2024",
    publisher = "Association for Computational Linguistics",
    pages = "9609--9619",
}

@inproceedings{ye-etal-2024-rotbench,
    title = "{R}o{TB}ench: A Multi-Level Benchmark for Evaluating the Robustness of Large Language Models in Tool Learning",
    author = "Ye, Junjie  and
      Wu, Yilong  and
      Gao, Songyang  and
      Huang, Caishuang  and
      Li, Sixian  and
      Li, Guanyu  and
      Fan, Xiaoran  and
      Zhang, Qi  and
      Gui, Tao  and
      Huang, Xuanjing",
    booktitle = "Proceedings of the 2024 Conference on Empirical Methods in Natural Language Processing",
    year = "2024",
    publisher = "Association for Computational Linguistics",
    pages = "313--333",
}

@inproceedings{yuan-etal-2025-personalized,
    title = "Personalized Large Language Model Assistant with Evolving Conditional Memory",
    author = "Yuan, Ruifeng  and
      Sun, Shichao  and
      Li, Yongqi  and
      Wang, Zili  and
      Cao, Ziqiang  and
      Li, Wenjie",
    booktitle = "Proceedings of the 31st International Conference on Computational Linguistics",
    year = "2025",
    publisher = "Association for Computational Linguistics",
    pages = "3764--3777",
}

@inproceedings{yuan2024easytool,
title={{EASYTOOL}: Enhancing {LLM}-based Agents with Concise Tool Instruction},
author={Siyu Yuan and Kaitao Song and Jiangjie Chen and Xu Tan and Yongliang Shen and Kan Ren and Dongsheng Li and Deqing Yang},
booktitle={ICLR 2024 Workshop on Large Language Model (LLM) Agents},
year={2024},
}

@inproceedings{zhuang2024toolchain,
title={ToolChain*: Efficient Action Space Navigation in Large Language Models with A* Search},
author={Yuchen Zhuang and Xiang Chen and Tong Yu and Saayan Mitra and Victor Bursztyn and Ryan A. Rossi and Somdeb Sarkhel and Chao Zhang},
booktitle={The Twelfth International Conference on Learning Representations},
year={2024},
}

