@inproceedings{DiPrompT,
  title={DiPrompT: Disentangled Prompt Tuning for Multiple Latent Domain Generalization in Federated Learning},
  author={Bai, Sikai and Zhang, Jie and Guo, Song and Li, Shuaicheng and Guo, Jingcai and Hou, Jun and Han, Tao and Lu, Xiaocheng},
  booktitle={Proceedings of the IEEE/CVF Conference on Computer Vision and Pattern Recognition},
  pages={27284--27293},
  year={2024}
}

@article{MEIMT,
  title={Mass-editing memory in a transformer},
  author={Meng, Kevin and Sharma, Arnab Sen and Andonian, Alex and Belinkov, Yonatan and Bau, David},
  journal={arXiv preprint arXiv:2210.07229},
  year={2022}
}

@inproceedings{PMET,
  title={Pmet: Precise model editing in a transformer},
  author={Li, Xiaopeng and Li, Shasha and Song, Shezheng and Yang, Jing and Ma, Jun and Yu, Jie},
  booktitle={Proceedings of the AAAI Conference on Artificial Intelligence},
  volume={38},
  number={17},
  pages={18564--18572},
  year={2024}
}

@article{ROME,
  title={Locating and editing factual associations in GPT},
  author={Meng, Kevin and Bau, David and Andonian, Alex and Belinkov, Yonatan},
  journal={Advances in Neural Information Processing Systems},
  volume={35},
  pages={17359--17372},
  year={2022}
}

@article{fl-llm,
  title={Integration of large language models and federated learning},
  author={Chen, Chaochao and Feng, Xiaohua and Li, Yuyuan and Lyu, Lingjuan and Zhou, Jun and Zheng, Xiaolin and Yin, Jianwei},
  journal={Patterns},
  volume={5},
  number={12},
  year={2024},
  publisher={Elsevier}
}

@article{fl-llm-non-iid,
  title={Where to begin? on the impact of pre-training and initialization in federated learning},
  author={Nguyen, John and Wang, Jianyu and Malik, Kshitiz and Sanjabi, Maziar and Rabbat, Michael},
  journal={arXiv preprint arXiv:2206.15387},
  year={2022}
}

@article{fl-llm-time1,
  title={Federated learning from pre-trained models: A contrastive learning approach},
  author={Tan, Yue and Long, Guodong and Ma, Jie and Liu, Lu and Zhou, Tianyi and Jiang, Jing},
  journal={Advances in neural information processing systems},
  volume={35},
  pages={19332--19344},
  year={2022}
}

@inproceedings{fl-llm-time2,
  title={Language-Guided Transformer for Federated Multi-Label Classification},
  author={Liu, I-Jieh and Lin, Ci-Siang and Yang, Fu-En and Wang, Yu-Chiang Frank},
  booktitle={Proceedings of the AAAI Conference on Artificial Intelligence},
  volume={38},
  number={12},
  pages={13882--13890},
  year={2024}
}

@inproceedings{locate-then-edit-1,
  title={Memory-based model editing at scale},
  author={Mitchell, Eric and Lin, Charles and Bosselut, Antoine and Manning, Christopher D and Finn, Chelsea},
  booktitle={International Conference on Machine Learning},
  pages={15817--15831},
  year={2022},
  organization={PMLR}
}

@article{locate-then-edit-2,
  title={Editing large language models: Problems, methods, and opportunities},
  author={Yao, Yunzhi and Wang, Peng and Tian, Bozhong and Cheng, Siyuan and Li, Zhoubo and Deng, Shumin and Chen, Huajun and Zhang, Ningyu},
  journal={arXiv preprint arXiv:2305.13172},
  year={2023}
}

@article{personlization,
  title={Visual prompt based personalized federated learning},
  author={Li, Guanghao and Wu, Wansen and Sun, Yan and Shen, Li and Wu, Baoyuan and Tao, Dacheng},
  journal={arXiv preprint arXiv:2303.08678},
  year={2023}
}

@inproceedings{pre-fl1,
  title={Practical Takes on Federated Learning with Pretrained Language Models},
  author={Agarwal, Ankur and Rezagholizadeh, Mehdi and Parthasarathi, Prasanna},
  booktitle={Findings of the Association for Computational Linguistics: EACL 2023},
  pages={454--471},
  year={2023}
}

@article{pre-fl2,
  title={Next-chat: An lmm for chat, detection and segmentation},
  author={Zhang, Ao and Zhao, Liming and Xie, Chen-Wei and Zheng, Yun and Ji, Wei and Chua, Tat-Seng},
  journal={arXiv preprint arXiv:2311.04498},
  year={2023}
}

@article{promptfl,
  title={Promptfl: Let federated participants cooperatively learn prompts instead of models-federated learning in age of foundation model},
  author={Guo, Tao and Guo, Song and Wang, Junxiao and Tang, Xueyang and Xu, Wenchao},
  journal={IEEE Transactions on Mobile Computing},
  year={2023},
  publisher={IEEE}
}

