@misc{chen2023fireact,
      title={FireAct: Toward Language Agent Fine-tuning}, 
      author={Baian Chen and Chang Shu and Ehsan Shareghi and Nigel Collier and Karthik Narasimhan and Shunyu Yao},
      year={2023},
      eprint={2310.05915},
      archivePrefix={arXiv},
      primaryClass={cs.CL}
}

@article{choudhury2024better,
  title={Better than Your Teacher: LLM Agents that learn from Privileged AI Feedback},
  author={Choudhury, Sanjiban and Sodhi, Paloma},
  journal={arXiv preprint arXiv:2410.05434},
  year={2024}
}

@article{cobbe2021training,
  title={Training verifiers to solve math word problems},
  author={Cobbe, Karl and Kosaraju, Vineet and Bavarian, Mohammad and Chen, Mark and Jun, Heewoo and Kaiser, Lukasz and Plappert, Matthias and Tworek, Jerry and Hilton, Jacob and Nakano, Reiichiro and others},
  journal={arXiv preprint arXiv:2110.14168},
  year={2021}
}

@article{havrilla2024teaching,
  title={Teaching large language models to reason with reinforcement learning},
  author={Havrilla, Alex and Du, Yuqing and Raparthy, Sharath Chandra and Nalmpantis, Christoforos and Dwivedi-Yu, Jane and Zhuravinskyi, Maksym and Hambro, Eric and Sukhbaatar, Sainbayar and Raileanu, Roberta},
  journal={arXiv preprint arXiv:2403.04642},
  year={2024}
}

@article{lightman2023let,
  title={Let's verify step by step},
  author={Lightman, Hunter and Kosaraju, Vineet and Burda, Yura and Edwards, Harri and Baker, Bowen and Lee, Teddy and Leike, Jan and Schulman, John and Sutskever, Ilya and Cobbe, Karl},
  journal={arXiv preprint arXiv:2305.20050},
  year={2023}
}

@article{liu2023agentbench,
  title={Agentbench: Evaluating llms as agents},
  author={Liu, Xiao and Yu, Hao and Zhang, Hanchen and Xu, Yifan and Lei, Xuanyu and Lai, Hanyu and Gu, Yu and Ding, Hangliang and Men, Kaiwen and Yang, Kejuan and others},
  journal={arXiv preprint arXiv:2308.03688},
  year={2023}
}

@article{luo2024improve,
  title={Improve Mathematical Reasoning in Language Models by Automated Process Supervision},
  author={Luo, Liangchen and Liu, Yinxiao and Liu, Rosanne and Phatale, Samrat and Lara, Harsh and Li, Yunxuan and Shu, Lei and Zhu, Yun and Meng, Lei and Sun, Jiao and others},
  journal={arXiv preprint arXiv:2406.06592},
  year={2024}
}

@article{ma2023let,
  title={Let's reward step by step: Step-Level reward model as the Navigators for Reasoning},
  author={Ma, Qianli and Zhou, Haotian and Liu, Tingkai and Yuan, Jianbo and Liu, Pengfei and You, Yang and Yang, Hongxia},
  journal={arXiv preprint arXiv:2310.10080},
  year={2023}
}

@article{schick2023toolformer,
  title={Toolformer: Language models can teach themselves to use tools},
  author={Schick, Timo and Dwivedi-Yu, Jane and Dess{\`\i}, Roberto and Raileanu, Roberta and Lomeli, Maria and Zettlemoyer, Luke and Cancedda, Nicola and Scialom, Thomas},
  journal={arXiv preprint arXiv:2302.04761},
  year={2023}
}

@article{setlur2024rewarding,
  title={Rewarding progress: Scaling automated process verifiers for llm reasoning},
  author={Setlur, Amrith and Nagpal, Chirag and Fisch, Adam and Geng, Xinyang and Eisenstein, Jacob and Agarwal, Rishabh and Agarwal, Alekh and Berant, Jonathan and Kumar, Aviral},
  journal={arXiv preprint arXiv:2410.08146},
  year={2024}
}

@article{shao2024deepseekmath,
  title={Deepseekmath: Pushing the limits of mathematical reasoning in open language models},
  author={Shao, Zhihong and Wang, Peiyi and Zhu, Qihao and Xu, Runxin and Song, Junxiao and Bi, Xiao and Zhang, Haowei and Zhang, Mingchuan and Li, YK and Wu, Y and others},
  journal={arXiv preprint arXiv:2402.03300},
  year={2024}
}

@article{shinn2023reflexion,
  title={Reflexion: Language Agents with Verbal Reinforcement Learning.(2023)},
  author={Shinn, Noah and Cassano, Federico and Labash, Beck and Gopinath, Ashwin and Narasimhan, Karthik and Yao, Shunyu},
  journal={arXiv preprint cs.AI/2303.11366},
  year={2023}
}

@article{snell2024scaling,
  title={Scaling llm test-time compute optimally can be more effective than scaling model parameters},
  author={Snell, Charlie and Lee, Jaehoon and Xu, Kelvin and Kumar, Aviral},
  journal={arXiv preprint arXiv:2408.03314},
  year={2024}
}

@inproceedings{sodhi2024step,
  title={SteP: Stacked llm policies for web actions},
  author={Sodhi, Paloma and Branavan, SRK and Artzi, Yoav and McDonald, Ryan},
  booktitle=colm,
  year={2024}
}

@article{sun2024adaplanner,
  title={Adaplanner: Adaptive planning from feedback with language models},
  author={Sun, Haotian and Zhuang, Yuchen and Kong, Lingkai and Dai, Bo and Zhang, Chao},
  journal={Advances in Neural Information Processing Systems},
  volume={36},
  year={2024}
}

@article{uesato2022solving,
  title={Solving math word problems with process-and outcome-based feedback},
  author={Uesato, Jonathan and Kushman, Nate and Kumar, Ramana and Song, Francis and Siegel, Noah and Wang, Lisa and Creswell, Antonia and Irving, Geoffrey and Higgins, Irina},
  journal={arXiv preprint arXiv:2211.14275},
  year={2022}
}

@inproceedings{wang2024math,
  title={Math-shepherd: Verify and reinforce llms step-by-step without human annotations},
  author={Wang, Peiyi and Li, Lei and Shao, Zhihong and Xu, Runxin and Dai, Damai and Li, Yifei and Chen, Deli and Wu, Yu and Sui, Zhifang},
  booktitle={Proceedings of the 62nd Annual Meeting of the Association for Computational Linguistics (Volume 1: Long Papers)},
  pages={9426--9439},
  year={2024}
}

@article{wu2024inference,
  title={Inference scaling laws: An empirical analysis of compute-optimal inference for problem-solving with language models},
  author={Wu, Yangzhen and Sun, Zhiqing and Li, Shanda and Welleck, Sean and Yang, Yiming},
  journal={arXiv preprint arXiv:2408.00724},
  year={2024}
}

@article{yao2022react,
  title={React: Synergizing reasoning and acting in language models},
  author={Yao, Shunyu and Zhao, Jeffrey and Yu, Dian and Du, Nan and Shafran, Izhak and Narasimhan, Karthik and Cao, Yuan},
  journal={arXiv preprint arXiv:2210.03629},
  year={2022}
}

@article{zeng2023agenttuning,
  title={Agenttuning: Enabling generalized agent abilities for llms},
  author={Zeng, Aohan and Liu, Mingdao and Lu, Rui and Wang, Bowen and Liu, Xiao and Dong, Yuxiao and Tang, Jie},
  journal={arXiv preprint arXiv:2310.12823},
  year={2023}
}

@article{zhou2024archer,
  title={Archer: Training language model agents via hierarchical multi-turn rl},
  author={Zhou, Yifei and Zanette, Andrea and Pan, Jiayi and Levine, Sergey and Kumar, Aviral},
  journal={arXiv preprint arXiv:2402.19446},
  year={2024}
}

