%%%%%%%%%%%%%%%%%%%%%%%%%%%%%%%%%%%%%%%%%%%%%%%%%%%%%%%%%%%%%%%%%%%%%%%%%%%%%
% references.bib
%%%%%%%%%%%%%%%%%%%%%%%%%%%%%%%%%%%%%%%%%%%%%%%%%%%%%%%%%%%%%%%%%%%%%%%%%%%%%

@string{iclr = "International Conference on Learning Representations (ICLR)"}
@string{icml = "International Conference on Machine Learning (ICML)"}
@string{neurips = "Advances in Neural Information Processing Systems (NeurIPS)"}
@string{ijcai = "Intl. Joint Conf. on Artificial Intelligence"}
@string{aaai = "AAAI Conf. on Artificial Intelligence"}
@string{aistats = "Artificial Intelligence and Statistics (AISTATS)"}
@string{naacl = "Proc. North American Chapter of the Association for Computational Linguistics (NAACL)"}
@string{acl = "Annual Conference of the Association for Computational Linguistics (ACL)"}
@string{emnlp = "Empirical Methods in Natural Language Processing (EMNLP)"}
@string{colm = "Conference on Language Modeling (COLM)"}
@string{corl = "Conference on Robot Learning (CoRL)"}
@string{rss = "Robotics: Science and Systems (RSS)"}
@string{icra = "IEEE Intl. Conf. on Robotics and Automation (ICRA)"}
@string{iros = "IEEE/RSJ Intl. Conf. on Intelligent Robots and Systems (IROS)"}
@string{iccv = "Intl. Conf. on Computer Vision (ICCV)"}
@string{cvpr = "Proc. {IEEE} Int. Conf. Computer Vision and Pattern Recognition"}
@string{eccv = "Eur. Conf. on Computer Vision (ECCV)"}
@string{siggraph = "SIGGRAPH"}

@inproceedings{agarwal2020model,
  title={Model-based reinforcement learning with a generative model is minimax optimal},
  author={Agarwal, Alekh and Kakade, Sham and Yang, Lin F},
  booktitle={Conference on Learning Theory},
  pages={67--83},
  year={2020},
  organization={PMLR}
}

@article{andrychowicz2020learning,
  title={Learning dexterous in-hand manipulation},
  author={Andrychowicz, OpenAI: Marcin and Baker, Bowen and Chociej, Maciek and Jozefowicz, Rafal and McGrew, Bob and Pachocki, Jakub and Petron, Arthur and Plappert, Matthias and Powell, Glenn and Ray, Alex and others},
  journal={The International Journal of Robotics Research},
  volume={39},
  number={1},
  pages={3--20},
  year={2020},
  publisher={SAGE Publications Sage UK: London, England}
}

@article{abbeel2006application,
  title={An application of reinforcement learning to aerobatic helicopter flight},
  author={Abbeel, Pieter and Coates, Adam and Quigley, Morgan and Ng, Andrew},
  journal={Advances in neural information processing systems},
  volume={19},
  year={2006}
}

@article{ross2014reinforcement,
  title={Reinforcement and imitation learning via interactive no-regret learning},
  author={Ross, Stephane and Bagnell, J Andrew},
  journal={arXiv preprint arXiv:1406.5979},
  year={2014}
}

@article{osband2013more,
  title={(More) efficient reinforcement learning via posterior sampling},
  author={Osband, Ian and Russo, Daniel and Van Roy, Benjamin},
  journal={Advances in Neural Information Processing Systems},
  volume={26},
  year={2013}
}

@article{bagnell2003policy,
  title={Policy search by dynamic programming},
  author={Bagnell, James and Kakade, Sham M and Schneider, Jeff and Ng, Andrew},
  journal={Advances in neural information processing systems},
  volume={16},
  year={2003}
}

@inproceedings{swamy2023inverse,
  title={Inverse reinforcement learning without reinforcement learning},
  author={Swamy, Gokul and Wu, David and Choudhury, Sanjiban and Bagnell, Drew and Wu, Steven},
  booktitle={International Conference on Machine Learning},
  pages={33299--33318},
  year={2023},
  organization={PMLR}
}

@inproceedings{xie2020q,
  title={Q* approximation schemes for batch reinforcement learning: A theoretical comparison},
  author={Xie, Tengyang and Jiang, Nan},
  booktitle={Conference on Uncertainty in Artificial Intelligence},
  pages={550--559},
  year={2020},
  organization={PMLR}
}

@article{garg2021iq,
  title={Iq-learn: Inverse soft-q learning for imitation},
  author={Garg, Divyansh and Chakraborty, Shuvam and Cundy, Chris and Song, Jiaming and Ermon, Stefano},
  journal={Advances in Neural Information Processing Systems},
  volume={34},
  pages={4028--4039},
  year={2021}
}

@article{pan2022effects,
  title={The effects of reward misspecification: Mapping and mitigating misaligned models},
  author={Pan, Alexander and Bhatia, Kush and Steinhardt, Jacob},
  journal={arXiv preprint arXiv:2201.03544},
  year={2022}
}

@article{bradley1952rank,
  title={Rank analysis of incomplete block designs: I. The method of paired comparisons},
  author={Bradley, Ralph Allan and Terry, Milton E},
  journal={Biometrika},
  volume={39},
  number={3/4},
  pages={324--345},
  year={1952},
  publisher={JSTOR}
}

@misc{krakovna2020specification,
  author    = {Victoria Krakovna},
  title     = {Specification gaming: the flip side of AI ingenuity},
  year      = {2020},
  howpublished = {DeepMind Blog},
  url       = {https://deepmind.google/discover/blog/specification-gaming-the-flip-side-of-ai-ingenuity/},
  note      = {Accessed: 2025-02-12}
}

@misc{weng2024rewardhacking,
  author    = {Lilian Weng},
  title     = {Reward Hacking},
  year      = {2024},
  howpublished = {Blog post},
  url       = {https://lilianweng.github.io/posts/2024-11-28-reward-hacking/},
  note      = {Accessed: 2025-02-12}
}

@inproceedings{haarnoja2018soft,
  title={Soft actor-critic: Off-policy maximum entropy deep reinforcement learning with a stochastic actor},
  author={Haarnoja, Tuomas and Zhou, Aurick and Abbeel, Pieter and Levine, Sergey},
  booktitle={International conference on machine learning},
  pages={1861--1870},
  year={2018},
  organization={PMLR}
}

@misc{vonwerra2022trl,
  author = {Leandro von Werra and Younes Belkada and Lewis Tunstall and Edward Beeching and Tristan Thrush and Nathan Lambert and Shengyi Huang and Kashif Rasul and Quentin Gallouédec},
  title = {TRL: Transformer Reinforcement Learning},
  year = {2020},
  publisher = {GitHub},
  journal = {GitHub repository},
  howpublished = {\url{https://github.com/huggingface/trl}}
}

@article{guo2025deepseek,
  title={Deepseek-r1: Incentivizing reasoning capability in llms via reinforcement learning},
  author={Guo, Daya and Yang, Dejian and Zhang, Haowei and Song, Junxiao and Zhang, Ruoyu and Xu, Runxin and Zhu, Qihao and Ma, Shirong and Wang, Peiyi and Bi, Xiao and others},
  journal={arXiv preprint arXiv:2501.12948},
  year={2025}
}

@article{jimenez2023swe,
  title={Swe-bench: Can language models resolve real-world github issues?},
  author={Jimenez, Carlos E and Yang, John and Wettig, Alexander and Yao, Shunyu and Pei, Kexin and Press, Ofir and Narasimhan, Karthik},
  journal={arXiv preprint arXiv:2310.06770},
  year={2023}
}

@article{black2024pi_0,
  title={pi0: A Vision-Language-Action Flow Model for General Robot Control},
  author={Black, Kevin and Brown, Noah and Driess, Danny and Esmail, Adnan and Equi, Michael and Finn, Chelsea and Fusai, Niccolo and Groom, Lachy and Hausman, Karol and Ichter, Brian and others},
  journal={arXiv preprint arXiv:2410.24164},
  year={2024}
}

@misc{ivison2024unpacking,
      title={Unpacking DPO and PPO: Disentangling Best Practices for Learning from Preference Feedback}, 
      author={Hamish Ivison and Yizhong Wang and Jiacheng Liu and Zeqiu Wu and Valentina Pyatkin and Nathan Lambert and Noah A. Smith and Yejin Choi and Hannaneh Hajishirzi},
      year={2024},
      eprint={2406.09279},
      archivePrefix={arXiv},
      primaryClass={cs.CL},
}

@article{lambert2024tulu3,
  title = {Tülu 3: Pushing Frontiers in Open Language Model Post-Training},
  author = {
    Nathan Lambert and Jacob Morrison and Valentina Pyatkin and Shengyi Huang and Hamish Ivison and Faeze Brahman and Lester James V. Miranda and Alisa Liu and Nouha Dziri and Shane Lyu and Yuling Gu and Saumya Malik and Victoria Graf and Jena D. Hwang and Jiangjiang Yang and Ronan Le Bras and Oyvind Tafjord and Chris Wilhelm and Luca Soldaini and Noah A. Smith and Yizhong Wang and Pradeep Dasigi and Hannaneh Hajishirzi
  },
  year = {2024},
  email = {tulu@allenai.org}
}

@article{zhou2024archer,
  title={Archer: Training language model agents via hierarchical multi-turn rl},
  author={Zhou, Yifei and Zanette, Andrea and Pan, Jiayi and Levine, Sergey and Kumar, Aviral},
  journal={arXiv preprint arXiv:2402.19446},
  year={2024}
}

@article{choudhury2024better,
  title={Better than Your Teacher: LLM Agents that learn from Privileged AI Feedback},
  author={Choudhury, Sanjiban and Sodhi, Paloma},
  journal={arXiv preprint arXiv:2410.05434},
  year={2024}
}

@article{zeng2023agenttuning,
  title={Agenttuning: Enabling generalized agent abilities for llms},
  author={Zeng, Aohan and Liu, Mingdao and Lu, Rui and Wang, Bowen and Liu, Xiao and Dong, Yuxiao and Tang, Jie},
  journal={arXiv preprint arXiv:2310.12823},
  year={2023}
}

@article{liu2023agentbench,
  title={Agentbench: Evaluating llms as agents},
  author={Liu, Xiao and Yu, Hao and Zhang, Hanchen and Xu, Yifan and Lei, Xuanyu and Lai, Hanyu and Gu, Yu and Ding, Hangliang and Men, Kaiwen and Yang, Kejuan and others},
  journal={arXiv preprint arXiv:2308.03688},
  year={2023}
}

@misc{chen2023fireact,
      title={FireAct: Toward Language Agent Fine-tuning}, 
      author={Baian Chen and Chang Shu and Ehsan Shareghi and Nigel Collier and Karthik Narasimhan and Shunyu Yao},
      year={2023},
      eprint={2310.05915},
      archivePrefix={arXiv},
      primaryClass={cs.CL}
}

@article{havrilla2024teaching,
  title={Teaching large language models to reason with reinforcement learning},
  author={Havrilla, Alex and Du, Yuqing and Raparthy, Sharath Chandra and Nalmpantis, Christoforos and Dwivedi-Yu, Jane and Zhuravinskyi, Maksym and Hambro, Eric and Sukhbaatar, Sainbayar and Raileanu, Roberta},
  journal={arXiv preprint arXiv:2403.04642},
  year={2024}
}

@article{kazemnejad2024vineppo,
  title={Vineppo: Unlocking rl potential for llm reasoning through refined credit assignment},
  author={Kazemnejad, Amirhossein and Aghajohari, Milad and Portelance, Eva and Sordoni, Alessandro and Reddy, Siva and Courville, Aaron and Roux, Nicolas Le},
  journal={arXiv preprint arXiv:2410.01679},
  year={2024}
}

@article{setlur2024rewarding,
  title={Rewarding progress: Scaling automated process verifiers for llm reasoning},
  author={Setlur, Amrith and Nagpal, Chirag and Fisch, Adam and Geng, Xinyang and Eisenstein, Jacob and Agarwal, Rishabh and Agarwal, Alekh and Berant, Jonathan and Kumar, Aviral},
  journal={arXiv preprint arXiv:2410.08146},
  year={2024}
}

@article{wu2024inference,
  title={Inference scaling laws: An empirical analysis of compute-optimal inference for problem-solving with language models},
  author={Wu, Yangzhen and Sun, Zhiqing and Li, Shanda and Welleck, Sean and Yang, Yiming},
  journal={arXiv preprint arXiv:2408.00724},
  year={2024}
}

@article{ma2023let,
  title={Let's reward step by step: Step-Level reward model as the Navigators for Reasoning},
  author={Ma, Qianli and Zhou, Haotian and Liu, Tingkai and Yuan, Jianbo and Liu, Pengfei and You, Yang and Yang, Hongxia},
  journal={arXiv preprint arXiv:2310.10080},
  year={2023}
}

@article{snell2024scaling,
  title={Scaling llm test-time compute optimally can be more effective than scaling model parameters},
  author={Snell, Charlie and Lee, Jaehoon and Xu, Kelvin and Kumar, Aviral},
  journal={arXiv preprint arXiv:2408.03314},
  year={2024}
}

@article{shao2024deepseekmath,
  title={Deepseekmath: Pushing the limits of mathematical reasoning in open language models},
  author={Shao, Zhihong and Wang, Peiyi and Zhu, Qihao and Xu, Runxin and Song, Junxiao and Bi, Xiao and Zhang, Haowei and Zhang, Mingchuan and Li, YK and Wu, Y and others},
  journal={arXiv preprint arXiv:2402.03300},
  year={2024}
}

@inproceedings{wang2024math,
  title={Math-shepherd: Verify and reinforce llms step-by-step without human annotations},
  author={Wang, Peiyi and Li, Lei and Shao, Zhihong and Xu, Runxin and Dai, Damai and Li, Yifei and Chen, Deli and Wu, Yu and Sui, Zhifang},
  booktitle={Proceedings of the 62nd Annual Meeting of the Association for Computational Linguistics (Volume 1: Long Papers)},
  pages={9426--9439},
  year={2024}
}

@article{luo2024improve,
  title={Improve Mathematical Reasoning in Language Models by Automated Process Supervision},
  author={Luo, Liangchen and Liu, Yinxiao and Liu, Rosanne and Phatale, Samrat and Lara, Harsh and Li, Yunxuan and Shu, Lei and Zhu, Yun and Meng, Lei and Sun, Jiao and others},
  journal={arXiv preprint arXiv:2406.06592},
  year={2024}
}

@article{uesato2022solving,
  title={Solving math word problems with process-and outcome-based feedback},
  author={Uesato, Jonathan and Kushman, Nate and Kumar, Ramana and Song, Francis and Siegel, Noah and Wang, Lisa and Creswell, Antonia and Irving, Geoffrey and Higgins, Irina},
  journal={arXiv preprint arXiv:2211.14275},
  year={2022}
}

@article{lightman2023let,
  title={Let's verify step by step},
  author={Lightman, Hunter and Kosaraju, Vineet and Burda, Yura and Edwards, Harri and Baker, Bowen and Lee, Teddy and Leike, Jan and Schulman, John and Sutskever, Ilya and Cobbe, Karl},
  journal={arXiv preprint arXiv:2305.20050},
  year={2023}
}

@article{cobbe2021training,
  title={Training verifiers to solve math word problems},
  author={Cobbe, Karl and Kosaraju, Vineet and Bavarian, Mohammad and Chen, Mark and Jun, Heewoo and Kaiser, Lukasz and Plappert, Matthias and Tworek, Jerry and Hilton, Jacob and Nakano, Reiichiro and others},
  journal={arXiv preprint arXiv:2110.14168},
  year={2021}
}

@inproceedings{kwon2023efficient,
  title={Efficient Memory Management for Large Language Model Serving with PagedAttention},
  author={Woosuk Kwon and Zhuohan Li and Siyuan Zhuang and Ying Sheng and Lianmin Zheng and Cody Hao Yu and Joseph E. Gonzalez and Hao Zhang and Ion Stoica},
  booktitle={Proceedings of the ACM SIGOPS 29th Symposium on Operating Systems Principles},
  year={2023}
}

@article{zheng2024sglang,
  title={Sglang: Efficient execution of structured language model programs},
  author={Zheng, Lianmin and Yin, Liangsheng and Xie, Zhiqiang and Sun, Chuyue and Huang, Jeff and Yu, Cody Hao and Cao, Shiyi and Kozyrakis, Christos and Stoica, Ion and Gonzalez, Joseph E and others},
  journal={arXiv preprint arXiv:2312.07104},
  year={2024}
}


@inproceedings{zhao2024expel,
  title={Expel: Llm agents are experiential learners},
  author={Zhao, Andrew and Huang, Daniel and Xu, Quentin and Lin, Matthieu and Liu, Yong-Jin and Huang, Gao},
  booktitle={Proceedings of the AAAI Conference on Artificial Intelligence},
  volume={38},
  number={17},
  pages={19632--19642},
  year={2024}
}

@article{sun2024adaplanner,
  title={Adaplanner: Adaptive planning from feedback with language models},
  author={Sun, Haotian and Zhuang, Yuchen and Kong, Lingkai and Dai, Bo and Zhang, Chao},
  journal={Advances in Neural Information Processing Systems},
  volume={36},
  year={2024}
}

@article{wu2023autogen,
  title={Autogen: Enabling next-gen llm applications via multi-agent conversation framework},
  author={Wu, Qingyun and Bansal, Gagan and Zhang, Jieyu and Wu, Yiran and Zhang, Shaokun and Zhu, Erkang and Li, Beibin and Jiang, Li and Zhang, Xiaoyun and Wang, Chi},
  journal={arXiv preprint arXiv:2308.08155},
  year={2023}
}

@article{khot2022decomposed,
  title={Decomposed prompting: A modular approach for solving complex tasks},
  author={Khot, Tushar and Trivedi, Harsh and Finlayson, Matthew and Fu, Yao and Richardson, Kyle and Clark, Peter and Sabharwal, Ashish},
  journal={arXiv preprint arXiv:2210.02406},
  year={2022}
}

@article{liu2024lost,
  title={Lost in the middle: How language models use long contexts},
  author={Liu, Nelson F and Lin, Kevin and Hewitt, John and Paranjape, Ashwin and Bevilacqua, Michele and Petroni, Fabio and Liang, Percy},
  journal={Transactions of the Association for Computational Linguistics},
  volume={12},
  pages={157--173},
  year={2024},
  publisher={MIT Press One Broadway, 12th Floor, Cambridge, Massachusetts 02142, USA~…}
}

@inproceedings{kakade2002approximately,
  title={Approximately optimal approximate reinforcement learning},
  author={Kakade, Sham and Langford, John},
  booktitle={Proceedings of the Nineteenth International Conference on Machine Learning},
  pages={267--274},
  year={2002}
}

@article{ethayarajh2024kto,
  title={Kto: Model alignment as prospect theoretic optimization},
  author={Ethayarajh, Kawin and Xu, Winnie and Muennighoff, Niklas and Jurafsky, Dan and Kiela, Douwe},
  journal={arXiv preprint arXiv:2402.01306},
  year={2024}
}

@article{rafailov2024direct,
  title={Direct preference optimization: Your language model is secretly a reward model},
  author={Rafailov, Rafael and Sharma, Archit and Mitchell, Eric and Manning, Christopher D and Ermon, Stefano and Finn, Chelsea},
  journal={Advances in Neural Information Processing Systems},
  volume={36},
  year={2024}
}

@article{zheng2023judging,
  title={Judging llm-as-a-judge with mt-bench and chatbot arena},
  author={Zheng, Lianmin and Chiang, Wei-Lin and Sheng, Ying and Zhuang, Siyuan and Wu, Zhanghao and Zhuang, Yonghao and Lin, Zi and Li, Zhuohan and Li, Dacheng and Xing, Eric and others},
  journal={Advances in Neural Information Processing Systems},
  volume={36},
  pages={46595--46623},
  year={2023}
}

@article{pan2023automatically,
  title={Automatically correcting large language models: Surveying the landscape of diverse self-correction strategies},
  author={Pan, Liangming and Saxon, Michael and Xu, Wenda and Nathani, Deepak and Wang, Xinyi and Wang, William Yang},
  journal={arXiv preprint arXiv:2308.03188},
  year={2023}
}

@article{hosseini2024v,
  title={V-star: Training verifiers for self-taught reasoners},
  author={Hosseini, Arian and Yuan, Xingdi and Malkin, Nikolay and Courville, Aaron and Sordoni, Alessandro and Agarwal, Rishabh},
  journal={arXiv preprint arXiv:2402.06457},
  year={2024}
}

@article{pang2024iterative,
  title={Iterative reasoning preference optimization},
  author={Pang, Richard Yuanzhe and Yuan, Weizhe and Cho, Kyunghyun and He, He and Sukhbaatar, Sainbayar and Weston, Jason},
  journal={arXiv preprint arXiv:2404.19733},
  year={2024}
}

@article{olausson2023demystifying,
  title={Demystifying gpt self-repair for code generation},
  author={Olausson, Theo X and Inala, Jeevana Priya and Wang, Chenglong and Gao, Jianfeng and Solar-Lezama, Armando},
  journal={arXiv preprint arXiv:2306.09896},
  year={2023}
}

@article{ganguli2023capacity,
  title={The capacity for moral self-correction in large language models},
  author={Ganguli, Deep and Askell, Amanda and Schiefer, Nicholas and Liao, Thomas I and Luko{\v{s}}i{\=u}t{\.e}, Kamil{\.e} and Chen, Anna and Goldie, Anna and Mirhoseini, Azalia and Olsson, Catherine and Hernandez, Danny and others},
  journal={arXiv preprint arXiv:2302.07459},
  year={2023}
}

@article{gou2023critic,
  title={Critic: Large language models can self-correct with tool-interactive critiquing},
  author={Gou, Zhibin and Shao, Zhihong and Gong, Yeyun and Shen, Yelong and Yang, Yujiu and Duan, Nan and Chen, Weizhu},
  journal={arXiv preprint arXiv:2305.11738},
  year={2023}
}

@article{paul2023refiner,
  title={Refiner: Reasoning feedback on intermediate representations},
  author={Paul, Debjit and Ismayilzada, Mete and Peyrard, Maxime and Borges, Beatriz and Bosselut, Antoine and West, Robert and Faltings, Boi},
  journal={arXiv preprint arXiv:2304.01904},
  year={2023}
}

@article{wang2023shepherd,
  title={Shepherd: A critic for language model generation},
  author={Wang, Tianlu and Yu, Ping and Tan, Xiaoqing Ellen and O'Brien, Sean and Pasunuru, Ramakanth and Dwivedi-Yu, Jane and Golovneva, Olga and Zettlemoyer, Luke and Fazel-Zarandi, Maryam and Celikyilmaz, Asli},
  journal={arXiv preprint arXiv:2308.04592},
  year={2023}
}
@article{chen2023teaching,
  title={Teaching large language models to self-debug},
  author={Chen, Xinyun and Lin, Maxwell and Sch{\"a}rli, Nathanael and Zhou, Denny},
  journal={arXiv preprint arXiv:2304.05128},
  year={2023}
}

@article{lee2023rlaif,
  title={Rlaif: Scaling reinforcement learning from human feedback with ai feedback},
  author={Lee, Harrison and Phatale, Samrat and Mansoor, Hassan and Mesnard, Thomas and Ferret, Johan and Lu, Kellie and Bishop, Colton and Hall, Ethan and Carbune, Victor and Rastogi, Abhinav and others},
  journal={arXiv preprint arXiv:2309.00267},
  year={2023}
}

@article{zelikman2022star,
  title={Star: Bootstrapping reasoning with reasoning},
  author={Zelikman, Eric and Wu, Yuhuai and Mu, Jesse and Goodman, Noah},
  journal={Advances in Neural Information Processing Systems},
  volume={35},
  pages={15476--15488},
  year={2022}
}

@article{wang2022self,
  title={Self-consistency improves chain of thought reasoning in language models},
  author={Wang, Xuezhi and Wei, Jason and Schuurmans, Dale and Le, Quoc and Chi, Ed and Narang, Sharan and Chowdhery, Aakanksha and Zhou, Denny},
  journal={arXiv preprint arXiv:2203.11171},
  year={2022}
}

@article{ganguli2023capacity,
  title={The capacity for moral self-correction in large language models},
  author={Ganguli, Deep and Askell, Amanda and Schiefer, Nicholas and Liao, Thomas I and Luko{\v{s}}i{\=u}t{\.e}, Kamil{\.e} and Chen, Anna and Goldie, Anna and Mirhoseini, Azalia and Olsson, Catherine and Hernandez, Danny and others},
  journal={arXiv preprint arXiv:2302.07459},
  year={2023}
}

@inproceedings{welleck2023generating,
  title={Generating Sequences by Learning to Self-Correct},
  author={Welleck, Sean and Lu, Ximing and West, Peter and Brahman, Faeze and Shen, Tianxiao and Khashabi, Daniel and Choi, Yejin},
  booktitle={The Eleventh International Conference on Learning Representations},
  year={2023}
}

@article{madaan2024self,
  title={Self-refine: Iterative refinement with self-feedback},
  author={Madaan, Aman and Tandon, Niket and Gupta, Prakhar and Hallinan, Skyler and Gao, Luyu and Wiegreffe, Sarah and Alon, Uri and Dziri, Nouha and Prabhumoye, Shrimai and Yang, Yiming and others},
  journal={Advances in Neural Information Processing Systems},
  volume={36},
  year={2024}
}

@article{bai2022constitutional,
  title={Constitutional ai: Harmlessness from ai feedback},
  author={Bai, Yuntao and Kadavath, Saurav and Kundu, Sandipan and Askell, Amanda and Kernion, Jackson and Jones, Andy and Chen, Anna and Goldie, Anna and Mirhoseini, Azalia and McKinnon, Cameron and others},
  journal={arXiv preprint arXiv:2212.08073},
  year={2022}
}

@inproceedings{walsman2022impossibly,
  title={Impossibly good experts and how to follow them},
  author={Walsman, Aaron and Zhang, Muru and Choudhury, Sanjiban and Fox, Dieter and Farhadi, Ali},
  booktitle={The Eleventh International Conference on Learning Representations},
  year={2022}
}

@article{weihs2021bridging,
  title={Bridging the imitation gap by adaptive insubordination},
  author={Weihs, Luca and Jain, Unnat and Liu, Iou-Jen and Salvador, Jordi and Lazebnik, Svetlana and Kembhavi, Aniruddha and Schwing, Alex},
  journal={Advances in Neural Information Processing Systems},
  volume={34},
  pages={19134--19146},
  year={2021}
}


@article{nguyen2022leveraging,
  title={Leveraging fully observable policies for learning under partial observability},
  author={Nguyen, Hai and Baisero, Andrea and Wang, Dian and Amato, Christopher and Platt, Robert},
  journal={arXiv preprint arXiv:2211.01991},
  year={2022}
}

@inproceedings{warrington2021robust,
  title={Robust asymmetric learning in pomdps},
  author={Warrington, Andrew and Lavington, Jonathan W and Scibior, Adam and Schmidt, Mark and Wood, Frank},
  booktitle={International Conference on Machine Learning},
  pages={11013--11023},
  year={2021},
  organization={PMLR}
}

@article{tennenholtz2021covariate,
  title={On covariate shift of latent confounders in imitation and reinforcement learning},
  author={Tennenholtz, Guy and Hallak, Assaf and Dalal, Gal and Mannor, Shie and Chechik, Gal and Shalit, Uri},
  journal={arXiv preprint arXiv:2110.06539},
  year={2021}
}

@article{ortega2021shaking,
  title={Shaking the foundations: delusions in sequence models for interaction and control},
  author={Ortega, Pedro A and Kunesch, Markus and Del{\'e}tang, Gr{\'e}goire and Genewein, Tim and Grau-Moya, Jordi and Veness, Joel and Buchli, Jonas and Degrave, Jonas and Piot, Bilal and Perolat, Julien and others},
  journal={arXiv preprint arXiv:2110.10819},
  year={2021}
}

@article{wang2020exposure,
  title={On exposure bias, hallucination and domain shift in neural machine translation},
  author={Wang, Chaojun and Sennrich, Rico},
  journal={arXiv preprint arXiv:2005.03642},
  year={2020}
}

@article{holtzman2019curious,
  title={The curious case of neural text degeneration},
  author={Holtzman, Ari and Buys, Jan and Du, Li and Forbes, Maxwell and Choi, Yejin},
  journal={arXiv preprint arXiv:1904.09751},
  year={2019}
}

@article{bengio2015scheduled,
  title={Scheduled sampling for sequence prediction with recurrent neural networks},
  author={Bengio, Samy and Vinyals, Oriol and Jaitly, Navdeep and Shazeer, Noam},
  journal={Advances in neural information processing systems},
  volume={28},
  year={2015}
}

@inproceedings{chuang2022resolving,
  title={Resolving copycat problems in visual imitation learning via residual action prediction},
  author={Chuang, Chia-Chi and Yang, Donglin and Wen, Chuan and Gao, Yang},
  booktitle={European Conference on Computer Vision},
  pages={392--409},
  year={2022},
  organization={Springer}
}

@inproceedings{wen2022fighting,
  title={Fighting fire with fire: avoiding dnn shortcuts through priming},
  author={Wen, Chuan and Qian, Jianing and Lin, Jierui and Teng, Jiaye and Jayaraman, Dinesh and Gao, Yang},
  booktitle={International Conference on Machine Learning},
  pages={23723--23750},
  year={2022},
  organization={PMLR}
}

@article{wen2021keyframe,
  title={Keyframe-focused visual imitation learning},
  author={Wen, Chuan and Lin, Jierui and Qian, Jianing and Gao, Yang and Jayaraman, Dinesh},
  journal={arXiv preprint arXiv:2106.06452},
  year={2021}
}

@article{wen2020fighting,
  title={Fighting copycat agents in behavioral cloning from observation histories},
  author={Wen, Chuan and Lin, Jierui and Darrell, Trevor and Jayaraman, Dinesh and Gao, Yang},
  journal={Advances in Neural Information Processing Systems},
  volume={33},
  pages={2564--2575},
  year={2020}
}

@article{ortega2021shaking,
  title={Shaking the foundations: delusions in sequence models for interaction and control},
  author={Ortega, Pedro A and Kunesch, Markus and Del{\'e}tang, Gr{\'e}goire and Genewein, Tim and Grau-Moya, Jordi and Veness, Joel and Buchli, Jonas and Degrave, Jonas and Piot, Bilal and Perolat, Julien and others},
  journal={arXiv preprint arXiv:2110.10819},
  year={2021}
}

@inproceedings{codevilla2019exploring,
  title={Exploring the limitations of behavior cloning for autonomous driving},
  author={Codevilla, Felipe and Santana, Eder and L{\'o}pez, Antonio M and Gaidon, Adrien},
  booktitle={Proceedings of the IEEE/CVF international conference on computer vision},
  pages={9329--9338},
  year={2019}
}

@article{bansal2018chauffeurnet,
  title={Chauffeurnet: Learning to drive by imitating the best and synthesizing the worst},
  author={Bansal, Mayank and Krizhevsky, Alex and Ogale, Abhijit},
  journal={arXiv preprint arXiv:1812.03079},
  year={2018}
}

@article{swamy2022sequence,
  title={Sequence model imitation learning with unobserved contexts},
  author={Swamy, Gokul and Choudhury, Sanjiban and Bagnell, J and Wu, Steven Z},
  journal={Advances in Neural Information Processing Systems},
  volume={35},
  pages={17665--17676},
  year={2022}
}

@inproceedings{kuefler2017imitating,
  title={Imitating driver behavior with generative adversarial networks},
  author={Kuefler, Alex and Morton, Jeremy and Wheeler, Tim and Kochenderfer, Mykel},
  booktitle={2017 IEEE intelligent vehicles symposium (IV)},
  pages={204--211},
  year={2017},
  organization={IEEE}
}

@article{muller2005off,
  title={Off-road obstacle avoidance through end-to-end learning},
  author={Muller, Urs and Ben, Jan and Cosatto, Eric and Flepp, Beat and Cun, Yann},
  journal={Advances in neural information processing systems},
  volume={18},
  year={2005}
}

@article{dubey2024llama,
  title={The llama 3 herd of models},
  author={Dubey, Abhimanyu and Jauhri, Abhinav and Pandey, Abhinav and Kadian, Abhishek and Al-Dahle, Ahmad and Letman, Aiesha and Mathur, Akhil and Schelten, Alan and Yang, Amy and Fan, Angela and others},
  journal={arXiv preprint arXiv:2407.21783},
  year={2024}
}

@article{qu2024recursive,
  title={Recursive introspection: Teaching language model agents how to self-improve},
  author={Qu, Yuxiao and Zhang, Tianjun and Garg, Naman and Kumar, Aviral},
  journal={arXiv preprint arXiv:2407.18219},
  year={2024}
}

@article{hu2021lora,
  title={Lora: Low-rank adaptation of large language models},
  author={Hu, Edward J and Shen, Yelong and Wallis, Phillip and Allen-Zhu, Zeyuan and Li, Yuanzhi and Wang, Shean and Wang, Lu and Chen, Weizhu},
  journal={arXiv preprint arXiv:2106.09685},
  year={2021}
}

@article{roziere2023code,
  title={Code llama: Open foundation models for code},
  author={Roziere, Baptiste and Gehring, Jonas and Gloeckle, Fabian and Sootla, Sten and Gat, Itai and Tan, Xiaoqing Ellen and Adi, Yossi and Liu, Jingyu and Sauvestre, Romain and Remez, Tal and others},
  journal={arXiv preprint arXiv:2308.12950},
  year={2023}
}

@inproceedings{bhardwaj2017learning,
  title={Learning heuristic search via imitation},
  author={Bhardwaj, Mohak and Choudhury, Sanjiban and Scherer, Sebastian},
  booktitle={Conference on Robot Learning},
  pages={271--280},
  year={2017},
  organization={PMLR}
}

@inproceedings{jain2021gridtopix,
  title={Gridtopix: Training embodied agents with minimal supervision},
  author={Jain, Unnat and Liu, Iou-Jen and Lazebnik, Svetlana and Kembhavi, Aniruddha and Weihs, Luca and Schwing, Alexander G},
  booktitle={Proceedings of the IEEE/CVF International Conference on Computer Vision},
  pages={15141--15151},
  year={2021}
}

@inproceedings{zhang2016learning,
  title={Learning deep control policies for autonomous aerial vehicles with mpc-guided policy search},
  author={Zhang, Tianhao and Kahn, Gregory and Levine, Sergey and Abbeel, Pieter},
  booktitle={2016 IEEE international conference on robotics and automation (ICRA)},
  pages={528--535},
  year={2016},
  organization={IEEE}
}

@inproceedings{uppal2024spin,
  title={SPIN: Simultaneous Perception Interaction and Navigation},
  author={Uppal, Shagun and Agarwal, Ananye and Xiong, Haoyu and Shaw, Kenneth and Pathak, Deepak},
  booktitle={Proceedings of the IEEE/CVF Conference on Computer Vision and Pattern Recognition},
  pages={18133--18142},
  year={2024}
}

@article{chen2023visual,
  title={Visual dexterity: In-hand reorientation of novel and complex object shapes},
  author={Chen, Tao and Tippur, Megha and Wu, Siyang and Kumar, Vikash and Adelson, Edward and Agrawal, Pulkit},
  journal={Science Robotics},
  volume={8},
  number={84},
  pages={eadc9244},
  year={2023},
  publisher={American Association for the Advancement of Science}
}

@article{kumar2021rma,
  title={Rma: Rapid motor adaptation for legged robots},
  author={Kumar, Ashish and Fu, Zipeng and Pathak, Deepak and Malik, Jitendra},
  journal={arXiv preprint arXiv:2107.04034},
  year={2021}
}

@article{lee2020learning,
  title={Learning quadrupedal locomotion over challenging terrain},
  author={Lee, Joonho and Hwangbo, Jemin and Wellhausen, Lorenz and Koltun, Vladlen and Hutter, Marco},
  journal={Science robotics},
  volume={5},
  number={47},
  pages={eabc5986},
  year={2020},
  publisher={American Association for the Advancement of Science}
}

@article{hu2024privileged,
  title={Privileged Sensing Scaffolds Reinforcement Learning},
  author={Hu, Edward S and Springer, James and Rybkin, Oleh and Jayaraman, Dinesh},
  journal={arXiv preprint arXiv:2405.14853},
  year={2024}
}

@article{choudhury2018data,
  title={Data-driven planning via imitation learning},
  author={Choudhury, Sanjiban and Bhardwaj, Mohak and Arora, Sankalp and Kapoor, Ashish and Ranade, Gireeja and Scherer, Sebastian and Dey, Debadeepta},
  journal={The International Journal of Robotics Research},
  volume={37},
  number={13-14},
  pages={1632--1672},
  year={2018},
  publisher={SAGE Publications Sage UK: London, England}
}

@article{shridhar2020alfworld,
  title={Alfworld: Aligning text and embodied environments for interactive learning},
  author={Shridhar, Mohit and Yuan, Xingdi and C{\^o}t{\'e}, Marc-Alexandre and Bisk, Yonatan and Trischler, Adam and Hausknecht, Matthew},
  journal={arXiv preprint arXiv:2010.03768},
  year={2020}
}


@inproceedings{sodhi2024step,
  title={SteP: Stacked llm policies for web actions},
  author={Sodhi, Paloma and Branavan, SRK and Artzi, Yoav and McDonald, Ryan},
  booktitle=colm,
  year={2024}
}

@article{spencer2021feedback,
  title={Feedback in imitation learning: The three regimes of covariate shift},
  author={Spencer, Jonathan and Choudhury, Sanjiban and Venkatraman, Arun and Ziebart, Brian and Bagnell, J Andrew},
  journal={arXiv preprint arXiv:2102.02872},
  year={2021}
}

@article{madani1999undecidability,
  title={On the undecidability of probabilistic planning and infinite-horizon partially observable Markov decision problems},
  author={Madani, Omid and Hanks, Steve and Condon, Anne},
  journal={Aaai/iaai},
  volume={10},
  number={315149.315395},
  year={1999}
}

@article{papadimitriou1987complexity,
  title={The complexity of Markov decision processes},
  author={Papadimitriou, Christos H and Tsitsiklis, John N},
  journal={Mathematics of operations research},
  volume={12},
  number={3},
  pages={441--450},
  year={1987},
  publisher={INFORMS}
}

@article{kaelbling1998planning,
  title={Planning and acting in partially observable stochastic domains},
  author={Kaelbling, Leslie Pack and Littman, Michael L and Cassandra, Anthony R},
  journal={Artificial intelligence},
  volume={101},
  number={1-2},
  pages={99--134},
  year={1998},
  publisher={Elsevier}
}

@article{prasad2023adapt,
  title={Adapt: As-needed decomposition and planning with language models},
  author={Prasad, Archiki and Koller, Alexander and Hartmann, Mareike and Clark, Peter and Sabharwal, Ashish and Bansal, Mohit and Khot, Tushar},
  journal={arXiv preprint arXiv:2311.05772},
  year={2023}
}

@article{prakash2023llm,
  title={LLM Augmented Hierarchical Agents},
  author={Prakash, Bharat and Oates, Tim and Mohsenin, Tinoosh},
  journal={arXiv preprint arXiv:2311.05596},
  year={2023}
}

@article{ma2023laser,
  title={Laser: Llm agent with state-space exploration for web navigation},
  author={Ma, Kaixin and Zhang, Hongming and Wang, Hongwei and Pan, Xiaoman and Yu, Dong},
  journal={arXiv preprint arXiv:2309.08172},
  year={2023}
}

@article{kagaya2024rap,
  title={RAP: Retrieval-Augmented Planning with Contextual Memory for Multimodal LLM Agents},
  author={Kagaya, Tomoyuki and Yuan, Thong Jing and Lou, Yuxuan and Karlekar, Jayashree and Pranata, Sugiri and Kinose, Akira and Oguri, Koki and Wick, Felix and You, Yang},
  journal={arXiv preprint arXiv:2402.03610},
  year={2024}
}

@article{liu2023lost,
  title={Lost in the Middle: How Language Models Use Long Contexts. arXiv 2023},
  author={Liu, Nelson F and Lin, Kevin and Hewitt, John and Paranjape, Ashwin and Bevilacqua, Michele and Petroni, Fabio and Liang, Percy},
  journal={Transactions of the Association for Computational Linguistics (TACL)},
  year={2023}
}

@article{ajay2024compositional,
  title={Compositional foundation models for hierarchical planning},
  author={Ajay, Anurag and Han, Seungwook and Du, Yilun and Li, Shuang and Gupta, Abhi and Jaakkola, Tommi and Tenenbaum, Josh and Kaelbling, Leslie and Srivastava, Akash and Agrawal, Pulkit},
  journal={Advances in Neural Information Processing Systems},
  volume={36},
  year={2024}
}

@article{khot2023decomposed,
  title={Decomposed prompting: A modular approach for solving complex tasks},
  author={Khot, Tushar and Trivedi, Harsh and Finlayson, Matthew and Fu, Yao and Richardson, Kyle and Clark, Peter and Sabharwal, Ashish},
  journal=iclr,
  year={2023}
}

@article{yang2024gpt4tools,
  title={Gpt4tools: Teaching large language model to use tools via self-instruction},
  author={Yang, Rui and Song, Lin and Li, Yanwei and Zhao, Sijie and Ge, Yixiao and Li, Xiu and Shan, Ying},
  journal=neurips,
  year={2024}
}

@article{thrun1994finding,
  title={Finding structure in reinforcement learning},
  author={Thrun, Sebastian and Schwartz, Anton},
  journal={Advances in neural information processing systems},
  volume={7},
  year={1994}
}

@inproceedings{vezhnevets2017feudal,
  title={Feudal networks for hierarchical reinforcement learning},
  author={Vezhnevets, Alexander Sasha and Osindero, Simon and Schaul, Tom and Heess, Nicolas and Jaderberg, Max and Silver, David and Kavukcuoglu, Koray},
  booktitle={International conference on machine learning},
  pages={3540--3549},
  year={2017},
  organization={PMLR}
}

@article{hafner2022deep,
  title={Deep hierarchical planning from pixels},
  author={Hafner, Danijar and Lee, Kuang-Huei and Fischer, Ian and Abbeel, Pieter},
  journal={Advances in Neural Information Processing Systems},
  volume={35},
  pages={26091--26104},
  year={2022}
}

@article{toussaint2018differentiable,
  title={Differentiable physics and stable modes for tool-use and manipulation planning},
  author={Toussaint, Marc A and Allen, Kelsey Rebecca and Smith, Kevin A and Tenenbaum, Joshua B},
  year={2018},
  publisher={Robotics: Science and systems foundation}
}

@inproceedings{bacon2017option,
  title={The option-critic architecture},
  author={Bacon, Pierre-Luc and Harb, Jean and Precup, Doina},
  booktitle={Proceedings of the AAAI conference on artificial intelligence},
  volume={31},
  number={1},
  year={2017}
}

@article{nachum2018data,
  title={Data-efficient hierarchical reinforcement learning},
  author={Nachum, Ofir and Gu, Shixiang Shane and Lee, Honglak and Levine, Sergey},
  journal={Advances in neural information processing systems},
  volume={31},
  year={2018}
}

@inproceedings{tessler2017deep,
  title={A deep hierarchical approach to lifelong learning in minecraft},
  author={Tessler, Chen and Givony, Shahar and Zahavy, Tom and Mankowitz, Daniel and Mannor, Shie},
  booktitle={Proceedings of the AAAI conference on artificial intelligence},
  volume={31},
  number={1},
  year={2017}
}

@article{sutton1999between,
  title={Between MDPs and semi-MDPs: A framework for temporal abstraction in reinforcement learning},
  author={Sutton, Richard S and Precup, Doina and Singh, Satinder},
  journal={Artificial intelligence},
  volume={112},
  number={1-2},
  pages={181--211},
  year={1999},
  publisher={Elsevier}
}

@inproceedings{parr1997reinforcement,
  title={Reinforcement learning with hierarchies of machines},
  author={Parr, Ronald and Russell, Stuart},
  booktitle=neurips,
  volume={10},
  year={1997}
}

@article{yuan2024self,
  title={Self-rewarding language models},
  author={Yuan, Weizhe and Pang, Richard Yuanzhe and Cho, Kyunghyun and Sukhbaatar, Sainbayar and Xu, Jing and Weston, Jason},
  journal={arXiv preprint arXiv:2401.10020},
  year={2024}
}

@inproceedings{dayan1992feudal,
  title={Feudal reinforcement learning},
  author={Dayan, Peter and Hinton, Geoffrey E},
    booktitle=neurips,
  volume={5},
  year={1992}
}

@inproceedings{brandfonbrener2022does,
  title={When does return-conditioned supervised learning work for offline reinforcement learning?},
  author={Brandfonbrener, David and Bietti, Alberto and Buckman, Jacob and Laroche, Romain and Bruna, Joan},
  booktitle=neurips,
  year={2022}
}

@inproceedings{byrne2019taskmaster,
  title={Taskmaster-1: Toward a realistic and diverse dialog dataset},
  author={Byrne, Bill and Krishnamoorthi, Karthik and Sankar, Chinnadhurai and Neelakantan, Arvind and Duckworth, Daniel and Yavuz, Semih and Goodrich, Ben and Dubey, Amit and Cedilnik, Andy and Kim, Kyu-Young},
  booktitle=emnlp,
  year={2019}
}

@inproceedings{chen2021action,
  title={Action-Based Conversations Dataset: A Corpus for Building More In-Depth Task-Oriented Dialogue Systems},
  author={Chen, Derek and Chen, Howard and Yang, Yi and Lin, Alexander and Yu, Zhou},
  booktitle=naacl,
  pages={3002--3017},
  year={2021}
}

@inproceedings{chen2021decision,
  title={Decision transformer: Reinforcement learning via sequence modeling},
  author={Chen, Lili and Lu, Kevin and Rajeswaran, Aravind and Lee, Kimin and Grover, Aditya and Laskin, Misha and Abbeel, Pieter and Srinivas, Aravind and Mordatch, Igor},
  booktitle=neurips,
  year={2021}
}

@inproceedings{furman2022qait,
  title={A Sequence Modelling Approach to Question Answering in Text-Based Games},
  author={Furman, Gregory and Toledo, Edan and Shock, Jonathan and Buys, Jan},
  booktitle={ACL Wordplay Workshop},
  year={2022}
}


@article{han2020multiwoz,
  title={Multiwoz 2.3: A multi-domain task-oriented dataset enhanced with annotation corrections and co-reference annotation},
  author={Han, Ting and Liu, Ximing and Takanobu, Ryuichi and Lian, Yixin and Huang, Chongxuan and Peng, Wei and Huang, Minlie},
  journal={arXiv preprint arXiv:2010.05594},
  year={2020}
}

@book{hopcroft1969formal,
  title={Formal languages and their relation to automata},
  author={Hopcroft, John E and Ullman, Jeffrey D},
  year={1969},
  publisher={Addison-Wesley Longman Publishing Co., Inc.}
}

@article{jaques2019wayoff,
    author={Jaques, Natasha and Ghandeharioun, Asma and Shen, Judy Hanwen and Ferguson, Craig and Lapedriza, Agata and Jones, Noah and Gu, Shixiang and Picard, Rosalind},
    title={Way Off-Policy Batch Deep Reinforcement Learning of Implicit Human Preferences in Dialog},
    journal = {arXiv preprint arXiv:1907.00456},
    year = {2019}
}

@article{kostrikov2021offline,
  title={Offline reinforcement learning with implicit q-learning},
  author={Kostrikov, Ilya and Nair, Ashvin and Levine, Sergey},
  journal={arXiv preprint arXiv:2110.06169},
  year={2021}
}

@inproceedings{lu2022quark,
  title={Quark: Controllable Text Generation with Reinforced Unlearning},
  author={Lu, Ximing and Welleck, Sean and Jiang, Liwei and Hessel, Jack and Qin, Lianhui and West, Peter and Ammanabrolu, Prithviraj and Choi, Yejin},
  booktitle=neurips,
  year={2022}
}

@article{nivre2008algorithms,
  title={Algorithms for deterministic incremental dependency parsing},
  author={Nivre, Joakim},
  journal={Computational Linguistics},
  volume={34},
  number={4},
  pages={513--553},
  year={2008},
  publisher={MIT Press One Rogers Street, Cambridge, MA 02142-1209, USA journals-info~…}
}

@article{ouyang2022training,
  title={Training language models to follow instructions with human feedback},
  author={Ouyang, Long and Wu, Jeff and Jiang, Xu and Almeida, Diogo and Wainwright, Carroll L and Mishkin, Pamela and Zhang, Chong and Agarwal, Sandhini and Slama, Katarina and Ray, Alex and others},
  journal={arXiv preprint arXiv:2203.02155},
  year={2022}
}

@inproceedings{pang2020text,
  title={Text generation by learning from demonstrations},
  author={Pang, Richard Yuanzhe and He, He},
  booktitle=iclr,
  year={2020}
}

@inproceedings{ramakrishnan2022long,
  title={Long-term Control for Dialogue Generation: Methods and Evaluation},
  author={Ramakrishnan, Ramya and Narangodage, Hashan Buddhika and Schilman, Mauro and Weinberger, Kilian Q and McDonald, Ryan},
  booktitle=naacl,
  year={2022}
}

@article{ramamurthy2022reinforcement,
  title={Is Reinforcement Learning (Not) for Natural Language Processing?: Benchmarks, Baselines, and Building Blocks for Natural Language Policy Optimization},
  author={Ramamurthy, Rajkumar and Ammanabrolu, Prithviraj and Brantley, Kiant{\'e} and Hessel, Jack and Sifa, Rafet and Bauckhage, Christian and Hajishirzi, Hannaneh and Choi, Yejin},
  journal={arXiv preprint arXiv:2210.01241},
  year={2022}
}

@article{sutton1998between,
  title={Between MDPs and Semi-MDPs: Learning, planning, and representing knowledge at multiple temporal scales},
  author={Sutton, Richard S},
  year={1998}
}

@inproceedings{ranzato2015sequence,
  title={Sequence level training with recurrent neural networks},
  author={Ranzato, Marc'Aurelio and Chopra, Sumit and Auli, Michael and Zaremba, Wojciech},
  booktitle=iclr,
  year={2015}
}

@article{sellam2020bleurt,
  title={BLEURT: Learning robust metrics for text generation},
  author={Sellam, Thibault and Das, Dipanjan and Parikh, Ankur P},
  journal={arXiv preprint arXiv:2004.04696},
  year={2020}
}

@article{snell2022ilql,
  title={Offline {RL} for natural language generation with implicit language {Q} learning},
  author={Snell, Charlie and Kostrikov, Ilya and Su, Yi and Yang, Mengjiao and Levine, Sergey},
  journal={arXiv preprint arXiv:2206.11871},
  year={2022}
}

@article{verma2022chai,
  title={CHAI: A CHatbot AI for Task-Oriented Dialogue with Offline Reinforcement Learning},
  author={Verma, Siddharth and Fu, Justin and Yang, Mengjiao and Levine, Sergey},
  journal={arXiv preprint arXiv:2204.08426},
  year={2022}
}

@article{yeh2021comprehensive,
  title={A comprehensive assessment of dialog evaluation metrics},
  author={Yeh, Yi-Ting and Eskenazi, Maxine and Mehri, Shikib},
  journal={arXiv preprint arXiv:2106.03706},
  year={2021}
}

@inproceedings{zang2020multiwoz,
    title = "{M}ulti{WOZ} 2.2 : A Dialogue Dataset with Additional Annotation Corrections and State Tracking Baselines",
    author = "Zang, Xiaoxue  and
      Rastogi, Abhinav  and
      Sunkara, Srinivas  and
      Gupta, Raghav  and
      Zhang, Jianguo  and
      Chen, Jindong",
    booktitle = "Proceedings of the 2nd Workshop on Natural Language Processing for Conversational AI",
    year = "2020",
    url = "https://aclanthology.org/2020.nlp4convai-1.13",
}

@article{zhang2019bertscore,
  title={{BERT}score: Evaluating text generation with {BERT}},
  author={Zhang, Tianyi and Kishore, Varsha and Wu, Felix and Weinberger, Kilian Q and Artzi, Yoav},
  journal={arXiv preprint arXiv:1904.09675},
  year={2019}
}

@article{kiegeland2021revisiting,
  title={Revisiting the weaknesses of reinforcement learning for neural machine translation},
  author={Kiegeland, Samuel and Kreutzer, Julia},
  journal={arXiv preprint arXiv:2106.08942},
  year={2021}
}

@article{stiennon2020learning,
  title={Learning to summarize with human feedback},
  author={Stiennon, Nisan and Ouyang, Long and Wu, Jeffrey and Ziegler, Daniel and Lowe, Ryan and Voss, Chelsea and Radford, Alec and Amodei, Dario and Christiano, Paul F},
  journal={Advances in Neural Information Processing Systems},
  volume={33},
  pages={3008--3021},
  year={2020}
}

@article{paulus2017deep,
  title={A deep reinforced model for abstractive summarization},
  author={Paulus, Romain and Xiong, Caiming and Socher, Richard},
  journal={arXiv preprint arXiv:1705.04304},
  year={2017}
}

@article{li2016deep,
  title={Deep reinforcement learning for dialogue generation},
  author={Li, Jiwei and Monroe, Will and Ritter, Alan and Galley, Michel and Gao, Jianfeng and Jurafsky, Dan},
  journal={arXiv preprint arXiv:1606.01541},
  year={2016}
}

@article{jaques2020human,
  title={Human-centric dialog training via offline reinforcement learning},
  author={Jaques, Natasha and Shen, Judy Hanwen and Ghandeharioun, Asma and Ferguson, Craig and Lapedriza, Agata and Jones, Noah and Gu, Shixiang Shane and Picard, Rosalind},
  journal={arXiv preprint arXiv:2010.05848},
  year={2020}
}

@article{wu2022lilgym,
  title={lilGym: Natural Language Visual Reasoning with Reinforcement Learning},
  author={Wu, Anne and Brantley, Kiant{\'e} and Kojima, Noriyuki and Artzi, Yoav},
  journal={arXiv preprint arXiv:2211.01994},
  year={2022}
}

@article{ziegler2019fine,
  title={Fine-tuning language models from human preferences},
  author={Ziegler, Daniel M and Stiennon, Nisan and Wu, Jeffrey and Brown, Tom B and Radford, Alec and Amodei, Dario and Christiano, Paul and Irving, Geoffrey},
  journal={arXiv preprint arXiv:1909.08593},
  year={2019}
}

@article{zhou2017end,
  title={End-to-end offline goal-oriented dialog policy learning via policy gradient},
  author={Zhou, Li and Small, Kevin and Rokhlenko, Oleg and Elkan, Charles},
  journal={arXiv preprint arXiv:1712.02838},
  year={2017}
}

@article{misra2015reinforcement,
  title={Reinforcement Learning for Mapping Instructions to Actions with Reward Learning},
  author={Misra, Dipendra and Artzi, Yoav},
  year={2015}
}

@article{watkins1992q,
  title={Q-learning},
  author={Watkins, Christopher JCH and Dayan, Peter},
  journal={Machine learning},
  volume={8},
  number={3},
  pages={279--292},
  year={1992},
  publisher={Springer}
}

@article{wiseman2016sequence,
  title={Sequence-to-sequence learning as beam-search optimization},
  author={Wiseman, Sam and Rush, Alexander M},
  journal={arXiv preprint arXiv:1606.02960},
  year={2016}
}

@article{yonghui2016bridging,
  title={Bridging the gap between human and machine translation},
  author={Yonghui, W and Schuster, Mike and Chen, Zhifeng and Le, Quoc V and Norouzi, Mohammad and Macherey, Wolfgang and Krikun, Maxim and Cao, Yuan and Gao, Qin and Macherey, Klaus and others},
  journal={arXiv preprint arXiv:1609.08144},
  year={2016}
}

@inproceedings{wu2018adversarial,
  title={Adversarial neural machine translation},
  author={Wu, Lijun and Xia, Yingce and Tian, Fei and Zhao, Li and Qin, Tao and Lai, Jianhuang and Liu, Tie-Yan},
  booktitle={Asian Conference on Machine Learning},
  pages={534--549},
  year={2018},
  organization={PMLR}
}

@article{akter2023depth,
  title={An In-depth Look at Gemini's Language Abilities},
  author={Akter, Syeda Nahida and Yu, Zichun and Muhamed, Aashiq and Ou, Tianyue and B{\"a}uerle, Alex and Cabrera, {\'A}ngel Alexander and Dholakia, Krish and Xiong, Chenyan and Neubig, Graham},
  journal={arXiv preprint arXiv:2312.11444},
  year={2023}
}

@article{pasunuru2018multi,
  title={Multi-reward reinforced summarization with saliency and entailment},
  author={Pasunuru, Ramakanth and Bansal, Mohit},
  journal={arXiv preprint arXiv:1804.06451},
  year={2018}
}

@article{williams1992simple,
  title={Simple statistical gradient-following algorithms for connectionist reinforcement learning},
  author={Williams, Ronald J},
  journal={Machine learning},
  volume={8},
  number={3},
  pages={229--256},
  year={1992},
  publisher={Springer}
}

@article{schulman2017proximal,
  title={Proximal policy optimization algorithms},
  author={Schulman, John and Wolski, Filip and Dhariwal, Prafulla and Radford, Alec and Klimov, Oleg},
  journal={arXiv preprint arXiv:1707.06347},
  year={2017}
}

@article{guo2021text,
  title={Text generation with efficient (soft) q-learning},
  author={Guo, Han and Tan, Bowen and Liu, Zhengzhong and Xing, Eric P and Hu, Zhiting},
  journal={arXiv preprint arXiv:2106.07704},
  year={2021}
}

@article{kumar2020conservative,
  title={Conservative q-learning for offline reinforcement learning},
  author={Kumar, Aviral and Zhou, Aurick and Tucker, George and Levine, Sergey},
  journal={Advances in Neural Information Processing Systems},
  volume={33},
  pages={1179--1191},
  year={2020}
}

@article{levine2020offline,
  title={Offline reinforcement learning: Tutorial, review, and perspectives on open problems},
  author={Levine, Sergey and Kumar, Aviral and Tucker, George and Fu, Justin},
  journal={arXiv preprint arXiv:2005.01643},
  year={2020}
}

@article{williams1989learning,
  title={A learning algorithm for continually running fully recurrent neural networks},
  author={Williams, Ronald J and Zipser, David},
  journal={Neural computation},
  volume={1},
  number={2},
  pages={270--280},
  year={1989},
  publisher={MIT Press One Rogers Street, Cambridge, MA 02142-1209, USA journals-info~…}
}

@article{radford2019language,
  title={Language Models are Unsupervised Multitask Learners},
  author={Radford, Alec and Wu, Jeffrey and Child, Rewon and Luan, David and Amodei, Dario and Sutskever, Ilya},
  year={2019}
}

@article{brown2020language,
  title={Language models are few-shot learners},
  author={Brown, Tom and Mann, Benjamin and Ryder, Nick and Subbiah, Melanie and Kaplan, Jared D and Dhariwal, Prafulla and Neelakantan, Arvind and Shyam, Pranav and Sastry, Girish and Askell, Amanda and others},
  journal=neurips,
  year={2020}
}

@article{yang2020improving,
  title={Improving dialog systems for negotiation with personality modeling},
  author={Yang, Runzhe and Chen, Jingxiao and Narasimhan, Karthik},
  journal={arXiv preprint arXiv:2010.09954},
  year={2020}
}

@inproceedings{papineni2002bleu,
  title={Bleu: a method for automatic evaluation of machine translation},
  author={Papineni, Kishore and Roukos, Salim and Ward, Todd and Zhu, Wei-Jing},
  booktitle={Proceedings of the 40th annual meeting of the Association for Computational Linguistics},
  pages={311--318},
  year={2002}
}

@inproceedings{banerjee2005meteor,
    title = "{METEOR}: An Automatic Metric for {MT} Evaluation with Improved Correlation with Human Judgments",
    author = "Banerjee, Satanjeev  and
      Lavie, Alon",
    booktitle = "Proceedings of the {ACL} Workshop on Intrinsic and Extrinsic Evaluation Measures for Machine Translation and/or Summarization",
    month = jun,
    year = "2005",
    address = "Ann Arbor, Michigan",
    publisher = "Association for Computational Linguistics",
    url = "https://aclanthology.org/W05-0909",
    pages = "65--72",
}

@inproceedings{sanh2019distilbert,
  title={DistilBERT, a distilled version of BERT: smaller, faster, cheaper and lighter},
  author={Sanh, Victor and Debut, Lysandre and Chaumond, Julien and Wolf, Thomas},
  booktitle={NeurIPS EMC\^2 Workshop},
  year={2019}
}

@article{swanson2019building,
  title={Building a production model for retrieval-based chatbots},
  author={Swanson, Kyle and Yu, Lili and Fox, Christopher and Wohlwend, Jeremy and Lei, Tao},
  journal={arXiv preprint arXiv:1906.03209},
  year={2019}
}

@article{wolf2019huggingface,
  title={Huggingface's transformers: State-of-the-art natural language processing},
  author={Wolf, Thomas and Debut, Lysandre and Sanh, Victor and Chaumond, Julien and Delangue, Clement and Moi, Anthony and Cistac, Pierric and Rault, Tim and Louf, R{\'e}mi and Funtowicz, Morgan and others},
  journal={arXiv preprint arXiv:1910.03771},
  year={2019}
}

@misc{trlx,
    author = {{TRLX}},
    title = {Transformer Reinforcement Learning X},
    url = {https://github.com/CarperAI/trlx},
}

@article{liu2023gpteval,
  title={GPTEval: NLG Evaluation using GPT-4 with Better Human Alignment},
  author={Liu, Yang and Iter, Dan and Xu, Yichong and Wang, Shuohang and Xu, Ruochen and Zhu, Chenguang},
  journal={arXiv preprint arXiv:2303.16634},
  year={2023}
}

@article{gur2022understanding,
  title={Understanding {HTML} with Large Language Models},
  author={Gur, Izzeddin and Nachum, Ofir and Miao, Yingjie and Safdari, Mustafa and Huang, Austin and Chowdhery, Aakanksha and Narang, Sharan and Fiedel, Noah and Faust, Aleksandra},
  journal={arXiv preprint arXiv:2210.03945},
  year={2022}
}

@inproceedings{yao2022webshop,
  title={Webshop: Towards scalable real-world web interaction with grounded language agents},
  author={Yao, Shunyu and Chen, Howard and Yang, John and Narasimhan, Karthik},
  booktitle=neurips,
  year={2022}
}

@article{nakano2021webgpt,
  title={Web{GPT}: Browser-assisted question-answering with human feedback},
  author={Nakano, Reiichiro and Hilton, Jacob and Balaji, Suchir and Wu, Jeff and Ouyang, Long and Kim, Christina and Hesse, Christopher and Jain, Shantanu and Kosaraju, Vineet and Saunders, William and others},
  journal={arXiv preprint arXiv:2112.09332},
  year={2021}
}

@inproceedings{shi2017world,
  title={World of bits: An open-domain platform for web-based agents},
  author={Shi, Tianlin and Karpathy, Andrej and Fan, Linxi and Hernandez, Jonathan and Liang, Percy},
  booktitle=icml,
  year={2017},
}

@article{wang2024demo2code,
  title={Demo2code: From summarizing demonstrations to synthesizing code via extended chain-of-thought},
  author={Wang, Yuki and Gonzalez-Pumariega, Gonzalo and Sharma, Yash and Choudhury, Sanjiban},
  journal={Advances in Neural Information Processing Systems},
  volume={36},
  year={2024}
}

@inproceedings{gur2021environment,
  title={Environment generation for zero-shot compositional reinforcement learning},
  author={Gur, Izzeddin and Jaques, Natasha and Miao, Yingjie and Choi, Jongwook and Tiwari, Manoj and Lee, Honglak and Faust, Aleksandra},
  booktitle=neurips,
  year={2021}
}

@inproceedings{liu2018reinforcement,
 author = {Evan Zheran Liu and Kelvin Guu and Panupong Pasupat and Tianlin Shi and Percy Liang},
 title = {Reinforcement Learning on Web Interfaces using Workflow-Guided Exploration},
 booktitle = iclr,
 year = {2018},
}

@inproceedings{branavan2009reinforcement,
  title={Reinforcement learning for mapping instructions to actions},
  author={Branavan, Satchuthananthavale RK and Chen, Harr and Zettlemoyer, Luke S and Barzilay, Regina},
  booktitle={Proceedings of the Joint Conference of the 47th Annual Meeting of the ACL and the 4th International Joint Conference on Natural Language Processing of the AFNLP.},
  year={2009},
  organization={Association for Computational Linguistics}
}

@article{artzi2013weakly,
  title={Weakly supervised learning of semantic parsers for mapping instructions to actions},
  author={Artzi, Yoav and Zettlemoyer, Luke},
  journal={Transactions of the Association for Computational Linguistics (TACL)},
  year={2013}
}

@inproceedings{zaheer2022learning,
  title={Learning to Navigate Wikipedia by Taking Random Walks},
  author={Zaheer, Manzil and Marino, Kenneth and Grathwohl, Will and Schultz, John and Shang, Wendy and Babayan, Sheila and Ahuja, Arun and Dasgupta, Ishita and Kaeser-Chen, Christine and Fergus, Rob},
  booktitle=neurips,
  year={2022}
}

@inproceedings{ross2011reduction,
  title={A reduction of imitation learning and structured prediction to no-regret online learning},
  author={Ross, St{\'e}phane and Gordon, Geoffrey and Bagnell, J Andrew},
  booktitle=aistats,
  year={2011}
}

@inproceedings{sun2017deeply,
  title={Deeply aggrevated: Differentiable imitation learning for sequential prediction},
  author={Sun, Wen and Venkatraman, Arun and Gordon, Geoffrey J and Boots, Byron and Bagnell, J Andrew},
  booktitle=icml,
  year={2017},
}

@article{pomerleau1991efficient,
  title={Efficient training of artificial neural networks for autonomous navigation},
  author={Pomerleau, Dean A},
  journal={Neural Computation},
  year={1991},
  publisher={MIT Press}
}

@inproceedings{li2020seq2act,
  title = {Mapping Natural Language Instructions to Mobile UI Action Sequences},
  author = {Yang Li and Jiacong He and Xin Zhou and Yuan Zhang and Jason Baldridge},
  booktitle = acl,
  year = {2020},
}

@inproceedings{pasupat2018mapping,
  title={Mapping natural language commands to web elements},
  author={Pasupat, Panupong and Jiang, Tian-Shun and Liu, Evan Zheran and Guu, Kelvin and Liang, Percy},
  booktitle=emnlp,
  year={2018}
}

@article{huang2022inner,
  title={Inner monologue: Embodied reasoning through planning with language models},
  author={Huang, Wenlong and Xia, Fei and Xiao, Ted and Chan, Harris and Liang, Jacky and Florence, Pete and Zeng, Andy and Tompson, Jonathan and Mordatch, Igor and Chebotar, Yevgen and others},
  journal={arXiv preprint arXiv:2207.05608},
  year={2022}
}

@article{liang2022code,
  title={Code as policies: Language model programs for embodied control},
  author={Liang, Jacky and Huang, Wenlong and Xia, Fei and Xu, Peng and Hausman, Karol and Ichter, Brian and Florence, Pete and Zeng, Andy},
  journal={arXiv preprint arXiv:2209.07753},
  year={2022}
}

@article{schick2023toolformer,
  title={Toolformer: Language models can teach themselves to use tools},
  author={Schick, Timo and Dwivedi-Yu, Jane and Dess{\`\i}, Roberto and Raileanu, Roberta and Lomeli, Maria and Zettlemoyer, Luke and Cancedda, Nicola and Scialom, Thomas},
  journal={arXiv preprint arXiv:2302.04761},
  year={2023}
}

@article{kim2023language,
  title={Language models can solve computer tasks},
  author={Kim, Geunwoo and Baldi, Pierre and McAleer, Stephen},
  journal=neurips,
  volume={36},
  year={2023}
}

@inproceedings{zheng2024synapse,
  title={Synapse: Trajectory-as-exemplar prompting with memory for computer control},
  author={Zheng, Longtao and Wang, Rundong and Wang, Xinrun and An, Bo},
  booktitle=iclr,
  year={2024}
}

@article{yao2022react,
  title={React: Synergizing reasoning and acting in language models},
  author={Yao, Shunyu and Zhao, Jeffrey and Yu, Dian and Du, Nan and Shafran, Izhak and Narasimhan, Karthik and Cao, Yuan},
  journal={arXiv preprint arXiv:2210.03629},
  year={2022}
}

@article{ahn2022can,
  title={Do as i can, not as i say: Grounding language in robotic affordances},
  author={Ahn, Michael and Brohan, Anthony and Brown, Noah and Chebotar, Yevgen and Cortes, Omar and David, Byron and Finn, Chelsea and Gopalakrishnan, Keerthana and Hausman, Karol and Herzog, Alex and others},
  journal={arXiv preprint arXiv:2204.01691},
  year={2022}
}

@inproceedings{humphreys2022data,
  author = {Humphreys, Peter C and Raposo, David and Pohlen, Tobias and Thornton, Gregory and Chhaparia, Rachita and Muldal, Alistair and Abramson, Josh and Georgiev, Petko and Santoro, Adam and Lillicrap, Timothy},
  title = {A data-driven approach for learning to control computers},
  booktitle = icml,
  year = {2022},
}

@inproceedings{jia2019domqnet,
  author = {Jia, Sheng and Kiros, Jamie Ryan and Ba, Jimmy},
  title = {DOM-q-NET: Grounded RL on structured language},
  booktitle = {International Conference on Learning Representations},
  year = {2019}
}

@misc{openai2023chatgptplugins,
  author       = {OpenAI},
  title        = {Chat{GPT} Plugins},
  year         = {2023},
  howpublished = {\url{https://openai.com/blog/chatgpt-plugins}},
}

@misc{langchain,
  author       = {{LangChain}},
  title        = {LangChain},
  year         = {2023},
  howpublished = {\url{https://python.langchain.com/en/latest/index.html}},
}

@misc{autogpt,
  author       = {{Significant Gravitas}},
  title        = {{Auto-GPT}: An Autonomous GPT-4 Experiment},
  year         = {2023},
  howpublished = {\url{https://github.com/Significant-Gravitas/Auto-GPT}},
}

@misc{natbot,
  author       = {{Friedman}},
  title        = {{Natbot}: Drive a browser with GPT-3},
  year         = {2022},
  howpublished = {\url{https://github.com/nat/natbot}},
}

@article{gur2018learning,
  title={Learning to navigate the web},
  author={Gur, Izzeddin and Rueckert, Ulrich and Faust, Aleksandra and Hakkani-Tur, Dilek},
  journal={arXiv preprint arXiv:1812.09195},
  year={2018}
}

@misc{openai2023gpt4,
      title={{GPT-4} Technical Report}, 
      author={OpenAI},
      year={2023},
      eprint={2303.08774},
      archivePrefix={arXiv},
      primaryClass={cs.CL}
}

@article{agajanyan2021htlm,
  title={HTLM: Hyper-Text Pre-training and Prompting of Language Models},
  author={Aghajanyan, Armen and Okhonko, Dmytro and Lewis, Mike and Joshi, Mandar and Xu, Hu and Ghosh, Gargi and Zettlemoyer, Luke},
  journal={arXiv preprint arXiv:2107.06955},
  year={2021}
}

@article{burns2022interactive,
  title={Interactive Mobile App Navigation with Uncertain or Under-specified Natural Language Commands},
  author={Burns, Andrea and Arsan, Deniz and Agrawal, Sanjna and Kumar, Ranjitha and Saenko, Kate and Plummer, Bryan A},
  journal={arXiv preprint arXiv:2202.02312},
  year={2022}
}

@inproceedings{diaz2013user,
  title={User-Driven Automation of Web Form Filling},
  author={Diaz, Oscar and Otaduy, Itziar and Puente, Gorka},
  booktitle={International Conference on Web Engineering},
  pages={171--185},
  year={2013},
}

@inproceedings{he2021actionbert,
  title={ActionBERT: Leveraging User Actions for Semantic Understanding of User Interfaces},
  author={He, Zecheng and Sunkara, Srinivas and Zang, Xiaoxue and Xu, Ying and Liu, Lijuan and Wichers, Nevan and Schubiner, Gabriel and Lee, Ruby and Chen, Jindong},
  booktitle={Proceedings of the AAAI Conference on Artificial Intelligence},
  volume={35},
  pages={5931--5938},
  year={2021}
}

@article{mazumder2020flin,
  title={FLIN: A Flexible Natural Language Interface for Web Navigation},
  author={Mazumder, Sahisnu and Riva, Oriana},
  journal={arXiv preprint arXiv:2010.12844},
  year={2020}
}

@inproceedings{nogueira2016end,
  title={End-to-End Goal-Driven Web Navigation},
  author={Nogueira, Rodrigo and Cho, Kyunghyun},
  booktitle={Advances in Neural Information Processing Systems},
  volume={29},
  year={2016}
}

@article{gur2022environment,
  title={Environment Generation for Zero-shot Compositional Reinforcement Learning},
  author={Gur, Izzeddin and Jaques, Natasha and Miao, Yang and Choi, Jiayuan and Tiwari, Manik and Lee, Honglak and Faust, Alex},
  journal={Advances in Neural Information Processing Systems},
  volume={34},
  year={2022}
}

@article{li2020mapping,
  title={Mapping Natural Language Instructions to Mobile UI Action Sequences},
  author={Li, Yao and He, Jie and Zhou, Xiaofei and Zhang, Yuan and Baldridge, Jason},
  journal={arXiv preprint arXiv:2005.03776},
  year={2020}
}


@article{wei2022chain,
  title={Chain of thought prompting elicits reasoning in large language models},
  author={Wei, Jason and Wang, Xuezhi and Schuurmans, Dale and Bosma, Maarten and Chi, Ed and Le, Quoc and Zhou, Denny},
  journal={arXiv preprint arXiv:2201.11903},
  year={2022}
}

@article{carroll2022unimask,
  title={Unimask: Unified inference in sequential decision problems},
  author={Carroll, Micah and Paradise, Orr and Lin, Jessy and Georgescu, Raluca and Sun, Mingfei and Bignell, David and Milani, Stephanie and Hofmann, Katja and Hausknecht, Matthew and Dragan, Anca and others},
  journal={arXiv preprint arXiv:2211.10869},
  year={2022}
}

@article{yao2020keep,
  title={Keep calm and explore: Language models for action generation in text-based games},
  author={Yao, Shunyu and Rao, Rohan and Hausknecht, Matthew and Narasimhan, Karthik},
  journal={arXiv preprint arXiv:2010.02903},
  year={2020}
}

@article{zeng2022socratic,
  title={Socratic models: Composing zero-shot multimodal reasoning with language},
  author={Zeng, Andy and Attarian, Maria and Ichter, Brian and Choromanski, Krzysztof and Wong, Adrian and Welker, Stefan and Tombari, Federico and Purohit, Aveek and Ryoo, Michael and Sindhwani, Vikas and Lee, Johnny and Vanhoucke, Vincent and Florence, Pete},
  journal={arXiv preprint arXiv:2204.00598},
  year={2022}
}

@article{wang2022webformer,
  title={Webformer: The web-page transformer for structure information extraction},
  author={Wang, Qifan and Fang, Yi and Ravula, Anirudh and Feng, Fuli and Quan, Xiaojun and Liu, Dongfang},
  journal={arXiv preprint arXiv:2202.00217},
  year={2022}
}

@article{gur2023real,
  title={A real-world webagent with planning, long context understanding, and program synthesis},
  author={Gur, Izzeddin and Furuta, Hiroki and Huang, Austin and Safdari, Mustafa and Matsuo, Yutaka and Eck, Douglas and Faust, Aleksandra},
  journal={arXiv preprint arXiv:2307.12856},
  year={2023}
}

@article{furuta2024multimodal,
  title={Multimodal Web Navigation with Instruction-Finetuned Foundation Models},
  author={Furuta, Hiroki and Nachum, Ofir and Lee, Kuang-Huei and Matsuo, Yutaka and Gu, Shixiang Shane and Gur, Izzeddin},
  journal=iclr,
  year={2024}
}

@article{deng2023mind2web,
  title={Mind2Web: Towards a Generalist Agent for the Web},
  author={Deng, Xiang and Gu, Yu and Zheng, Boyuan and Chen, Shijie and Stevens, Samuel and Wang, Boshi and Sun, Huan and Su, Yu},
  journal={arXiv preprint arXiv:2306.06070},
  year={2023}
}

@article{xu2021grounding,
  title={Grounding open-domain instructions to automate web support tasks},
  author={Xu, Nancy and Masling, Sam and Du, Michael and Campagna, Giovanni and Heck, Larry and Landay, James and Lam, Monica S},
  journal={arXiv preprint arXiv:2103.16057},
  year={2021}
}

@article{drouin2024workarena,
  title={WorkArena: How Capable Are Web Agents at Solving Common Knowledge Work Tasks?},
  author={Drouin, Alexandre and Gasse, Maxime and Caccia, Massimo and Laradji, Issam H and Del Verme, Manuel and Marty, Tom and Boisvert, L{\'e}o and Thakkar, Megh and Cappart, Quentin and Vazquez, David and others},
  journal={arXiv preprint arXiv:2403.07718},
  year={2024}
}

@inproceedings{lee2023pix2struct,
  title={Pix2struct: Screenshot parsing as pretraining for visual language understanding},
  author={Lee, Kenton and Joshi, Mandar and Turc, Iulia Raluca and Hu, Hexiang and Liu, Fangyu and Eisenschlos, Julian Martin and Khandelwal, Urvashi and Shaw, Peter and Chang, Ming-Wei and Toutanova, Kristina},
  booktitle=icml,
  year={2023}
}

@article{shaw2023pixels,
  title={From Pixels to UI Actions: Learning to Follow Instructions via Graphical User Interfaces},
  author={Shaw, Peter and Joshi, Mandar and Cohan, James and Berant, Jonathan and Pasupat, Panupong and Hu, Hexiang and Khandelwal, Urvashi and Lee, Kenton and Toutanova, Kristina},
  journal={arXiv preprint arXiv:2306.00245},
  year={2023}
}

@article{liu2023webglm,
  title={WebGLM: Towards An Efficient Web-Enhanced Question Answering System with Human Preferences},
  author={Liu, Xiao and Lai, Hanyu and Yu, Hao and Xu, Yifan and Zeng, Aohan and Du, Zhengxiao and Zhang, Peng and Dong, Yuxiao and Tang, Jie},
  journal={arXiv preprint arXiv:2306.07906},
  year={2023}
}

@article{zhou2023webarena,
  title={Web{A}rena: A realistic web environment for building autonomous agents},
  author={Zhou, Shuyan and Xu, Frank F and Zhu, Hao and Zhou, Xuhui and Lo, Robert and Sridhar, Abishek and Cheng, Xianyi and Bisk, Yonatan and Fried, Daniel and Alon, Uri and others},
  journal={arXiv preprint arXiv:2307.13854},
  year={2023}
}

@inproceedings{shridhar2020alfred,
  title={Alfred: A benchmark for interpreting grounded instructions for everyday tasks},
  author={Shridhar, Mohit and Thomason, Jesse and Gordon, Daniel and Bisk, Yonatan and Han, Winson and Mottaghi, Roozbeh and Zettlemoyer, Luke and Fox, Dieter},
  booktitle=cvpr,
  year={2020}
}

@article{sridhar2023hierarchical,
  title={Hierarchical Prompting Assists Large Language Model on Web Navigation},
  author={Sridhar, Abishek and Lo, Robert and Xu, Frank F and Zhu, Hao and Zhou, Shuyan},
  journal={arXiv preprint arXiv:2305.14257},
  year={2023}
}

@inproceedings{huang2022language,
  title={Language models as zero-shot planners: Extracting actionable knowledge for embodied agents},
  author={Huang, Wenlong and Abbeel, Pieter and Pathak, Deepak and Mordatch, Igor},
  booktitle=icml,
  year={2022},
}

@article{miao2023selfcheck,
  title={SelfCheck: Using LLMs to Zero-Shot Check Their Own Step-by-Step Reasoning},
  author={Miao, Ning and Teh, Yee Whye and Rainforth, Tom},
  journal={arXiv preprint arXiv:2308.00436},
  year={2023}
}

@article{wang2023survey,
  title={A Survey on Large Language Model based Autonomous Agents},
  author={Wang, Lei and Ma, Chen and Feng, Xueyang and Zhang, Zeyu and Yang, Hao and Zhang, Jingsen and Chen, Zhiyuan and Tang, Jiakai and Chen, Xu and Lin, Yankai and others},
  journal={arXiv preprint arXiv:2308.11432},
  year={2023}
}

@article{shinn2023reflexion,
  title={Reflexion: Language Agents with Verbal Reinforcement Learning.(2023)},
  author={Shinn, Noah and Cassano, Federico and Labash, Beck and Gopinath, Ashwin and Narasimhan, Karthik and Yao, Shunyu},
  journal={arXiv preprint cs.AI/2303.11366},
  year={2023}
}

@article{touvron2023llama,
  title={Llama 2: Open foundation and fine-tuned chat models},
  author={Touvron, Hugo and Martin, Louis and Stone, Kevin and Albert, Peter and Almahairi, Amjad and Babaei, Yasmine and Bashlykov, Nikolay and Batra, Soumya and Bhargava, Prajjwal and Bhosale, Shruti and others},
  journal={arXiv preprint arXiv:2307.09288},
  year={2023}
}

@article{yang2024intercode,
  title={Intercode: Standardizing and benchmarking interactive coding with execution feedback},
  author={Yang, John and Prabhakar, Akshara and Narasimhan, Karthik and Yao, Shunyu},
  journal={Advances in Neural Information Processing Systems},
  volume={36},
  year={2024}
}

@article{an2024lema,
    title={Learning From Mistakes Makes {LLM} Better Reasoner}, 
    author={Shengnan An and Zexiong Ma and Zeqi Lin and Nanning Zheng and Jian-Guang Lou and Weizhu Chen},
    year={2024},
    journal={arXiv preprint arXiv:2310.20689},
}

@article{huang2024llmselfcorrect,
    title={Large Language Models Cannot Self-Correct Reasoning Yet}, 
    author={Jie Huang and Xinyun Chen and Swaroop Mishra and Huaixiu Steven Zheng and Adams Wei Yu and Xinying Song and Denny Zhou},
    year={2024},
    journal={arXiv preprint arXiv:2310.01798},
}

@article{welleck2022selfcorrect,
    title={Generating Sequences by Learning to Self-Correct}, 
    author={Sean Welleck and Ximing Lu and Peter West and Faeze Brahman and Tianxiao Shen and Daniel Khashabi and Yejin Choi},
    year={2022},
    journal={arXiv preprint arXiv:2211.00053},
}

@article{guo2024direct,
  title={Direct language model alignment from online ai feedback},
  author={Guo, Shangmin and Zhang, Biao and Liu, Tianlin and Liu, Tianqi and Khalman, Misha and Llinares, Felipe and Rame, Alexandre and Mesnard, Thomas and Zhao, Yao and Piot, Bilal and others},
  journal={arXiv preprint arXiv:2402.04792},
  year={2024}
}

@article{vapnik2015learning,
  title={Learning using privileged information: similarity control and knowledge transfer.},
  author={Vapnik, Vladimir and Izmailov, Rauf and others},
  journal={J. Mach. Learn. Res.},
  volume={16},
  number={1},
  pages={2023--2049},
  year={2015}
}


@inproceedings{chen2020learning,
  title={Learning by cheating},
  author={Chen, Dian and Zhou, Brady and Koltun, Vladlen and Kr{\"a}henb{\"u}hl, Philipp},
  booktitle={Conference on Robot Learning},
  pages={66--75},
  year={2020},
  organization={PMLR}
}

@article{lin2018nl2bash,
  title={Nl2bash: A corpus and semantic parser for natural language interface to the linux operating system},
  author={Lin, Xi Victoria and Wang, Chenglong and Zettlemoyer, Luke and Ernst, Michael D},
  journal={arXiv preprint arXiv:1802.08979},
  year={2018}
}

@article{yu2018spider,
  title={Spider: A large-scale human-labeled dataset for complex and cross-domain semantic parsing and text-to-sql task},
  author={Yu, Tao and Zhang, Rui and Yang, Kai and Yasunaga, Michihiro and Wang, Dongxu and Li, Zifan and Ma, James and Li, Irene and Yao, Qingning and Roman, Shanelle and others},
  journal={arXiv preprint arXiv:1809.08887},
  year={2018}
}

@article{austin2021program,
  title={Program synthesis with large language models},
  author={Austin, Jacob and Odena, Augustus and Nye, Maxwell and Bosma, Maarten and Michalewski, Henryk and Dohan, David and Jiang, Ellen and Cai, Carrie and Terry, Michael and Le, Quoc and others},
  journal={arXiv preprint arXiv:2108.07732},
  year={2021}
}

@article{zhou2021hierarchical,
  title={Hierarchical control of situated agents through natural language},
  author={Zhou, Shuyan and Yin, Pengcheng and Neubig, Graham},
  journal={arXiv preprint arXiv:2109.08214},
  year={2021}
}

@inproceedings{song2023llm,
  title={Llm-planner: Few-shot grounded planning for embodied agents with large language models},
  author={Song, Chan Hee and Wu, Jiaman and Washington, Clayton and Sadler, Brian M and Chao, Wei-Lun and Su, Yu},
  booktitle=iccv,
  year={2023}
}

@inproceedings{misra2017mapping,
  title={Mapping instructions and visual observations to actions with reinforcement learning},
  author={Misra, Dipendra and Langford, John and Artzi, Yoav},
  booktitle=emnlp,
  year={2017}
}

@inproceedings{wang2023demo2code,
  title={Demo2Code: From Summarizing Demonstrations to Synthesizing Code via Extended Chain-of-Thought},
  author={Wang, Huaxiaoyue and Gonzalez-Pumariega, Gonzalo and Sharma, Yash and Choudhury, Sanjiban},
  booktitle=neurips,
  year={2023}
}