@inproceedings{ALIGN,
  title={Scaling up visual and vision-language representation learning with noisy text supervision},
  author={Jia, Chao and Yang, Yinfei and Xia, Ye and Chen, Yi-Ting and Parekh, Zarana and Pham, Hieu and Le, Quoc and Sung, Yun-Hsuan and Li, Zhen and Duerig, Tom},
  booktitle={International Conference on Machine Learning},
  pages={4904--4916},
  year={2021},
  organization={PMLR}
}

@article{AlignBeforeUse,
  title={Align before fuse: Vision and language representation learning with momentum distillation},
  author={Li, Junnan and Selvaraju, Ramprasaath and Gotmare, Akhilesh and Joty, Shafiq and Xiong, Caiming and Hoi, Steven Chu Hong},
  journal={Advances in neural information processing systems},
  volume={34},
  pages={9694--9705},
  year={2021}
}

@inproceedings{CATSeg,
  title={Cat-seg: Cost aggregation for open-vocabulary semantic segmentation},
  author={Cho, Seokju and Shin, Heeseong and Hong, Sunghwan and Arnab, Anurag and Seo, Paul Hongsuck and Kim, Seungryong},
  booktitle={Proceedings of the IEEE/CVF Conference on Computer Vision and Pattern Recognition},
  pages={4113--4123},
  year={2024}
}

@inproceedings{CLIP,
  title={Learning transferable visual models from natural language supervision},
  author={Radford, Alec and Kim, Jong Wook and Hallacy, Chris and Ramesh, Aditya and Goh, Gabriel and Agarwal, Sandhini and Sastry, Girish and Askell, Amanda and Mishkin, Pamela and Clark, Jack and others},
  booktitle={International conference on machine learning},
  pages={8748--8763},
  year={2021},
  organization={PMLR}
}

@article{CLIPSurgery,
  title={Clip surgery for better explainability with enhancement in open-vocabulary tasks},
  author={Li, Yi and Wang, Hualiang and Duan, Yiqun and Li, Xiaomeng},
  journal={arXiv preprint arXiv:2304.05653},
  year={2023}
}

@inproceedings{CLIPtrase,
  title={Explore the potential of clip for training-free open vocabulary semantic segmentation},
  author={Shao, Tong and Tian, Zhuotao and Zhao, Hang and Su, Jingyong},
  booktitle={European Conference on Computer Vision},
  pages={139--156},
  year={2025},
  organization={Springer}
}

@article{ClearCLIP,
  title={Clearclip: Decomposing clip representations for dense vision-language inference},
  author={Lan, Mengcheng and Chen, Chaofeng and Ke, Yiping and Wang, Xinjiang and Feng, Litong and Zhang, Wayne},
  journal={arXiv preprint arXiv:2407.12442},
  year={2024}
}

@article{CoCu,
  title={Rewrite caption semantics: Bridging semantic gaps for language-supervised semantic segmentation},
  author={Xing, Yun and Kang, Jian and Xiao, Aoran and Nie, Jiahao and Shao, Ling and Lu, Shijian},
  journal={Advances in Neural Information Processing Systems},
  volume={36},
  year={2024}
}

@inproceedings{CoDe,
  title={Image-Text Co-Decomposition for Text-Supervised Semantic Segmentation},
  author={Wu, Ji-Jia and Chang, Andy Chia-Hao and Chuang, Chieh-Yu and Chen, Chun-Pei and Liu, Yu-Lun and Chen, Min-Hung and Hu, Hou-Ning and Chuang, Yung-Yu and Lin, Yen-Yu},
  booktitle={Proceedings of the IEEE/CVF Conference on Computer Vision and Pattern Recognition},
  pages={26794--26803},
  year={2024}
}

@inproceedings{DetPro,
  title={Learning to prompt for open-vocabulary object detection with vision-language model},
  author={Du, Yu and Wei, Fangyun and Zhang, Zihe and Shi, Miaojing and Gao, Yue and Li, Guoqi},
  booktitle={Proceedings of the IEEE/CVF Conference on Computer Vision and Pattern Recognition},
  pages={14084--14093},
  year={2022}
}

@inproceedings{Diffusion,
  title={High-resolution image synthesis with latent diffusion models},
  author={Rombach, Robin and Blattmann, Andreas and Lorenz, Dominik and Esser, Patrick and Ommer, Bj{\"o}rn},
  booktitle={Proceedings of the IEEE/CVF conference on computer vision and pattern recognition},
  pages={10684--10695},
  year={2022}
}

@InProceedings{GEM,
    author    = {Bousselham, Walid and Petersen, Felix and Ferrari, Vittorio and Kuehne, Hilde},
    title     = {Grounding Everything: Emerging Localization Properties in Vision-Language Transformers},
    booktitle = {Proceedings of the IEEE/CVF Conference on Computer Vision and Pattern Recognition (CVPR)},
    month     = {June},
    year      = {2024},
    pages     = {3828-3837}
}

@inproceedings{GroupViT,
  title={Groupvit: Semantic segmentation emerges from text supervision},
  author={Xu, Jiarui and De Mello, Shalini and Liu, Sifei and Byeon, Wonmin and Breuel, Thomas and Kautz, Jan and Wang, Xiaolong},
  booktitle={Proceedings of the IEEE/CVF Conference on Computer Vision and Pattern Recognition},
  pages={18134--18144},
  year={2022}
}

@inproceedings{Hero,
  title={HERO: Hierarchical Encoder for Video+ Language Omni-representation Pre-training},
  author={Li, Linjie and Chen, Yen-Chun and Cheng, Yu and Gan, Zhe and Yu, Licheng and Liu, Jingjing},
  booktitle={Proceedings of the 2020 Conference on Empirical Methods in Natural Language Processing (EMNLP)},
  pages={2046--2065},
  year={2020}
}

@inproceedings{LSeg,
  title={Language-driven Semantic Segmentation},
  author={Li, Boyi and Weinberger, Kilian Q and Belongie, Serge and Koltun, Vladlen and Ranftl, Rene},
  booktitle={International Conference on Learning Representations}
}

@inproceedings{Mask2Former,
  title={Masked-attention mask transformer for universal image segmentation},
  author={Cheng, Bowen and Misra, Ishan and Schwing, Alexander G and Kirillov, Alexander and Girdhar, Rohit},
  booktitle={Proceedings of the IEEE/CVF Conference on Computer Vision and Pattern Recognition},
  pages={1290--1299},
  year={2022}
}

@inproceedings{MaskCLIP,
  title={Extract free dense labels from clip},
  author={Zhou, Chong and Loy, Chen Change and Dai, Bo},
  booktitle={Computer Vision--ECCV 2022: 17th European Conference, Tel Aviv, Israel, October 23--27, 2022, Proceedings, Part XXVIII},
  pages={696--712},
  year={2022},
  organization={Springer}
}

@inproceedings{ODISE,
  title={Open-vocabulary panoptic segmentation with text-to-image diffusion models},
  author={Xu, Jiarui and Liu, Sifei and Vahdat, Arash and Byeon, Wonmin and Wang, Xiaolong and De Mello, Shalini},
  booktitle={Proceedings of the IEEE/CVF Conference on Computer Vision and Pattern Recognition},
  pages={2955--2966},
  year={2023}
}

@inproceedings{OVSeg,
  title={Open-vocabulary semantic segmentation with mask-adapted clip},
  author={Liang, Feng and Wu, Bichen and Dai, Xiaoliang and Li, Kunpeng and Zhao, Yinan and Zhang, Hang and Zhang, Peizhao and Vajda, Peter and Marculescu, Diana},
  booktitle={Proceedings of the IEEE/CVF Conference on Computer Vision and Pattern Recognition},
  pages={7061--7070},
  year={2023}
}

@inproceedings{OpenSeg,
  title={Scaling open-vocabulary image segmentation with image-level labels},
  author={Ghiasi, Golnaz and Gu, Xiuye and Cui, Yin and Lin, Tsung-Yi},
  booktitle={European Conference on Computer Vision},
  pages={540--557},
  year={2022},
  organization={Springer}
}

@inproceedings{ReCLIP,
  title={Learn to Rectify the Bias of CLIP for Unsupervised Semantic Segmentation},
  author={Wang, Jingyun and Kang, Guoliang},
  booktitle={Proceedings of the IEEE/CVF Conference on Computer Vision and Pattern Recognition},
  pages={4102--4112},
  year={2024}
}

@inproceedings{SCLIP,
  title={Sclip: Rethinking self-attention for dense vision-language inference},
  author={Wang, Feng and Mei, Jieru and Yuille, Alan},
  booktitle={European Conference on Computer Vision},
  pages={315--332},
  year={2025},
  organization={Springer}
}

@inproceedings{Slip,
  title={Slip: Self-supervision meets language-image pre-training},
  author={Mu, Norman and Kirillov, Alexander and Wagner, David and Xie, Saining},
  booktitle={European Conference on Computer Vision},
  pages={529--544},
  year={2022},
  organization={Springer}
}

@inproceedings{TCL,
  title={Learning to generate text-grounded mask for open-world semantic segmentation from only image-text pairs},
  author={Cha, Junbum and Mun, Jonghwan and Roh, Byungseok},
  booktitle={Proceedings of the IEEE/CVF Conference on Computer Vision and Pattern Recognition},
  pages={11165--11174},
  year={2023}
}

@article{UniDetector,
  title={Detecting Everything in the Open World: Towards Universal Object Detection},
  author={Wang, Zhenyu and Li, Yali and Chen, Xi and Lim, Ser-Nam and Torralba, Antonio and Zhao, Hengshuang and Wang, Shengjin},
  journal={arXiv preprint arXiv:2303.11749},
  year={2023}
}

@inproceedings{Unicoder-vl,
  title={Unicoder-vl: A universal encoder for vision and language by cross-modal pre-training},
  author={Li, Gen and Duan, Nan and Fang, Yuejian and Gong, Ming and Jiang, Daxin},
  booktitle={Proceedings of the AAAI conference on artificial intelligence},
  volume={34},
  number={07},
  pages={11336--11344},
  year={2020}
}

@inproceedings{Uniter,
  title={UNITER: UNiversal Image-TExt Representation Learning},
  author={Chen, Yen-Chun and Li, Linjie and Yu, Licheng and El Kholy, Ahmed and Ahmed, Faisal and Gan, Zhe and Cheng, Yu and Liu, Jingjing},
  booktitle={European Conference on Computer Vision},
  pages={104--120},
  year={2020}
}

@inproceedings{Virtex,
  title={Virtex: Learning visual representations from textual annotations},
  author={Desai, Karan and Johnson, Justin},
  booktitle={Proceedings of the IEEE/CVF conference on computer vision and pattern recognition},
  pages={11162--11173},
  year={2021}
}

@inproceedings{cc12m,
  title={Conceptual 12m: Pushing web-scale image-text pre-training to recognize long-tail visual concepts},
  author={Changpinyo, Soravit and Sharma, Piyush and Ding, Nan and Soricut, Radu},
  booktitle={Proceedings of the IEEE/CVF conference on computer vision and pattern recognition},
  pages={3558--3568},
  year={2021}
}

@inproceedings{cocostuff,
  title={Coco-stuff: Thing and stuff classes in context},
  author={Caesar, Holger and Uijlings, Jasper and Ferrari, Vittorio},
  booktitle={Proceedings of the IEEE conference on computer vision and pattern recognition},
  pages={1209--1218},
  year={2018}
}

@inproceedings{viewco,
  title={ViewCo: Discovering Text-Supervised Segmentation Masks via Multi-View Semantic Consistency},
  author={Ren, Pengzhen and Li, Changlin and Xu, Hang and Zhu, Yi and Wang, Guangrun and Liu, Jianzhuang and Chang, Xiaojun and Liang, Xiaodan},
  booktitle={The Eleventh International Conference on Learning Representations}
}

@article{yfcc,
  title={Yfcc100m: The new data in multimedia research},
  author={Thomee, Bart and Shamma, David A and Friedland, Gerald and Elizalde, Benjamin and Ni, Karl and Poland, Douglas and Borth, Damian and Li, Li-Jia},
  journal={Communications of the ACM},
  volume={59},
  number={2},
  pages={64--73},
  year={2016},
  publisher={ACM New York, NY, USA}
}

