@String(PAMI = {IEEE Trans. Pattern Anal. Mach. Intell.})
@String(IJCV = {Int. J. Comput. Vis.})
@String(CVPR= {IEEE Conf. Comput. Vis. Pattern Recog.})
@String(ICCV= {Int. Conf. Comput. Vis.})
@String(ECCV= {Eur. Conf. Comput. Vis.})
@String(NIPS= {Adv. Neural Inform. Process. Syst.})
@String(ICPR = {Int. Conf. Pattern Recog.})
@String(BMVC= {Brit. Mach. Vis. Conf.})
@String(TOG= {ACM Trans. Graph.})
@String(TIP  = {IEEE Trans. Image Process.})
@String(TVCG  = {IEEE Trans. Vis. Comput. Graph.})
@String(TMM  = {IEEE Trans. Multimedia})
@String(ACMMM= {ACM Int. Conf. Multimedia})
@String(ICME = {Int. Conf. Multimedia and Expo})
@String(ICASSP=	{ICASSP})
@String(ICIP = {IEEE Int. Conf. Image Process.})
@String(ACCV  = {ACCV})
@String(ICLR = {Int. Conf. Learn. Represent.})
@String(IJCAI = {IJCAI})
@String(PR   = {Pattern Recognition})
@String(AAAI = {AAAI})
@String(CVPRW= {IEEE Conf. Comput. Vis. Pattern Recog. Worksh.})
@String(CSVT = {IEEE Trans. Circuit Syst. Video Technol.})

@String(SPL	= {IEEE Sign. Process. Letters})
@String(VR   = {Vis. Res.})
@String(JOV	 = {J. Vis.})
@String(TVC  = {The Vis. Comput.})
@String(JCST  = {J. Comput. Sci. Tech.})
@String(CGF  = {Comput. Graph. Forum})
@String(CVM = {Computational Visual Media})


@String(PAMI  = {IEEE TPAMI})
@String(IJCV  = {IJCV})
@String(CVPR  = {CVPR})
@String(ICCV  = {ICCV})
@String(ECCV  = {ECCV})
@String(NIPS  = {NeurIPS})
@String(ICPR  = {ICPR})
@String(BMVC  =	{BMVC})
@String(TOG   = {ACM TOG})
@String(TIP   = {IEEE TIP})
@String(TVCG  = {IEEE TVCG})
@String(TCSVT = {IEEE TCSVT})
@String(TMM   =	{IEEE TMM})
@String(ACMMM = {ACM MM})
@String(ICME  =	{ICME})
@String(ICASSP=	{ICASSP})
@String(ICIP  = {ICIP})
@String(ACCV  = {ACCV})
@String(ICLR  = {ICLR})
@String(IJCAI = {IJCAI})
@String(PR = {PR})
@String(AAAI = {AAAI})
@String(CVPRW= {CVPRW})
@String(CSVT = {IEEE TCSVT})



@inproceedings{CLIP,
  title={Learning transferable visual models from natural language supervision},
  author={Radford, Alec and Kim, Jong Wook and Hallacy, Chris and Ramesh, Aditya and Goh, Gabriel and Agarwal, Sandhini and Sastry, Girish and Askell, Amanda and Mishkin, Pamela and Clark, Jack and others},
  booktitle={International conference on machine learning},
  pages={8748--8763},
  year={2021},
  organization={PMLR}
}

@inproceedings{FCN,
  title={Fully convolutional networks for semantic segmentation},
  author={Long, Jonathan and Shelhamer, Evan and Darrell, Trevor},
  booktitle={Proceedings of the IEEE conference on computer vision and pattern recognition},
  pages={3431--3440},
  year={2015}
}

@inproceedings{PSPNet,
  title={Pyramid scene parsing network},
  author={Zhao, Hengshuang and Shi, Jianping and Qi, Xiaojuan and Wang, Xiaogang and Jia, Jiaya},
  booktitle={Proceedings of the IEEE conference on computer vision and pattern recognition},
  pages={2881--2890},
  year={2017}
}
@inproceedings{Mask2Former,
  title={Masked-attention mask transformer for universal image segmentation},
  author={Cheng, Bowen and Misra, Ishan and Schwing, Alexander G and Kirillov, Alexander and Girdhar, Rohit},
  booktitle={Proceedings of the IEEE/CVF Conference on Computer Vision and Pattern Recognition},
  pages={1290--1299},
  year={2022}
}

@article{Deeplabv2,
  title={DeepLab: Semantic Image Segmentation with Deep Convolutional Nets, Atrous Convolution, and Fully Connected CRFs},
  author={Chen, Liang-Chieh and Papandreou, George and Kokkinos, Iasonas and Murphy, Kevin and Yuille, Alan L},
  journal={IEEE transactions on pattern analysis and machine intelligence},
  volume={40},
  number={4},
  pages={834--848},
  year={2018}
}


@inproceedings{ReCLIP,
  title={Learn to Rectify the Bias of CLIP for Unsupervised Semantic Segmentation},
  author={Wang, Jingyun and Kang, Guoliang},
  booktitle={Proceedings of the IEEE/CVF Conference on Computer Vision and Pattern Recognition},
  pages={4102--4112},
  year={2024}
}

@inproceedings{GroupViT,
  title={Groupvit: Semantic segmentation emerges from text supervision},
  author={Xu, Jiarui and De Mello, Shalini and Liu, Sifei and Byeon, Wonmin and Breuel, Thomas and Kautz, Jan and Wang, Xiaolong},
  booktitle={Proceedings of the IEEE/CVF Conference on Computer Vision and Pattern Recognition},
  pages={18134--18144},
  year={2022}
}

@inproceedings{TCL,
  title={Learning to generate text-grounded mask for open-world semantic segmentation from only image-text pairs},
  author={Cha, Junbum and Mun, Jonghwan and Roh, Byungseok},
  booktitle={Proceedings of the IEEE/CVF Conference on Computer Vision and Pattern Recognition},
  pages={11165--11174},
  year={2023}
}

@article{CoCu,
  title={Rewrite caption semantics: Bridging semantic gaps for language-supervised semantic segmentation},
  author={Xing, Yun and Kang, Jian and Xiao, Aoran and Nie, Jiahao and Shao, Ling and Lu, Shijian},
  journal={Advances in Neural Information Processing Systems},
  volume={36},
  year={2024}
}

@inproceedings{MaskCLIP,
  title={Extract free dense labels from clip},
  author={Zhou, Chong and Loy, Chen Change and Dai, Bo},
  booktitle={Computer Vision--ECCV 2022: 17th European Conference, Tel Aviv, Israel, October 23--27, 2022, Proceedings, Part XXVIII},
  pages={696--712},
  year={2022},
  organization={Springer}
}

@inproceedings{CLIPtrase,
  title={Explore the potential of clip for training-free open vocabulary semantic segmentation},
  author={Shao, Tong and Tian, Zhuotao and Zhao, Hang and Su, Jingyong},
  booktitle={European Conference on Computer Vision},
  pages={139--156},
  year={2025},
  organization={Springer}
}

@article{ClearCLIP,
  title={Clearclip: Decomposing clip representations for dense vision-language inference},
  author={Lan, Mengcheng and Chen, Chaofeng and Ke, Yiping and Wang, Xinjiang and Feng, Litong and Zhang, Wayne},
  journal={arXiv preprint arXiv:2407.12442},
  year={2024}
}

@article{CLIPSurgery,
  title={Clip surgery for better explainability with enhancement in open-vocabulary tasks},
  author={Li, Yi and Wang, Hualiang and Duan, Yiqun and Li, Xiaomeng},
  journal={arXiv preprint arXiv:2304.05653},
  year={2023}
}

@inproceedings{SCLIP,
  title={Sclip: Rethinking self-attention for dense vision-language inference},
  author={Wang, Feng and Mei, Jieru and Yuille, Alan},
  booktitle={European Conference on Computer Vision},
  pages={315--332},
  year={2025},
  organization={Springer}
}

@inproceedings{PASCAL_Context,
  title={The role of context for object detection and semantic segmentation in the wild},
  author={Mottaghi, Roozbeh and Chen, Xianjie and Liu, Xiaobai and Cho, Nam-Gyu and Lee, Seong-Whan and Fidler, Sanja and Urtasun, Raquel and Yuille, Alan},
  booktitle={Proceedings of the IEEE conference on computer vision and pattern recognition},
  pages={891--898},
  year={2014}
}

@article{PASCAL_VOC,
  title={The pascal visual object classes (voc) challenge},
  author={Everingham, Mark and Van Gool, Luc and Williams, Christopher KI and Winn, John and Zisserman, Andrew},
  journal={International journal of computer vision},
  volume={88},
  pages={303--338},
  year={2010},
  publisher={Springer}
}

@inproceedings{ADE20K,
  title={Scene parsing through ADE20K dataset},
  author={ Zhou, B.  and  Hang, Z.  and  Fernandez, Francesco Xavier Puig  and  Fidler, S.  and  Torralba, A. },
  booktitle={2017 IEEE Conference on Computer Vision and Pattern Recognition (CVPR)},
  year={2017},
}

@inproceedings{cocostuff,
  title={Coco-stuff: Thing and stuff classes in context},
  author={Caesar, Holger and Uijlings, Jasper and Ferrari, Vittorio},
  booktitle={Proceedings of the IEEE conference on computer vision and pattern recognition},
  pages={1209--1218},
  year={2018}
}

@inproceedings{cityscapes,
  title={The cityscapes dataset for semantic urban scene understanding},
  author={Cordts, Marius and Omran, Mohamed and Ramos, Sebastian and Rehfeld, Timo and Enzweiler, Markus and Benenson, Rodrigo and Franke, Uwe and Roth, Stefan and Schiele, Bernt},
  booktitle={Proceedings of the IEEE conference on computer vision and pattern recognition},
  pages={3213--3223},
  year={2016}
}

@inproceedings{Uniter,
  title={UNITER: UNiversal Image-TExt Representation Learning},
  author={Chen, Yen-Chun and Li, Linjie and Yu, Licheng and El Kholy, Ahmed and Ahmed, Faisal and Gan, Zhe and Cheng, Yu and Liu, Jingjing},
  booktitle={European Conference on Computer Vision},
  pages={104--120},
  year={2020}
}

@inproceedings{Virtex,
  title={Virtex: Learning visual representations from textual annotations},
  author={Desai, Karan and Johnson, Justin},
  booktitle={Proceedings of the IEEE/CVF conference on computer vision and pattern recognition},
  pages={11162--11173},
  year={2021}
}

@inproceedings{Unicoder-vl,
  title={Unicoder-vl: A universal encoder for vision and language by cross-modal pre-training},
  author={Li, Gen and Duan, Nan and Fang, Yuejian and Gong, Ming and Jiang, Daxin},
  booktitle={Proceedings of the AAAI conference on artificial intelligence},
  volume={34},
  number={07},
  pages={11336--11344},
  year={2020}
}

@article{AlignBeforeUse,
  title={Align before fuse: Vision and language representation learning with momentum distillation},
  author={Li, Junnan and Selvaraju, Ramprasaath and Gotmare, Akhilesh and Joty, Shafiq and Xiong, Caiming and Hoi, Steven Chu Hong},
  journal={Advances in neural information processing systems},
  volume={34},
  pages={9694--9705},
  year={2021}
}

@inproceedings{Hero,
  title={HERO: Hierarchical Encoder for Video+ Language Omni-representation Pre-training},
  author={Li, Linjie and Chen, Yen-Chun and Cheng, Yu and Gan, Zhe and Yu, Licheng and Liu, Jingjing},
  booktitle={Proceedings of the 2020 Conference on Empirical Methods in Natural Language Processing (EMNLP)},
  pages={2046--2065},
  year={2020}
}

@inproceedings{Slip,
  title={Slip: Self-supervision meets language-image pre-training},
  author={Mu, Norman and Kirillov, Alexander and Wagner, David and Xie, Saining},
  booktitle={European Conference on Computer Vision},
  pages={529--544},
  year={2022},
  organization={Springer}
}

@inproceedings{DetPro,
  title={Learning to prompt for open-vocabulary object detection with vision-language model},
  author={Du, Yu and Wei, Fangyun and Zhang, Zihe and Shi, Miaojing and Gao, Yue and Li, Guoqi},
  booktitle={Proceedings of the IEEE/CVF Conference on Computer Vision and Pattern Recognition},
  pages={14084--14093},
  year={2022}
}

@article{UniDetector,
  title={Detecting Everything in the Open World: Towards Universal Object Detection},
  author={Wang, Zhenyu and Li, Yali and Chen, Xi and Lim, Ser-Nam and Torralba, Antonio and Zhao, Hengshuang and Wang, Shengjin},
  journal={arXiv preprint arXiv:2303.11749},
  year={2023}
}

@inproceedings{ALIGN,
  title={Scaling up visual and vision-language representation learning with noisy text supervision},
  author={Jia, Chao and Yang, Yinfei and Xia, Ye and Chen, Yi-Ting and Parekh, Zarana and Pham, Hieu and Le, Quoc and Sung, Yun-Hsuan and Li, Zhen and Duerig, Tom},
  booktitle={International Conference on Machine Learning},
  pages={4904--4916},
  year={2021},
  organization={PMLR}
}

@inproceedings{ODISE,
  title={Open-vocabulary panoptic segmentation with text-to-image diffusion models},
  author={Xu, Jiarui and Liu, Sifei and Vahdat, Arash and Byeon, Wonmin and Wang, Xiaolong and De Mello, Shalini},
  booktitle={Proceedings of the IEEE/CVF Conference on Computer Vision and Pattern Recognition},
  pages={2955--2966},
  year={2023}
}

@inproceedings{CoDe,
  title={Image-Text Co-Decomposition for Text-Supervised Semantic Segmentation},
  author={Wu, Ji-Jia and Chang, Andy Chia-Hao and Chuang, Chieh-Yu and Chen, Chun-Pei and Liu, Yu-Lun and Chen, Min-Hung and Hu, Hou-Ning and Chuang, Yung-Yu and Lin, Yen-Yu},
  booktitle={Proceedings of the IEEE/CVF Conference on Computer Vision and Pattern Recognition},
  pages={26794--26803},
  year={2024}
}

@inproceedings{viewco,
  title={ViewCo: Discovering Text-Supervised Segmentation Masks via Multi-View Semantic Consistency},
  author={Ren, Pengzhen and Li, Changlin and Xu, Hang and Zhu, Yi and Wang, Guangrun and Liu, Jianzhuang and Chang, Xiaojun and Liang, Xiaodan},
  booktitle={The Eleventh International Conference on Learning Representations}
}

@inproceedings{OpenSeg,
  title={Scaling open-vocabulary image segmentation with image-level labels},
  author={Ghiasi, Golnaz and Gu, Xiuye and Cui, Yin and Lin, Tsung-Yi},
  booktitle={European Conference on Computer Vision},
  pages={540--557},
  year={2022},
  organization={Springer}
}

@inproceedings{OVSeg,
  title={Open-vocabulary semantic segmentation with mask-adapted clip},
  author={Liang, Feng and Wu, Bichen and Dai, Xiaoliang and Li, Kunpeng and Zhao, Yinan and Zhang, Hang and Zhang, Peizhao and Vajda, Peter and Marculescu, Diana},
  booktitle={Proceedings of the IEEE/CVF Conference on Computer Vision and Pattern Recognition},
  pages={7061--7070},
  year={2023}
}

@inproceedings{LSeg,
  title={Language-driven Semantic Segmentation},
  author={Li, Boyi and Weinberger, Kilian Q and Belongie, Serge and Koltun, Vladlen and Ranftl, Rene},
  booktitle={International Conference on Learning Representations}
}

@inproceedings{CLIP-S4,
  title={CLIP-S4: Language-Guided Self-Supervised Semantic Segmentation},
  author={He, Wenbin and Jamonnak, Suphanut and Gou, Liang and Ren, Liu},
  booktitle={Proceedings of the IEEE/CVF Conference on Computer Vision and Pattern Recognition},
  pages={11207--11216},
  year={2023}
}

@article{Transformer,
  title={Attention is all you need},
  author={Vaswani, Ashish and Shazeer, Noam and Parmar, Niki and Uszkoreit, Jakob and Jones, Llion and Gomez, Aidan N and Kaiser, {\L}ukasz and Polosukhin, Illia},
  journal={Advances in neural information processing systems},
  volume={30},
  year={2017}
}

@article{MaskFormer,
  title={Per-pixel classification is not all you need for semantic segmentation},
  author={Cheng, Bowen and Schwing, Alex and Kirillov, Alexander},
  journal={Advances in Neural Information Processing Systems},
  volume={34},
  pages={17864--17875},
  year={2021}
}

@inproceedings{Deeplabv1,
  title={Semantic Image Segmentation with Deep Convolutional Nets and Fully Connected CRFs},
  author={Liang-Chieh, Chen and Papandreou, George and Kokkinos, Iasonas and Murphy, Kevin and others},
  booktitle={International Conference on Learning Representations},
  year={2015}
}

@InProceedings{SimSeg,
    author    = {Yi, Muyang and Cui, Quan and Wu, Hao and Yang, Cheng and Yoshie, Osamu and Lu, Hongtao},
    title     = {A Simple Framework for Text-Supervised Semantic Segmentation},
    booktitle = {Proceedings of the IEEE/CVF Conference on Computer Vision and Pattern Recognition (CVPR)},
    month     = {June},
    year      = {2023},
    pages     = {7071-7080}
}

@inproceedings{CATSeg,
  title={Cat-seg: Cost aggregation for open-vocabulary semantic segmentation},
  author={Cho, Seokju and Shin, Heeseong and Hong, Sunghwan and Arnab, Anurag and Seo, Paul Hongsuck and Kim, Seungryong},
  booktitle={Proceedings of the IEEE/CVF Conference on Computer Vision and Pattern Recognition},
  pages={4113--4123},
  year={2024}
}

@inproceedings{Diffusion,
  title={High-resolution image synthesis with latent diffusion models},
  author={Rombach, Robin and Blattmann, Andreas and Lorenz, Dominik and Esser, Patrick and Ommer, Bj{\"o}rn},
  booktitle={Proceedings of the IEEE/CVF conference on computer vision and pattern recognition},
  pages={10684--10695},
  year={2022}
}

@inproceedings{cc12m,
  title={Conceptual 12m: Pushing web-scale image-text pre-training to recognize long-tail visual concepts},
  author={Changpinyo, Soravit and Sharma, Piyush and Ding, Nan and Soricut, Radu},
  booktitle={Proceedings of the IEEE/CVF conference on computer vision and pattern recognition},
  pages={3558--3568},
  year={2021}
}

@article{yfcc,
  title={Yfcc100m: The new data in multimedia research},
  author={Thomee, Bart and Shamma, David A and Friedland, Gerald and Elizalde, Benjamin and Ni, Karl and Poland, Douglas and Borth, Damian and Li, Li-Jia},
  journal={Communications of the ACM},
  volume={59},
  number={2},
  pages={64--73},
  year={2016},
  publisher={ACM New York, NY, USA}
}

@InProceedings{GEM,
    author    = {Bousselham, Walid and Petersen, Felix and Ferrari, Vittorio and Kuehne, Hilde},
    title     = {Grounding Everything: Emerging Localization Properties in Vision-Language Transformers},
    booktitle = {Proceedings of the IEEE/CVF Conference on Computer Vision and Pattern Recognition (CVPR)},
    month     = {June},
    year      = {2024},
    pages     = {3828-3837}
}

@software{OpenCLIP,
  author       = {Ilharco, Gabriel and
                  Wortsman, Mitchell and
                  Wightman, Ross and
                  Gordon, Cade and
                  Carlini, Nicholas and
                  Taori, Rohan and
                  Dave, Achal and
                  Shankar, Vaishaal and
                  Namkoong, Hongseok and
                  Miller, John and
                  Hajishirzi, Hannaneh and
                  Farhadi, Ali and
                  Schmidt, Ludwig},
  title        = {OpenCLIP},
  month        = jul,
  year         = 2021,
  note         = {If you use this software, please cite it as below.},
  publisher    = {Zenodo},
  version      = {0.1},
  doi          = {10.5281/zenodo.5143773},
  url          = {https://doi.org/10.5281/zenodo.5143773}
}

@article{MetaCLIP,
  title={Demystifying clip data},
  author={Xu, Hu and Xie, Saining and Tan, Xiaoqing Ellen and Huang, Po-Yao and Howes, Russell and Sharma, Vasu and Li, Shang-Wen and Ghosh, Gargi and Zettlemoyer, Luke and Feichtenhofer, Christoph},
  journal={arXiv preprint arXiv:2309.16671},
  year={2023}
}

@inproceedings{proxyclip,
      title={ProxyCLIP: Proxy Attention Improves CLIP for Open-Vocabulary Segmentation}, 
      author={Mengcheng Lan and Chaofeng Chen and Yiping Ke and Xinjiang Wang and Litong Feng and Wayne Zhang},
      booktitle={ECCV},
      year={2024},
}

@inproceedings{DINO,
  title={Emerging properties in self-supervised vision transformers},
  author={Caron, Mathilde and Touvron, Hugo and Misra, Ishan and J{\'e}gou, Herv{\'e} and Mairal, Julien and Bojanowski, Piotr and Joulin, Armand},
  booktitle={Proceedings of the IEEE/CVF international conference on computer vision},
  pages={9650--9660},
  year={2021}
}

@inproceedings{SAM,
  title={Segment anything},
  author={Kirillov, Alexander and Mintun, Eric and Ravi, Nikhila and Mao, Hanzi and Rolland, Chloe and Gustafson, Laura and Xiao, Tete and Whitehead, Spencer and Berg, Alexander C and Lo, Wan-Yen and others},
  booktitle={Proceedings of the IEEE/CVF international conference on computer vision},
  pages={4015--4026},
  year={2023}
}

@inproceedings{SD,
  title={High-resolution image synthesis with latent diffusion models},
  author={Rombach, Robin and Blattmann, Andreas and Lorenz, Dominik and Esser, Patrick and Ommer, Bj{\"o}rn},
  booktitle={Proceedings of the IEEE/CVF conference on computer vision and pattern recognition},
  pages={10684--10695},
  year={2022}
}