@InProceedings{Bassily2023priv_adp_from_pub_source,
  title = 	 {Principled Approaches for Private Adaptation from a Public Source},
  author =       {Bassily, Raef and Mohri, Mehryar and Suresh, Ananda Theertha},
  booktitle = 	 {Proceedings of The 26th International Conference on Artificial Intelligence and Statistics},
  pages = 	 {8405--8432},
  year = 	 {2023},
  editor = 	 {Ruiz, Francisco and Dy, Jennifer and van de Meent, Jan-Willem},
  volume = 	 {206},
  series = 	 {Proceedings of Machine Learning Research},
  month = 	 {25--27 Apr},
  publisher =    {PMLR},
  pdf = 	 {https://proceedings.mlr.press/v206/bassily23a/bassily23a.pdf},
  url = 	 {https://proceedings.mlr.press/v206/bassily23a.html}
}

@inproceedings{Feldman2018privacy_amp_iter,
   title={Privacy Amplification by Iteration},
   url={http://dx.doi.org/10.1109/FOCS.2018.00056},
   DOI={10.1109/focs.2018.00056},
   booktitle={2018 IEEE 59th Annual Symposium on Foundations of Computer Science (FOCS)},
   publisher={IEEE},
   author={Feldman, Vitaly and Mironov, Ilya and Talwar, Kunal and Thakurta, Abhradeep},
   year={2018},
   month=oct }

@inproceedings{Woodworth2023two_losses,
author = {Woodworth, Blake and Mishchenko, Konstantin and Bach, Francis},
title = {Two losses are better than one: faster optimization using a cheaper proxy},
year = {2023},
publisher = {JMLR.org},
booktitle = {Proceedings of the 40th International Conference on Machine Learning},
articleno = {1551},
numpages = {20},
location = {Honolulu, Hawaii, USA},
series = {ICML'23}
}

@InProceedings{bassily20priv_query_release_pub_data,
  title = 	 {Private Query Release Assisted by Public Data},
  author =       {Bassily, Raef and Cheu, Albert and Moran, Shay and Nikolov, Aleksandar and Ullman, Jonathan and Wu, Steven},
  booktitle = 	 {Proceedings of the 37th International Conference on Machine Learning},
  pages = 	 {695--703},
  year = 	 {2020},
  editor = 	 {III, Hal Daumé and Singh, Aarti},
  volume = 	 {119},
  series = 	 {Proceedings of Machine Learning Research},
  month = 	 {13--18 Jul},
  publisher =    {PMLR},
  pdf = 	 {http://proceedings.mlr.press/v119/bassily20a/bassily20a.pdf},
  url = 	 {https://proceedings.mlr.press/v119/bassily20a.html}
}

@inproceedings{liu2024last_iterate_shuffled_gradient,
author = {Liu, Zijian and Zhou, Zhengyuan},
title = {On the last-iterate convergence of shuffling gradient methods},
year = {2025},
publisher = {JMLR.org},
booktitle = {Proceedings of the 41st International Conference on Machine Learning},
articleno = {1318},
numpages = {38},
location = {Vienna, Austria},
series = {ICML'24}
}

@misc{mishchenko2021prox_fed_rr,
      title={Proximal and Federated Random Reshuffling}, 
      author={Konstantin Mishchenko and Ahmed Khaled and Peter Richtárik},
      year={2021},
      eprint={2102.06704},
      archivePrefix={arXiv},
      primaryClass={cs.LG},
      url={https://arxiv.org/abs/2102.06704}, 
}

@misc{mishchenko2021rr,
      title={Random Reshuffling: Simple Analysis with Vast Improvements}, 
      author={Konstantin Mishchenko and Ahmed Khaled and Peter Richtárik},
      year={2021},
      eprint={2006.05988},
      archivePrefix={arXiv},
      primaryClass={math.OC},
      url={https://arxiv.org/abs/2006.05988}, 
}

