@article{dwork2014algorithmic,
  title={The algorithmic foundations of differential privacy.},
  author={Dwork, Cynthia and Roth, Aaron and others},
  journal={Found. Trends Theor. Comput. Sci.},
  volume={9},
  number={3-4},
  pages={211--407},
  year={2014}
}

@inproceedings{Mironov2017rdp,
   title={Rényi Differential Privacy},
   url={http://dx.doi.org/10.1109/CSF.2017.11},
   DOI={10.1109/csf.2017.11},
   booktitle={2017 IEEE 30th Computer Security Foundations Symposium (CSF)},
   publisher={IEEE},
   author={Mironov, Ilya},
   year={2017},
   month=aug }


@inproceedings{Feldman2018privacy_amp_iter,
   title={Privacy Amplification by Iteration},
   url={http://dx.doi.org/10.1109/FOCS.2018.00056},
   DOI={10.1109/focs.2018.00056},
   booktitle={2018 IEEE 59th Annual Symposium on Foundations of Computer Science (FOCS)},
   publisher={IEEE},
   author={Feldman, Vitaly and Mironov, Ilya and Talwar, Kunal and Thakurta, Abhradeep},
   year={2018},
   month=oct }


@inproceedings{
ye2022singapore_paper,
title={Differentially Private Learning Needs Hidden State (Or Much Faster Convergence)},
author={Jiayuan Ye and Reza Shokri},
booktitle={Advances in Neural Information Processing Systems},
editor={Alice H. Oh and Alekh Agarwal and Danielle Belgrave and Kyunghyun Cho},
year={2022},
url={https://openreview.net/forum?id=ipAz7H8pPnI}
}

@inproceedings{
altschuler2022apple_paper,
title={Privacy of Noisy Stochastic Gradient Descent: More Iterations without More Privacy Loss},
author={Jason Altschuler and Kunal Talwar},
booktitle={Advances in Neural Information Processing Systems},
editor={Alice H. Oh and Alekh Agarwal and Danielle Belgrave and Kyunghyun Cho},
year={2022},
url={https://openreview.net/forum?id=pDUYkwrx__w}
}


@inproceedings{Woodworth2023two_losses,
author = {Woodworth, Blake and Mishchenko, Konstantin and Bach, Francis},
title = {Two losses are better than one: faster optimization using a cheaper proxy},
year = {2023},
publisher = {JMLR.org},
booktitle = {Proceedings of the 40th International Conference on Machine Learning},
articleno = {1551},
numpages = {20},
location = {Honolulu, Hawaii, USA},
series = {ICML'23}
}


@misc{block2024oracle_efficient_learning_pub_data,
      title={Oracle-Efficient Differentially Private Learning with Public Data}, 
      author={Adam Block and Mark Bun and Rathin Desai and Abhishek Shetty and Steven Wu},
      year={2024},
      eprint={2402.09483},
      archivePrefix={arXiv},
      primaryClass={stat.ML},
      url={https://arxiv.org/abs/2402.09483}, 
}


@article{Wang2020dp_small_pub_data, title={Differentially Private Learning with Small Public Data}, volume={34}, url={https://ojs.aaai.org/index.php/AAAI/article/view/6088}, DOI={10.1609/aaai.v34i04.6088}, number={04}, journal={Proceedings of the AAAI Conference on Artificial Intelligence}, author={Wang, Jun and Zhou, Zhi-Hua}, year={2020}, month={Apr.}, pages={6219-6226} }



@InProceedings{chua2024how_private_dp_sgd,
  title = 	 {How Private are {DP}-{SGD} Implementations?},
  author =       {Chua, Lynn and Ghazi, Badih and Kamath, Pritish and Kumar, Ravi and Manurangsi, Pasin and Sinha, Amer and Zhang, Chiyuan},
  booktitle = 	 {Proceedings of the 41st International Conference on Machine Learning},
  pages = 	 {8904--8918},
  year = 	 {2024},
  editor = 	 {Salakhutdinov, Ruslan and Kolter, Zico and Heller, Katherine and Weller, Adrian and Oliver, Nuria and Scarlett, Jonathan and Berkenkamp, Felix},
  volume = 	 {235},
  series = 	 {Proceedings of Machine Learning Research},
  month = 	 {21--27 Jul},
  publisher =    {PMLR},
  pdf = 	 {https://raw.githubusercontent.com/mlresearch/v235/main/assets/chua24a/chua24a.pdf},
  url = 	 {https://proceedings.mlr.press/v235/chua24a.html},
}


@inproceedings{bassily2014private_erm,
author = {Bassily, Raef and Smith, Adam and Thakurta, Abhradeep},
title = {Private Empirical Risk Minimization: Efficient Algorithms and Tight Error Bounds},
year = {2014},
isbn = {9781479965175},
publisher = {IEEE Computer Society},
address = {USA},
url = {https://doi.org/10.1109/FOCS.2014.56},
doi = {10.1109/FOCS.2014.56},
booktitle = {Proceedings of the 2014 IEEE 55th Annual Symposium on Foundations of Computer Science},
pages = {464–473},
numpages = {10},
series = {FOCS '14}
}



@inproceedings{liu2024last_iterate_shuffled_gradient,
author = {Liu, Zijian and Zhou, Zhengyuan},
title = {On the last-iterate convergence of shuffling gradient methods},
year = {2025},
publisher = {JMLR.org},
booktitle = {Proceedings of the 41st International Conference on Machine Learning},
articleno = {1318},
numpages = {38},
location = {Vienna, Austria},
series = {ICML'24}
}



@misc{mishchenko2021rr,
      title={Random Reshuffling: Simple Analysis with Vast Improvements}, 
      author={Konstantin Mishchenko and Ahmed Khaled and Peter Richtárik},
      year={2021},
      eprint={2006.05988},
      archivePrefix={arXiv},
      primaryClass={math.OC},
      url={https://arxiv.org/abs/2006.05988}, 
}


@misc{mishchenko2021prox_fed_rr,
      title={Proximal and Federated Random Reshuffling}, 
      author={Konstantin Mishchenko and Ahmed Khaled and Peter Richtárik},
      year={2021},
      eprint={2102.06704},
      archivePrefix={arXiv},
      primaryClass={cs.LG},
      url={https://arxiv.org/abs/2102.06704}, 
}


@ARTICLE{wang2021fednova,
  author={Wang, Jianyu and Liu, Qinghua and Liang, Hao and Joshi, Gauri and Poor, H. Vincent},
  journal={IEEE Transactions on Signal Processing}, 
  title={A Novel Framework for the Analysis and Design of Heterogeneous Federated Learning}, 
  year={2021},
  volume={69},
  number={},
  pages={5234-5249},
  keywords={Convergence;Optimization;Collaborative work;Computational modeling;Analytical models;Training;Servers;Federated learning;distributed optimization},
  doi={10.1109/TSP.2021.3106104}}


@inproceedings{
fang2023dpsgd_grad_clipping,
title={Improved Convergence of Differential Private {SGD} with Gradient Clipping},
author={Huang Fang and Xiaoyun Li and Chenglin Fan and Ping Li},
booktitle={The Eleventh International Conference on Learning Representations },
year={2023},
url={https://openreview.net/forum?id=FRLswckPXQ5}
}

@misc{smith2021dp_lecture_gd,
    title={Privacy in Statistics and Machine Learning, Lecture 12: Private Gradient Descent},
    author={Adam Smith, Jonathan Ullman},
    year={2021},
    url = {https://dpcourse.github.io/2021-spring/lecnotes-web/lec-12-GD.pdf}
}


@inproceedings{
chua2024scalable_dp,
title={Scalable {DP}-{SGD}: Shuffling vs. Poisson Subsampling},
author={Lynn Chua and Badih Ghazi and Pritish Kamath and Ravi Kumar and Pasin Manurangsi and Amer Sinha and Chiyuan Zhang},
booktitle={The Thirty-eighth Annual Conference on Neural Information Processing Systems},
year={2024},
url={https://openreview.net/forum?id=6gMnj9oc6d}
}

@inproceedings{Abadi2016dpsgd, 
series={CCS’16},
   title={Deep Learning with Differential Privacy},
   url={http://dx.doi.org/10.1145/2976749.2978318},
   DOI={10.1145/2976749.2978318},
   booktitle={Proceedings of the 2016 ACM SIGSAC Conference on Computer and Communications Security},
   publisher={ACM},
   author={Abadi, Martin and Chu, Andy and Goodfellow, Ian and McMahan, H. Brendan and Mironov, Ilya and Talwar, Kunal and Zhang, Li},
   year={2016},
   month=oct, collection={CCS’16} }



@misc{kairouz2021dp_ftrl,
      title={Practical and Private (Deep) Learning without Sampling or Shuffling}, 
      author={Peter Kairouz and Brendan McMahan and Shuang Song and Om Thakkar and Abhradeep Thakurta and Zheng Xu},
      year={2021},
      eprint={2103.00039},
      archivePrefix={arXiv},
      primaryClass={cs.CR},
      url={https://arxiv.org/abs/2103.00039}, 
}


@misc{choquettechoo2023mf_mechanism,
      title={Multi-Epoch Matrix Factorization Mechanisms for Private Machine Learning}, 
      author={Christopher A. Choquette-Choo and H. Brendan McMahan and Keith Rush and Abhradeep Thakurta},
      year={2023},
      eprint={2211.06530},
      archivePrefix={arXiv},
      primaryClass={cs.LG},
      url={https://arxiv.org/abs/2211.06530}, 
}


@article{Ponomareva2023dpfyml,
   title={How to DP-fy ML: A Practical Guide to Machine Learning with Differential Privacy},
   volume={77},
   ISSN={1076-9757},
   url={http://dx.doi.org/10.1613/jair.1.14649},
   DOI={10.1613/jair.1.14649},
   journal={Journal of Artificial Intelligence Research},
   publisher={AI Access Foundation},
   author={Ponomareva, Natalia and Hazimeh, Hussein and Kurakin, Alex and Xu, Zheng and Denison, Carson and McMahan, H. Brendan and Vassilvitskii, Sergei and Chien, Steve and Thakurta, Abhradeep Guha},
   year={2023},
   month=jul, pages={1113–1201} }


@inproceedings{
ullah2024public_data_priv_sco,
title={Public-data Assisted Private Stochastic Optimization: Power and Limitations},
author={Enayat Ullah and Michael Menart and Raef Bassily and Crist{\'o}bal A Guzm{\'a}n and Raman Arora},
booktitle={The Thirty-eighth Annual Conference on Neural Information Processing Systems},
year={2024},
url={https://openreview.net/forum?id=j14wStqZni}
}

@inproceedings{
yu2022dp_fine_tune_lm,
title={Differentially Private Fine-tuning of Language Models},
author={Da Yu and Saurabh Naik and Arturs Backurs and Sivakanth Gopi and Huseyin A Inan and Gautam Kamath and Janardhan Kulkarni and Yin Tat Lee and Andre Manoel and Lukas Wutschitz and Sergey Yekhanin and Huishuai Zhang},
booktitle={International Conference on Learning Representations},
year={2022},
url={https://openreview.net/forum?id=Q42f0dfjECO}
}

@misc{
bu2023dp_fine_tune_fm,
title={Differentially private Bias-Term Only Fine-tuning of Foundation Models},
author={Zhiqi Bu and Yu-Xiang Wang and Sheng Zha and George Karypis},
year={2023},
url={https://openreview.net/forum?id=zoTUH3Fjup}
}

@inproceedings{
block2024oracleefficient_dp_learning,
title={Oracle-Efficient Differentially Private Learning with Public Data},
author={Adam Block and Mark Bun and Rathin Desai and Abhishek Shetty and Steven Wu},
booktitle={The Thirty-eighth Annual Conference on Neural Information Processing Systems},
year={2024},
url={https://openreview.net/forum?id=BAjjINf0Oh}
}


@InProceedings{bassily20priv_query_release_pub_data,
  title = 	 {Private Query Release Assisted by Public Data},
  author =       {Bassily, Raef and Cheu, Albert and Moran, Shay and Nikolov, Aleksandar and Ullman, Jonathan and Wu, Steven},
  booktitle = 	 {Proceedings of the 37th International Conference on Machine Learning},
  pages = 	 {695--703},
  year = 	 {2020},
  editor = 	 {III, Hal Daumé and Singh, Aarti},
  volume = 	 {119},
  series = 	 {Proceedings of Machine Learning Research},
  month = 	 {13--18 Jul},
  publisher =    {PMLR},
  pdf = 	 {http://proceedings.mlr.press/v119/bassily20a/bassily20a.pdf},
  url = 	 {https://proceedings.mlr.press/v119/bassily20a.html}
}


@inproceedings{
zhou2021bypassing,
title={Bypassing the Ambient Dimension: Private {\{}SGD{\}} with Gradient Subspace Identification},
author={Yingxue Zhou and Steven Wu and Arindam Banerjee},
booktitle={International Conference on Learning Representations},
year={2021},
url={https://openreview.net/forum?id=7dpmlkBuJFC}
}


@InProceedings{kairouz2021priv_erm_pub_subspace,
  title = 	 {(Nearly) Dimension Independent Private ERM with AdaGrad Rates\\{via} Publicly Estimated Subspaces},
  author =       {Kairouz, Peter and Diaz, Monica Ribero and Rush, Keith and Thakurta, Abhradeep},
  booktitle = 	 {Proceedings of Thirty Fourth Conference on Learning Theory},
  pages = 	 {2717--2746},
  year = 	 {2021},
  editor = 	 {Belkin, Mikhail and Kpotufe, Samory},
  volume = 	 {134},
  series = 	 {Proceedings of Machine Learning Research},
  month = 	 {15--19 Aug},
  publisher =    {PMLR},
  pdf = 	 {http://proceedings.mlr.press/v134/kairouz21a/kairouz21a.pdf},
  url = 	 {https://proceedings.mlr.press/v134/kairouz21a.html}
}


@misc{tensorflow_privacy,
  title = {Introducing TensorFlow Privacy: Learning with Differential Privacy for Training Data},
  author = {Carey Radebaugh and Ulfar Erlingsson},
  year = {2019},
  url = {blog.tensorflow.org},
}

@misc{pytorch_opacus,
      title={Opacus: User-Friendly Differential Privacy Library in PyTorch}, 
      author={Ashkan Yousefpour and Igor Shilov and Alexandre Sablayrolles and Davide Testuggine and Karthik Prasad and Mani Malek and John Nguyen and Sayan Ghosh and Akash Bharadwaj and Jessica Zhao and Graham Cormode and Ilya Mironov},
      year={2022},
      eprint={2109.12298},
      archivePrefix={arXiv},
      primaryClass={cs.LG},
      url={https://arxiv.org/abs/2109.12298}, 
}


@misc{liu2024last_iterate_sgd,
      title={Revisiting the Last-Iterate Convergence of Stochastic Gradient Methods}, 
      author={Zijian Liu and Zhengyuan Zhou},
      year={2024},
      eprint={2312.08531},
      archivePrefix={arXiv},
      primaryClass={cs.LG},
      url={https://arxiv.org/abs/2312.08531}, 
}



@inproceedings{
bendavid2023private_dist_learning_pub_data,
title={Private Distribution Learning with Public Data: The View from Sample Compression},
author={Shai Ben-David and Alex Bie and Clement Louis Canonne and Gautam Kamath and Vikrant Singhal},
booktitle={Thirty-seventh Conference on Neural Information Processing Systems},
year={2023},
url={https://openreview.net/forum?id=nDIrJmKPd5}
}

@inproceedings{
bie2022private_est_pub_data_shift,
title={Private Estimation with Public Data},
author={Alex Bie and Gautam Kamath and Vikrant Singhal},
booktitle={Advances in Neural Information Processing Systems},
editor={Alice H. Oh and Alekh Agarwal and Danielle Belgrave and Kyunghyun Cho},
year={2022},
url={https://openreview.net/forum?id=YpyGV_i8Z_J}
}


@InProceedings{Bassily2023priv_adp_from_pub_source,
  title = 	 {Principled Approaches for Private Adaptation from a Public Source},
  author =       {Bassily, Raef and Mohri, Mehryar and Suresh, Ananda Theertha},
  booktitle = 	 {Proceedings of The 26th International Conference on Artificial Intelligence and Statistics},
  pages = 	 {8405--8432},
  year = 	 {2023},
  editor = 	 {Ruiz, Francisco and Dy, Jennifer and van de Meent, Jan-Willem},
  volume = 	 {206},
  series = 	 {Proceedings of Machine Learning Research},
  month = 	 {25--27 Apr},
  publisher =    {PMLR},
  pdf = 	 {https://proceedings.mlr.press/v206/bassily23a/bassily23a.pdf},
  url = 	 {https://proceedings.mlr.press/v206/bassily23a.html}
}


@InProceedings{Shamir2013sgd,
  title = 	 {Stochastic Gradient Descent for Non-smooth Optimization: Convergence Results and Optimal Averaging Schemes},
  author = 	 {Shamir, Ohad and Zhang, Tong},
  booktitle = 	 {Proceedings of the 30th International Conference on Machine Learning},
  pages = 	 {71--79},
  year = 	 {2013},
  editor = 	 {Dasgupta, Sanjoy and McAllester, David},
  volume = 	 {28},
  number =       {1},
  series = 	 {Proceedings of Machine Learning Research},
  address = 	 {Atlanta, Georgia, USA},
  month = 	 {17--19 Jun},
  publisher =    {PMLR},
  pdf = 	 {http://proceedings.mlr.press/v28/shamir13.pdf},
  url = 	 {https://proceedings.mlr.press/v28/shamir13.html},
}


@misc{kurakin2024llm_priv_synth,
      title={Harnessing large-language models to generate private synthetic text}, 
      author={Alexey Kurakin and Natalia Ponomareva and Umar Syed and Liam MacDermed and Andreas Terzis},
      year={2024},
      eprint={2306.01684},
      archivePrefix={arXiv},
      primaryClass={cs.LG},
      url={https://arxiv.org/abs/2306.01684}, 
}
