@article{Russo2014-learning,
  title={Learning to optimize via posterior sampling},
  author={Russo, Daniel and Van Roy, Benjamin},
  journal={Mathematics of Operations Research},
  volume={39},
  number={4},
  pages={1221--1243},
  year={2014},
  publisher={INFORMS}
}

@article{bull2011convergence,
  title={Convergence rates of efficient global optimization algorithms.},
  author={Bull, Adam D},
  journal={Journal of Machine Learning Research},
  year={2011}
}

@InProceedings{cai2021on,
  title = 	 {On Lower Bounds for Standard and Robust {G}aussian Process Bandit Optimization},
  author =       {Cai, Xu and Scarlett, Jonathan},
  booktitle = 	 {Proceedings of the 38th International Conference on Machine Learning},
  pages = 	 {1216--1226},
  year = 	 {2021},
  volume = 	 {139},
  series = 	 {Proceedings of Machine Learning Research},
  publisher =    {PMLR}
}
  editor = 	 {Meila, Marina and Zhang, Tong},
  month = 	 {18--24 Jul},
  pdf = 	 {http://proceedings.mlr.press/v139/cai21f/cai21f.pdf},
  url = 	 {https://proceedings.mlr.press/v139/cai21f.html}

@inproceedings{camilleri2021high,
  title={High-dimensional experimental design and kernel bandits},
  author={Camilleri, Romain and Jamieson, Kevin and Katz-Samuels, Julian},
  booktitle={Proc. International Conference on Machine Learning (ICML)},
  year={2021},
}

@inproceedings{chowdhury2017kernelized,
  title={On kernelized multi-armed bandits},
  author={Sayak Ray Chowdhury and Aditya Gopalan},
  booktitle={Proc. International Conference on Machine Learning (ICML)},
  year={2017}
}

@article{flynn2024tighter,
  title={Tighter Confidence Bounds for Sequential Kernel Regression},
  author={Flynn, Hamish and Reeb, David},
  journal={arXiv preprint arXiv:2401.17037},
  year={2024}
}

@inproceedings{freitas2012exponential,
author = {De Freitas, Nando and Smola, Alex J. and Zoghi, Masrour},
title = {Exponential regret bounds for {G}aussian process bandits with deterministic observations},
year = {2012},
publisher = {Omnipress},
booktitle = {Proceedings of the 29th International Conference on International Conference on Machine Learning},
pages = {955–962}
}
isbn = {9781450312851},
address = {Madison, WI, USA},
numpages = {8},
location = {Edinburgh, Scotland}

@InProceedings{janz2020bandit,
  title = 	 {Bandit optimisation of functions in the {M}atérn kernel {RKHS}},
  author =       {Janz, David and Burt, David and Gonzalez, Javier},
  booktitle = 	 {Proceedings of the Twenty Third International Conference on Artificial Intelligence and Statistics},
  pages = 	 {2486--2495},
  year = 	 {2020},
  volume = 	 {108},
  series = 	 {Proceedings of Machine Learning Research},
  publisher =    {PMLR}
}
  editor = 	 {Chiappa, Silvia and Calandra, Roberto},
  month = 	 {26--28 Aug},
  pdf = 	 {http://proceedings.mlr.press/v108/janz20a/janz20a.pdf},
  url = 	 {https://proceedings.mlr.press/v108/janz20a.html}

@inproceedings{kim2022improved,
 author = {Kim, Yeoneung and Yang, Insoon and Jun, Kwang-Sung},
 booktitle = {Advances in Neural Information Processing Systems},
 pages = {1060--1072},
 publisher = {Curran Associates, Inc.},
 title = {Improved Regret Analysis for Variance-Adaptive Linear Bandits and Horizon-Free Linear Mixture {MDP}s},
 volume = {35},
 year = {2022}
}
 editor = {S. Koyejo and S. Mohamed and A. Agarwal and D. Belgrave and K. Cho and A. Oh},
 url = {https://proceedings.neurips.cc/paper_files/paper/2022/file/078fa8f77ce55ef6e9cf79275b88acb0-Paper-Conference.pdf}

@article{kim2024bayesian,
  title={Enhancing {G}aussian Process Surrogates for Optimization and
Posterior Approximation via Random Exploration},
  author={Kim, Hwanwoo and Sanz-Alonso, Daniel},
  journal={arXiv preprint arXiv:2401.17037},
  year={2024}
}

@inproceedings{li2022gaussian,
  title={{G}aussian process bandit optimization with few batches},
  author={Li, Zihan and Scarlett, Jonathan},
  booktitle={Proc. International Conference on Artificial Intelligence and Statistics (AISTATS)},
  year={2022}
}

@article{lyu2019efficient,
  title={Efficient batch black-box optimization with deterministic regret bounds},
  author={Lyu, Yueming and Yuan, Yuan and Tsang, Ivor W},
  journal={arXiv preprint arXiv:1905.10041},
  year={2019}
}

@inproceedings{salgia2021domain,
  title={A domain-shrinking based {B}ayesian optimization algorithm with order-optimal regret performance},
  author={Salgia, Sudeep and Vakili, Sattar and Zhao, Qing},
  booktitle={Proc. Neural Information Processing Systems (NeurIPS)},
  year={2021}
}

@inproceedings{salgiarandom,
  title={Random Exploration in {B}ayesian Optimization: {O}rder-Optimal Regret and Computational Efficiency},
  author={Salgia, Sudeep and Vakili, Sattar and Zhao, Qing},
  booktitle={Proc. International Conference on Machine Learning (ICML)},
  year={2024}
}

@inproceedings{scarlett2017lower,
  title={Lower bounds on regret for noisy {G}aussian process bandit optimization},
  author={Scarlett, Jonathan and Bogunovic, Ilija and Cevher, Volkan},
  booktitle={Proc. Conference on Learning Theory (COLT)},
  year={2017},
}

@InProceedings{scarlett2018tight,
  title = 	 {Tight Regret Bounds for {B}ayesian Optimization in One Dimension},
  author =       {Scarlett, Jonathan},
  booktitle = 	 {Proceedings of the 35th International Conference on Machine Learning},
  pages = 	 {4500--4508},
  year = 	 {2018},
  volume = 	 {80},
  series = 	 {Proceedings of Machine Learning Research},
  publisher =    {PMLR}
}
  editor = 	 {Dy, Jennifer and Krause, Andreas},
  month = 	 {10--15 Jul},
  pdf = 	 {http://proceedings.mlr.press/v80/scarlett18a/scarlett18a.pdf},
  url = 	 {https://proceedings.mlr.press/v80/scarlett18a.html}

@inproceedings{srinivas10gaussian,
	author = {Niranjan Srinivas and Andreas Krause and Sham Kakade and Matthias Seeger},
	booktitle = {Proc. International Conference on Machine Learning (ICML)},
	title = {Gaussian Process Optimization in the Bandit Setting: No Regret and Experimental Design},
	year = {2010}}

@InProceedings{takeno2023-randomized,
  title = 	 {Randomized {G}aussian Process Upper Confidence Bound with Tighter {B}ayesian Regret Bounds},
  author =       {Takeno, Shion and Inatsu, Yu and Karasuyama, Masayuki},
  booktitle = 	 {Proceedings of the 40th International Conference on Machine Learning},
  pages = 	 {33490--33515},
  year = 	 {2023},
  volume = 	 {202},
  series = 	 {Proceedings of Machine Learning Research},
  publisher =    {PMLR}
}
  editor = 	 {Krause, Andreas and Brunskill, Emma and Cho, Kyunghyun and Engelhardt, Barbara and Sabato, Sivan and Scarlett, Jonathan},
  month = 	 {23--29 Jul},
  pdf = 	 {https://proceedings.mlr.press/v202/takeno23a/takeno23a.pdf},
  url = 	 {https://proceedings.mlr.press/v202/takeno23a.html}

@InProceedings{takeno2024-posterior,
  title = 	 {Posterior Sampling-Based {B}ayesian Optimization with Tighter {B}ayesian Regret Bounds},
  author =       {Takeno, Shion and Inatsu, Yu and Karasuyama, Masayuki and Takeuchi, Ichiro},
  booktitle = 	 {Proceedings of the 41st International Conference on Machine Learning},
  pages = 	 {47510--47534},
  year = 	 {2024},
  volume = 	 {235},
  series = 	 {Proceedings of Machine Learning Research},
  publisher =    {PMLR}
}

@inproceedings{vakili2021optimal,
  title={Optimal order simple regret for {G}aussian process bandits},
  author={Sattar Vakili and Nacime Bouziani and Sepehr Jalali and Alberto Bernacchia and Da-shan Shiu},
  booktitle={Proc. Neural Information Processing Systems (NeurIPS)},
  year={2021}
}

@inproceedings{vakili2022open,
  title={Open problem: {R}egret bounds for noise-free kernel-based bandits},
  author={Vakili, Sattar},
  booktitle={Proc. Conference on Learning Theory (COLT)},
  year={2022},
}

@inproceedings{valko2013finite,
author = {Valko, Michal and Korda, Nathan and Munos, R\'{e}mi and Flaounas, Ilias and Cristianini, Nello},
title = {Finite-time analysis of kernelised contextual bandits},
year = {2013},
publisher = {AUAI Press},
booktitle = {Proceedings of the Twenty-Ninth Conference on Uncertainty in Artificial Intelligence},
pages = {654–663},
numpages = {10},
series = {UAI'13}
}
address = {Arlington, Virginia, USA},
location = {Bellevue, WA}

@inproceedings{zhang2021improved,
 author = {Zhang, Zihan and Yang, Jiaqi and Ji, Xiangyang and Du, Simon S},
 booktitle = {Advances in Neural Information Processing Systems},
 pages = {4342--4355},
 publisher = {Curran Associates, Inc.},
 title = {Improved Variance-Aware Confidence Sets for Linear Bandits and Linear Mixture {MDP}},
 volume = {34},
 year = {2021}
}
 editor = {M. Ranzato and A. Beygelzimer and Y. Dauphin and P.S. Liang and J. Wortman Vaughan},
 url = {https://proceedings.neurips.cc/paper_files/paper/2021/file/228bbc2f87caeb21bb7f6949fddcb91d-Paper.pdf}

@inproceedings{zhao2023variance,
  title={Variance-dependent regret bounds for linear bandits and reinforcement learning: {A}daptivity and computational efficiency},
  author={Zhao, Heyang and He, Jiafan and Zhou, Dongruo and Zhang, Tong and Gu, Quanquan},
  booktitle={Proc. Conference on Learning Theory (COLT)},
  year={2023},
  organization={PMLR}
}

@InProceedings{zhou2021nearly,
  title = 	 {Nearly Minimax Optimal Reinforcement Learning for Linear Mixture {M}arkov Decision Processes},
  author =       {Zhou, Dongruo and Gu, Quanquan and Szepesvari, Csaba},
  booktitle = 	 {Proceedings of Thirty Fourth Conference on Learning Theory},
  pages = 	 {4532--4576},
  year = 	 {2021},
  volume = 	 {134},
  series = 	 {Proceedings of Machine Learning Research},
  publisher =    {PMLR}
}
  editor = 	 {Belkin, Mikhail and Kpotufe, Samory},
  month = 	 {15--19 Aug},
  pdf = 	 {http://proceedings.mlr.press/v134/zhou21a/zhou21a.pdf},
  url = 	 {https://proceedings.mlr.press/v134/zhou21a.html}

@inproceedings{zhou2022computationally,
 author = {Zhou, Dongruo and Gu, Quanquan},
 booktitle = {Advances in Neural Information Processing Systems},
 pages = {36337--36349},
 publisher = {Curran Associates, Inc.},
 title = {Computationally Efficient Horizon-Free Reinforcement Learning for Linear Mixture {MDP}s},
 volume = {35},
 year = {2022}
}
 editor = {S. Koyejo and S. Mohamed and A. Agarwal and D. Belgrave and K. Cho and A. Oh},
 url = {https://proceedings.neurips.cc/paper_files/paper/2022/file/ebba182cb97864368fdb6ae00773a5e4-Paper-Conference.pdf}

