@misc{Handel-HDP,
    author = {Ramon Van Handel},    
    title = {Probability in High Dimension},
    note = {Lecture notes. Available in \url{https://web.math.princeton.edu/~rvan/APC550.pdf}},
    year = {2016}
}

@InProceedings{cai2021on,
  title = 	 {On Lower Bounds for Standard and Robust {G}aussian Process Bandit Optimization},
  author =       {Cai, Xu and Scarlett, Jonathan},
  booktitle = 	 {Proceedings of the 38th International Conference on Machine Learning},
  pages = 	 {1216--1226},
  year = 	 {2021},
  volume = 	 {139},
  series = 	 {Proceedings of Machine Learning Research},
  publisher =    {PMLR}
}
  editor = 	 {Meila, Marina and Zhang, Tong},
  month = 	 {18--24 Jul},
  pdf = 	 {http://proceedings.mlr.press/v139/cai21f/cai21f.pdf},
  url = 	 {https://proceedings.mlr.press/v139/cai21f.html},


@inproceedings{freitas2012exponential,
author = {De Freitas, Nando and Smola, Alex J. and Zoghi, Masrour},
title = {Exponential regret bounds for {G}aussian process bandits with deterministic observations},
year = {2012},
publisher = {Omnipress},
booktitle = {Proceedings of the 29th International Conference on International Conference on Machine Learning},
pages = {955–962}
}
isbn = {9781450312851},
address = {Madison, WI, USA},
numpages = {8},
location = {Edinburgh, Scotland},


@InProceedings{scarlett2018tight,
  title = 	 {Tight Regret Bounds for {B}ayesian Optimization in One Dimension},
  author =       {Scarlett, Jonathan},
  booktitle = 	 {Proceedings of the 35th International Conference on Machine Learning},
  pages = 	 {4500--4508},
  year = 	 {2018},
  volume = 	 {80},
  series = 	 {Proceedings of Machine Learning Research},
  publisher =    {PMLR}
}
  editor = 	 {Dy, Jennifer and Krause, Andreas},
  month = 	 {10--15 Jul},
  pdf = 	 {http://proceedings.mlr.press/v80/scarlett18a/scarlett18a.pdf},
  url = 	 {https://proceedings.mlr.press/v80/scarlett18a.html},

@inproceedings{salgia2021domain,
 author = {Salgia, Sudeep and Vakili, Sattar and Zhao, Qing},
 booktitle = {Advances in Neural Information Processing Systems},
 pages = {28836--28847},
 publisher = {Curran Associates, Inc.},
 title = {A Domain-Shrinking based {B}ayesian Optimization Algorithm with Order-Optimal Regret Performance},
 volume = {34},
 year = {2021}
}
 editor = {M. Ranzato and A. Beygelzimer and Y. Dauphin and P.S. Liang and J. Wortman Vaughan},
 url = {https://proceedings.neurips.cc/paper_files/paper/2021/file/f19fec2f129fbdba76493451275c883a-Paper.pdf},

@InProceedings{camilleri2021high,
  title = 	 {High-dimensional Experimental Design and Kernel Bandits},
  author =       {Camilleri, Romain and Jamieson, Kevin and Katz-Samuels, Julian},
  booktitle = 	 {Proceedings of the 38th International Conference on Machine Learning},
  pages = 	 {1227--1237},
  year = 	 {2021},
  volume = 	 {139},
  series = 	 {Proceedings of Machine Learning Research},
  publisher =    {PMLR}
}
  editor = 	 {Meila, Marina and Zhang, Tong},
  month = 	 {18--24 Jul},
  pdf = 	 {http://proceedings.mlr.press/v139/camilleri21a/camilleri21a.pdf},
  url = 	 {https://proceedings.mlr.press/v139/camilleri21a.html},


@InProceedings{janz2020bandit,
  title = 	 {Bandit optimisation of functions in the {M}atérn kernel {RKHS}},
  author =       {Janz, David and Burt, David and Gonzalez, Javier},
  booktitle = 	 {Proceedings of the Twenty Third International Conference on Artificial Intelligence and Statistics},
  pages = 	 {2486--2495},
  year = 	 {2020},
  volume = 	 {108},
  series = 	 {Proceedings of Machine Learning Research},
  publisher =    {PMLR}
}
  editor = 	 {Chiappa, Silvia and Calandra, Roberto},
  month = 	 {26--28 Aug},
  pdf = 	 {http://proceedings.mlr.press/v108/janz20a/janz20a.pdf},
  url = 	 {https://proceedings.mlr.press/v108/janz20a.html},

@inproceedings{valko2013finite,
author = {Valko, Michal and Korda, Nathan and Munos, R\'{e}mi and Flaounas, Ilias and Cristianini, Nello},
title = {Finite-time analysis of kernelised contextual bandits},
year = {2013},
publisher = {AUAI Press},
booktitle = {Proceedings of the Twenty-Ninth Conference on Uncertainty in Artificial Intelligence},
pages = {654–663},
numpages = {10},
series = {UAI'13}
}
address = {Arlington, Virginia, USA},
location = {Bellevue, WA},

@article{Russo2014-learning,
  title={Learning to optimize via posterior sampling},
  author={Russo, Daniel and Van Roy, Benjamin},
  journal={Mathematics of Operations Research},
  volume={39},
  number={4},
  pages={1221--1243},
  year={2014},
  publisher={INFORMS}
}

@InProceedings{takeno2024-posterior,
  title = 	 {Posterior Sampling-Based {B}ayesian Optimization with Tighter {B}ayesian Regret Bounds},
  author =       {Takeno, Shion and Inatsu, Yu and Karasuyama, Masayuki and Takeuchi, Ichiro},
  booktitle = 	 {Proceedings of the 41st International Conference on Machine Learning},
  pages = 	 {47510--47534},
  year = 	 {2024},
  volume = 	 {235},
  series = 	 {Proceedings of Machine Learning Research},
  publisher =    {PMLR}
}

@InProceedings{takeno2023-randomized,
  title = 	 {Randomized {G}aussian Process Upper Confidence Bound with Tighter {B}ayesian Regret Bounds},
  author =       {Takeno, Shion and Inatsu, Yu and Karasuyama, Masayuki},
  booktitle = 	 {Proceedings of the 40th International Conference on Machine Learning},
  pages = 	 {33490--33515},
  year = 	 {2023},
  volume = 	 {202},
  series = 	 {Proceedings of Machine Learning Research},
  publisher =    {PMLR}
}
  editor = 	 {Krause, Andreas and Brunskill, Emma and Cho, Kyunghyun and Engelhardt, Barbara and Sabato, Sivan and Scarlett, Jonathan},
  month = 	 {23--29 Jul},
  pdf = 	 {https://proceedings.mlr.press/v202/takeno23a/takeno23a.pdf},
  url = 	 {https://proceedings.mlr.press/v202/takeno23a.html},


@inproceedings{zhou2022computationally,
 author = {Zhou, Dongruo and Gu, Quanquan},
 booktitle = {Advances in Neural Information Processing Systems},
 pages = {36337--36349},
 publisher = {Curran Associates, Inc.},
 title = {Computationally Efficient Horizon-Free Reinforcement Learning for Linear Mixture {MDP}s},
 volume = {35},
 year = {2022}
}
 editor = {S. Koyejo and S. Mohamed and A. Agarwal and D. Belgrave and K. Cho and A. Oh},
 url = {https://proceedings.neurips.cc/paper_files/paper/2022/file/ebba182cb97864368fdb6ae00773a5e4-Paper-Conference.pdf},


@InProceedings{zhou2021nearly,
  title = 	 {Nearly Minimax Optimal Reinforcement Learning for Linear Mixture {M}arkov Decision Processes},
  author =       {Zhou, Dongruo and Gu, Quanquan and Szepesvari, Csaba},
  booktitle = 	 {Proceedings of Thirty Fourth Conference on Learning Theory},
  pages = 	 {4532--4576},
  year = 	 {2021},
  volume = 	 {134},
  series = 	 {Proceedings of Machine Learning Research},
  publisher =    {PMLR}
}
  editor = 	 {Belkin, Mikhail and Kpotufe, Samory},
  month = 	 {15--19 Aug},
  pdf = 	 {http://proceedings.mlr.press/v134/zhou21a/zhou21a.pdf},
  url = 	 {https://proceedings.mlr.press/v134/zhou21a.html},

@inproceedings{zhang2021improved,
 author = {Zhang, Zihan and Yang, Jiaqi and Ji, Xiangyang and Du, Simon S},
 booktitle = {Advances in Neural Information Processing Systems},
 pages = {4342--4355},
 publisher = {Curran Associates, Inc.},
 title = {Improved Variance-Aware Confidence Sets for Linear Bandits and Linear Mixture {MDP}},
 volume = {34},
 year = {2021}
}
 editor = {M. Ranzato and A. Beygelzimer and Y. Dauphin and P.S. Liang and J. Wortman Vaughan},
 url = {https://proceedings.neurips.cc/paper_files/paper/2021/file/228bbc2f87caeb21bb7f6949fddcb91d-Paper.pdf},

@inproceedings{kim2022improved,
 author = {Kim, Yeoneung and Yang, Insoon and Jun, Kwang-Sung},
 booktitle = {Advances in Neural Information Processing Systems},
 pages = {1060--1072},
 publisher = {Curran Associates, Inc.},
 title = {Improved Regret Analysis for Variance-Adaptive Linear Bandits and Horizon-Free Linear Mixture {MDP}s},
 volume = {35},
 year = {2022}
}
 editor = {S. Koyejo and S. Mohamed and A. Agarwal and D. Belgrave and K. Cho and A. Oh},
 url = {https://proceedings.neurips.cc/paper_files/paper/2022/file/078fa8f77ce55ef6e9cf79275b88acb0-Paper-Conference.pdf},



@article{lei2021bayesian,
  title={{B}ayesian optimization with adaptive surrogate models for automated experimental design},
  author={Lei, Bowen and Kirk, Tanner Quinn and Bhattacharya, Anirban and Pati, Debdeep and Qian, Xiaoning and Arroyave, Raymundo and Mallick, Bani K},
  journal={npj Computational Materials},
  volume={7},
  number={1},
  pages={194},
  year={2021},
  publisher={Nature Publishing Group UK London}
}

@article{Berkenkamp2021bayesian,
author = {Berkenkamp, Felix and Krause, Andreas and Schoellig, Angela P.},
title = {{B}ayesian optimization with safety constraints: safe and automatic parameter tuning in robotics},
year = {2021},
volume = {112},
number = {10},
journal = {Mach. Learn.},
pages = {3713–3747}
}
issue_date = {Oct 2023},
publisher = {Kluwer Academic Publishers},
address = {USA},
issn = {0885-6125},
url = {https://doi.org/10.1007/s10994-021-06019-1},
doi = {10.1007/s10994-021-06019-1},
month = jun,
numpages = {35},
keywords = {Robotics, Reinforcement learning, Safe exploration, Safety constraints, Bayesian optimization}

@book{cover2006-information,
author = {Cover, Thomas M. and Thomas, Joy A.},
title = {Elements of Information Theory (Wiley Series in Telecommunications and Signal Processing)},
year = {2006},
publisher = {Wiley-Interscience}
}
address = {USA}
isbn = {0471241954},


@Book{Rasmussen2005-Gaussian,
 author = {Rasmussen, Carl Edward and Williams, Christopher K. I.},
 title = {{G}aussian Processes for Machine Learning (Adaptive Computation and Machine Learning)},
 year = {2005},
 publisher = {The MIT Press}
}

@ARTICLE{shahriari2016taking,
  author={Shahriari, Bobak and Swersky, Kevin and Wang, Ziyu and Adams, Ryan P. and de Freitas, Nando},
  journal={Proceedings of the IEEE}, 
  title={Taking the Human Out of the Loop: A Review of {B}ayesian Optimization}, 
  year={2016},
  volume={104},
  number={1},
  pages={148-175},
}
  doi={10.1109/JPROC.2015.2494218}

@article{heaton1999stock,
  title={Stock prices and fundamentals},
  author={Heaton, John and Lucas, Deborah},
  journal={NBER macroeconomics annual},
  volume={14},
  pages={213--242},
  year={1999},
  publisher={MIT Press}
}

@inproceedings{Hariri2015adapting,
author = {Hariri, Negar and Mobasher, Bamshad and Burke, Robin},
title = {Adapting to user preference changes in interactive recommendation},
year = {2015},
publisher = {AAAI Press},
booktitle = {Proceedings of the 24th International Conference on Artificial Intelligence},
pages = {4268–4274},
numpages = {7},
}
location = {Buenos Aires, Argentina},
series = {IJCAI'15}
isbn = {9781577357384},

@article{berkenkamp2023bayesian,
  title={{B}ayesian optimization with safety constraints: safe and automatic parameter tuning in robotics},
  author={Berkenkamp, Felix and Krause, Andreas and Schoellig, Angela P},
  journal={Machine Learning},
  volume={112},
  number={10},
  pages={3713--3747},
  year={2023},
  publisher={Springer}
}

@article{ueno2016combo,
  title={{COMBO}: An efficient {B}ayesian optimization library for materials science},
  author={Ueno, Tsuyoshi and Rhone, Trevor David and Hou, Zhufeng and Mizoguchi, Teruyasu and Tsuda, Koji},
  journal={Materials discovery},
  volume={4},
  pages={18--21},
  year={2016},
  publisher={Elsevier}
}

@InProceedings{korovina2020-chemBO,
  title = 	 {{ChemBO: B}ayesian Optimization of Small Organic Molecules with Synthesizable Recommendations},
  author =       {Korovina, Ksenia and Xu, Sailun and Kandasamy, Kirthevasan and Neiswanger, Willie and Poczos, Barnab{\'a}s and Schneider, Jeff and Xing, Eric},
  booktitle = 	 {Proceedings of the 23rd International Conference on Artificial Intelligence and Statistics},
  pages = 	 {3393--3403},
  year = 	 {2020},
  volume = 	 {108},
  series = 	 {Proceedings of Machine Learning Research},
}


@inproceedings{movckus1975bayesian,
  title={On {B}ayesian methods for seeking the extremum},
  author={Mo{\v{c}}kus, Jonas},
  booktitle={Optimization Techniques IFIP Technical Conference},
  year={1975},
}

@inproceedings{cicirello2005max,
  title={The max k-armed bandit: A new model of exploration applied to search heuristic selection},
  author={Cicirello, Vincent A and Smith, Stephen F},
  booktitle={Proc. Conference on Artificial Intelligence (AAAI)},
  year={2005}
}

@inproceedings{streeter2006simple,
  title={A simple distribution-free approach to the max k-armed bandit problem},
  author={Streeter, Matthew J and Smith, Stephen F},
  booktitle={International Conference on Principles and Practice of Constraint Programming},
  year={2006},
}

@inproceedings{lizotte2007automatic,
  title={Automatic Gait Optimization With {G}aussian Process Regression},
  author={Lizotte, Daniel and Wang, Tao and Bowling, Michael and Schuurmans, Dale},
  booktitle={Proc. International Joint Conference on Artificial Intelligence (IJCAI)},
  year={2007}
}

@inproceedings{martinez2007active,
  title={Active policy learning for robot planning and exploration under uncertainty.},
  author={Martinez-Cantin, Ruben and de Freitas, Nando and Doucet, Arnaud and Castellanos, Jos{\'e} A},
  booktitle={Robotics: Science and systems},
  year={2007}
}

@mastersthesis{krizhevsky2009learning,
  title={Learning multiple layers of features from tiny images},
  author={Krizhevsky, Alex},
  year={2009},
  school={University of Toronto}
}

@inproceedings{srinivas10gaussian,
	author = {Niranjan Srinivas and Andreas Krause and Sham Kakade and Matthias Seeger},
	booktitle = {Proc. International Conference on Machine Learning (ICML)},
	title = {Gaussian Process Optimization in the Bandit Setting: No Regret and Experimental Design},
	year = {2010}}

@inproceedings{bergstra2011algorithms,
 author = {Bergstra, James and Bardenet, R\'{e}mi and Bengio, Yoshua and K\'{e}gl, Bal\'{a}zs},
 booktitle = {Proc. Neural Information Processing Systems (NeurIPS)},
 title = {Algorithms for Hyper-Parameter Optimization},
 year = {2011}
}

@article{bull2011convergence,
  title={Convergence rates of efficient global optimization algorithms.},
  author={Bull, Adam D},
  journal={Journal of Machine Learning Research},
  year={2011}
}

@inproceedings{krause2011contextual,
  title={Contextual {G}aussian process bandit optimization},
  author={Krause, Andreas and Ong, Cheng},
  booktitle={Proc. Neural Information Processing Systems (NeurIPS)},
  year={2011}
}

@inproceedings{snoek2012practical,
 author = {Snoek, Jasper and Larochelle, Hugo and Adams, Ryan P},
 booktitle = {Proc. Neural Information Processing Systems (NeurIPS)},
 title = {Practical {B}ayesian Optimization of Machine Learning Algorithms},
 year = {2012}
}


@phdthesis{abbasi2013online,
  title={Online learning for linearly parametrized control problems},
  author={Abbasi-Yadkori, Yasin},
  school={University of Alberta},
  year={2013}
}

@article{besbes2014stochastic,
  title={Stochastic multi-armed-bandit problem with non-stationary rewards},
  author={Besbes, Omar and Gur, Yonatan and Zeevi, Assaf},
  journal={Proc. Neural Information Processing Systems (NeurIPS)},
  year={2014}
}

@article{carpentier2014extreme,
  title={Extreme bandits},
  author={Carpentier, Alexandra and Valko, Michal},
  journal={Proc. Neural Information Processing Systems (NeurIPS)},
  year={2014}
}

@article{desautels2014parallelizing,
  author  = {Thomas Desautels and Andreas Krause and Joel W. Burdick},
  title   = {Parallelizing Exploration-Exploitation Tradeoffs in {G}aussian Process Bandit Optimization},
  journal = {Journal of Machine Learning Research},
  year    = {2014},
}

@article{gardner2014bayesian,
  title = 	 {Bayesian Optimization with Inequality Constraints},
  author={Gardner, Jacob R and Kusner, Matt J and Xu, Zhixiang Eddie and Weinberger, Kilian Q and Cunningham, John P},
  journal = 	 {Proc. International Conference on Machine Learning (ICML)},
  year = 	 {2014},
}

@article{gonzalez2015bayesian,
  title={Bayesian optimization for synthetic gene design},
  author={Gonz{\'a}lez, Javier and Longworth, Joseph and James, David C and Lawrence, Neil D},
  journal={arXiv preprint arXiv:1505.01627},
  year={2015}
}

@InProceedings{kandasamy2015high,
  title = 	 {High Dimensional {B}ayesian Optimisation and Bandits via Additive Models},
  author = 	 {Kandasamy, Kirthevasan and Schneider, Jeff and Poczos, Barnabas},
  booktitle = 	 {Proc. International Conference on Machine Learning (ICML)},
  year = 	 {2015},
}

@article{adamczak2016circular,
  title={Circular law for random matrices with exchangeable entries},
  author={Adamczak, Rados{\l}aw and Chafa{\"\i}, Djalil and Wolff, Pawe{\l}},
  journal={Random Structures \& Algorithms},
  year={2016},
}

@inproceedings{bogunovic2016time,
  title={Time-varying {G}aussian process bandit optimization},
  author={Bogunovic, Ilija and Scarlett, Jonathan and Cevher, Volkan},
  booktitle={Proc. International Conference on Artificial Intelligence and Statistics (AISTATS)},
  year={2016},
}

@InProceedings{wang2017max,
  title = 	 {Max-value Entropy Search for Efficient {B}ayesian Optimization},
  author =       {Zi Wang and Stefanie Jegelka},
  booktitle = 	 {Proc. International Conference on Machine Learning (ICML)},
  year = 	 {2017},
}

@inproceedings{scarlett2017lower,
  title={Lower bounds on regret for noisy {G}aussian process bandit optimization},
  author={Scarlett, Jonathan and Bogunovic, Ilija and Cevher, Volkan},
  booktitle={Proc. Conference on Learning Theory (COLT)},
  year={2017},
}

@inproceedings{chowdhury2017kernelized,
  title={On kernelized multi-armed bandits},
  author={Sayak Ray Chowdhury and Aditya Gopalan},
  booktitle={Proc. International Conference on Machine Learning (ICML)},
  year={2017}
}

@inproceedings{achab2017max,
  title={Max k-armed bandit: On the extremehunter algorithm and beyond},
  author={Achab, Mastane and Cl{\'e}men{\c{c}}on, Stephan and Garivier, Aur{\'e}lien and Sabourin, Anne and Vernade, Claire},
  booktitle={Machine Learning and Knowledge Discovery in Databases: European Conference, ECML PKDD 2017},
  year={2017},
}

@article{frazier2018tutorial,
  title={A tutorial on {B}ayesian optimization},
  author={Frazier, Peter I},
  journal={arXiv preprint arXiv:1807.02811},
  year={2018}
}

@article{toscano2018bayesian,
  title={Bayesian optimization with expensive integrands},
  author={Toscano-Palmerin, Saul and Frazier, Peter I},
  journal={arXiv preprint arXiv:1803.08661},
  year={2018}
}

@inproceedings{bogunovic2018adversarially,
  title={Adversarially robust optimization with {G}aussian processes},
  author={Ilija Bogunovic and Jonathan Scarlett and Stefanie Jegelka and Volkan Cevher},
  booktitle={Proc. Neural Information Processing Systems (NeurIPS)},
  year={2018}
}

@book{vershynin2018high,
  title={High-dimensional probability: {A}n introduction with applications in data science},
  author={Vershynin, Roman},
  year={2018},
  publisher={Cambridge university press}
}

@inproceedings{kirschner18heteroscedastic,
	author = {Johannes Kirschner and Andreas Krause},
	booktitle = {Proc. Conference on Learning Theory (COLT)},
	title = {Information Directed Sampling and Bandits with Heteroscedastic Noise},
	year = {2018}}

@article{iwazaki2021bayesian,
  title={Bayesian quadrature optimization for probability threshold robustness measure},
  author={Iwazaki, Shogo and Inatsu, Yu and Takeuchi, Ichiro},
  journal={Neural Computation},
  year={2021},
}

@inproceedings{cheung2019learning,
  title={Learning to optimize under non-stationarity},
  author={Cheung, Wang Chi and Simchi-Levi, David and Zhu, Ruihao},
  booktitle={Proc. International Conference on Artificial Intelligence and Statistics (AISTATS)},
  year={2019},
}

@article{hickstein2018rapid,
  title={Rapid, accurate, and precise concentration measurements of a methanol--water mixture using {R}aman spectroscopy},
  author={Hickstein, Daniel D and Goldfarbmuren, Russell and Darrah, Jack and Erickson, Luke and Johnson, Laura A},
  journal={OSA Continuum},
  volume={1},
  number={3},
  pages={1097--1110},
  year={2018},
  publisher={Optica Publishing Group}
}

@article{kandasamy2019multi,
  title={Multi-fidelity {G}aussian process bandit optimisation},
  author={Kandasamy, Kirthevasan and Dasarathy, Gautam and Oliva, Junier and Schneider, Jeff and Poczos, Barnabas},
  journal={Journal of Artificial Intelligence Research},
  year={2019}
}

@article{lyu2019efficient,
  title={Efficient batch black-box optimization with deterministic regret bounds},
  author={Lyu, Yueming and Yuan, Yuan and Tsang, Ivor W},
  journal={arXiv preprint arXiv:1905.10041},
  year={2019}
}

@inproceedings{kirschner2020distributionally,
	author = {Johannes Kirschner and Ilija Bogunovic and Stefanie Jegelka and Andreas Krause},
	booktitle = {Proc. International Conference on Artificial Intelligence and Statistics (AISTATS)},
	title = {Distributionally Robust {B}ayesian Optimization},
	year = {2020}}

@inproceedings{bogunovic2021misspecified,
  title={Misspecified {G}aussian process bandit optimization},
  author={Bogunovic, Ilija and Krause, Andreas},
  booktitle={Proc. Neural Information Processing Systems (NeurIPS)},
  year={2021}
}

@article{shekhar2020multi,
  title={Multi-scale zero-order optimization of smooth functions in an {RKHS}},
  author={Shekhar, Shubhanshu and Javidi, Tara},
  journal={arXiv preprint arXiv:2005.04832},
  year={2020}
}

@inproceedings{camilleri2021high,
  title={High-dimensional experimental design and kernel bandits},
  author={Camilleri, Romain and Jamieson, Kevin and Katz-Samuels, Julian},
  booktitle={Proc. International Conference on Machine Learning (ICML)},
  year={2021},
}

@inproceedings{makarova2021riskaverse,
	author = {Anastasia Makarova and Ilnura Usmanova and Ilija Bogunovic and Andreas Krause},
	booktitle = {Proc. Neural Information Processing Systems (NeurIPS)},
	title = {Risk-averse Heteroscedastic {B}ayesian Optimization},
	year = {2021}
}

@inproceedings{vakili2021optimal,
  title={Optimal order simple regret for {G}aussian process bandits},
  author={Sattar Vakili and Nacime Bouziani and Sepehr Jalali and Alberto Bernacchia and Da-shan Shiu},
  booktitle={Proc. Neural Information Processing Systems (NeurIPS)},
  year={2021}
}

@InProceedings{pmlr-v134-open-problem-vakili21a,
  title = 	 {Open Problem: {T}ight Online Confidence Intervals for {RKHS} Elements},
  author =       { Sattar Vakili and Jonathan Scarlett and Tara Javidi},
  booktitle = 	 {Proc. Conference on Learning Theory (COLT)},
  year = 	 {2021}
}

@inproceedings{wei2021non,
  title={Non-stationary reinforcement learning without prior knowledge: An optimal black-box approach},
  author={Wei, Chen-Yu and Luo, Haipeng},
  booktitle={Proc. Conference on Learning Theory (COLT)},
  year={2021},
}

@inproceedings{iwazaki2021mean,
  title={Mean-variance analysis in {B}ayesian optimization under uncertainty},
  author={Shogo Iwazaki and Yu Inatsu and Ichiro Takeuchi},
  booktitle={Proc. International Conference on Artificial Intelligence and Statistics (AISTATS)},
  year={2021},
}

@inproceedings{nguyen2021value,
  title={Value-at-risk optimization with {G}aussian processes},
  author={Nguyen, Quoc Phong and Dai, Zhongxiang and Low, Bryan Kian Hsiang and Jaillet, Patrick},
  booktitle={Proc. International Conference on Machine Learning (ICML)},
  year={2021},
}

@article{nguyen2021optimizing,
  title={Optimizing conditional value-at-risk of black-box functions},
  author={Nguyen, Quoc Phong and Dai, Zhongxiang and Low, Bryan Kian Hsiang and Jaillet, Patrick},
  journal={Proc. Neural Information Processing Systems (NeurIPS)},
  year={2021}
}

@inproceedings{salgia2021domain,
  title={A domain-shrinking based {B}ayesian optimization algorithm with order-optimal regret performance},
  author={Salgia, Sudeep and Vakili, Sattar and Zhao, Qing},
  booktitle={Proc. Neural Information Processing Systems (NeurIPS)},
  year={2021}
}

@inproceedings{vakili2021information,
  title={On information gain and regret bounds in {G}aussian process bandits},
  author={Vakili, Sattar and Khezeli, Kia and Picheny, Victor},
  booktitle={Proc. International Conference on Artificial Intelligence and Statistics (AISTATS)},
  year={2021},
}

@inproceedings{zhou2021no,
  title={No-regret algorithms for time-varying {B}ayesian optimization},
  author={Zhou, Xingyu and Shroff, Ness},
  booktitle={2021 55th Annual Conference on Information Sciences and Systems (CISS)},
  year={2021},
  organization={IEEE}
}

@inproceedings{lee2022multi,
  title={Multi-scale zero-order optimization of smooth functions in an {RKHS}},
  author={Lee, Madison and Shekhar, Shubhanshu and Javidi, Tara},
  booktitle={2022 IEEE International Symposium on Information Theory (ISIT)},
  year={2022},
  organization={IEEE}
}

@inproceedings{li2022gaussian,
  title={{G}aussian process bandit optimization with few batches},
  author={Li, Zihan and Scarlett, Jonathan},
  booktitle={Proc. International Conference on Artificial Intelligence and Statistics (AISTATS)},
  year={2022}
}


@inproceedings{baudry2022efficient,
  title={Efficient Algorithms for Extreme Bandits},
  author={Dorian Baudry and Yoan Russac and Emilie Kaufmann},
  booktitle={Proc. International Conference on Artificial Intelligence and Statistics (AISTATS)},
  year={2022}
}

@inproceedings{bogunovic2022robust,
  title={A robust phased elimination algorithm for corruption-tolerant {G}aussian process bandits},
  author={Bogunovic, Ilija and Li, Zihan and Krause, Andreas and Scarlett, Jonathan},
  booktitle={Proc. Neural Information Processing Systems (NeurIPS)},
  year={2022}
}

@inproceedings{deng2022weighted,
  title={Weighted {G}aussian process bandits for non-stationary environments},
  author={Deng, Yuntian and Zhou, Xingyu and Kim, Baekjin and Tewari, Ambuj and Gupta, Abhishek and Shroff, Ness},
  booktitle={Proc. International Conference on Artificial Intelligence and Statistics (AISTATS)},
  year={2022},
}

@inproceedings{inatsu2022bayesian,
  title={Bayesian optimization for distributionally robust chance-constrained problem},
  author={Inatsu, Yu and Takeno, Shion and Karasuyama, Masayuki and Takeuchi, Ichiro},
  booktitle={Proc. International Conference on Machine Learning (ICML)},
  year={2022},
}

@inproceedings{vakili2022open,
  title={Open problem: {R}egret bounds for noise-free kernel-based bandits},
  author={Vakili, Sattar},
  booktitle={Proc. Conference on Learning Theory (COLT)},
  year={2022},
}

@inproceedings{hong2023optimization,
  title={An optimization-based algorithm for non-stationary kernel bandits without prior knowledge},
  author={Hong, Kihyuk and Li, Yuhang and Tewari, Ambuj},
  booktitle={Proc. International Conference on Artificial Intelligence and Statistics (AISTATS)},
  year={2023},
}

@inproceedings{zhao2023variance,
  title={Variance-dependent regret bounds for linear bandits and reinforcement learning: {A}daptivity and computational efficiency},
  author={Zhao, Heyang and He, Jiafan and Zhou, Dongruo and Zhang, Tong and Gu, Quanquan},
  booktitle={Proc. Conference on Learning Theory (COLT)},
  year={2023},
  organization={PMLR}
}

@article{whitehouse2023improved,
  title={Improved Self-Normalized Concentration in {H}ilbert Spaces: Sublinear Regret for {GP-UCB}},
  author={Whitehouse, Justin and Wu, Zhiwei Steven and Ramdas, Aaditya},
  journal={Proc. Neural Information Processing Systems (NeurIPS)},
  year={2023}
}

@article{kim2024bayesian,
  title={Enhancing {G}aussian Process Surrogates for Optimization and
Posterior Approximation via Random Exploration},
  author={Kim, Hwanwoo and Sanz-Alonso, Daniel},
  journal={arXiv preprint arXiv:2401.17037},
  year={2024}
}

@article{flynn2024tighter,
  title={Tighter Confidence Bounds for Sequential Kernel Regression},
  author={Flynn, Hamish and Reeb, David},
  journal={arXiv preprint arXiv:2401.17037},
  year={2024}
}

@inproceedings{salgiarandom,
  title={Random Exploration in {B}ayesian Optimization: {O}rder-Optimal Regret and Computational Efficiency},
  author={Salgia, Sudeep and Vakili, Sattar and Zhao, Qing},
  booktitle={Proc. International Conference on Machine Learning (ICML)},
  year={2024}
}

@article{belabed2012miscibility,
  title={Miscibility and specific interactions in blends of poly (4-vinylphenol-co-methyl methacrylate)/poly (styrene-co-4-vinylpyridine)},
  author={Belabed, Ch and Benabdelghani, Z and Granado, A and Etxeberria, A},
  journal={Journal of applied polymer science},
  year={2012},
}
​
@article{kwei1984effect,
  title={The effect of hydrogen bonding on the glass transition temperatures of polymer mixtures},
  author={Kwei, TK},
  journal={Journal of Polymer Science: Polymer Letters Edition},
  year={1984},
}