@inproceedings{chao2024maximum,
  title={Maximum Entropy Reinforcement Learning via Energy-Based Normalizing Flow},
  author={Chao, Chen-Hao and Feng, Chien and Sun, Wei-Fang and Lee, Cheng-Kuang and See, Simon and Lee, Chun-Yi},
  booktitle={Advances in Neural Information Processing Systems},
  year={2024}
}

@inproceedings{chen2024boosting,
  title={Boosting Continuous Control with Consistency Policy},
  author={Chen, Yuhui and Li, Haoran and Zhao, Dongbin},
  booktitle={Proceedings of the International Conference on Autonomous Agents and Multiagent Systems},
  pages={335--344},
  year={2024}
}

@inproceedings{chenaligning,
  title={Aligning Diffusion Behaviors with Q-functions for Efficient Continuous Control},
  author={Chen, Huayu and Zheng, Kaiwen and Su, Hang and Zhu, Jun},
  booktitle={Advances in Neural Information Processing Systems},
  year={2024}
}

@article{chi2023diffusion,
  title={Diffusion policy: Visuomotor policy learning via action diffusion},
  author={Chi, Cheng and Xu, Zhenjia and Feng, Siyuan and Cousineau, Eric and Du, Yilun and Burchfiel, Benjamin and Tedrake, Russ and Song, Shuran},
  journal={The International Journal of Robotics Research},
  pages={02783649241273668},
  year={2023},
  publisher={SAGE Publications Sage UK: London, England}
}

@inproceedings{ding2024diffusion,
  title={Diffusion-based Reinforcement Learning via Q-weighted Variational Policy Optimization},
  author={Ding, Shutong and Hu, Ke and Zhang, Zhenhao and Ren, Kan and Zhang, Weinan and Yu, Jingyi and Wang, Jingya and Shi, Ye},
  booktitle={Advances in Neural Information Processing Systems},
  year={2024}
}

@inproceedings{haarnoja2017reinforcement,
  title={Reinforcement learning with deep energy-based policies},
  author={Haarnoja, Tuomas and Tang, Haoran and Abbeel, Pieter and Levine, Sergey},
  booktitle={International Conference on Machine Learning},
  pages={1352--1361},
  year={2017},
  organization={PMLR}
}

@inproceedings{haarnoja2018soft,
  title={Soft actor-critic: Off-policy maximum entropy deep reinforcement learning with a stochastic actor},
  author={Haarnoja, Tuomas and Zhou, Aurick and Abbeel, Pieter and Levine, Sergey},
  booktitle={International Conference on Machine Learning},
  pages={1861--1870},
  year={2018},
  organization={PMLR}
}

@inproceedings{kang2024efficient,
  title={Efficient diffusion policies for offline reinforcement learning},
  author={Kang, Bingyi and Ma, Xiao and Du, Chao and Pang, Tianyu and Yan, Shuicheng},
  booktitle={Advances in Neural Information Processing Systems},
  year={2024}
}

@inproceedings{lu2023contrastive,
  title={Contrastive energy prediction for exact energy-guided diffusion sampling in offline reinforcement learning},
  author={Lu, Cheng and Chen, Huayu and Chen, Jianfei and Su, Hang and Li, Chongxuan and Zhu, Jun},
  booktitle={International Conference on Machine Learning},
  pages={22825--22855},
  year={2023},
  organization={PMLR}
}

@inproceedings{psenkalearning,
  title={Learning a Diffusion Model Policy from Rewards via Q-Score Matching},
  author={Psenka, Michael and Escontrela, Alejandro and Abbeel, Pieter and Ma, Yi},
  booktitle={International Conference on Machine Learning},
  year={2024}
}

@inproceedings{song2023consistency,
  title={Consistency Models},
  author={Song, Yang and Dhariwal, Prafulla and Chen, Mark and Sutskever, Ilya},
  booktitle={International Conference on Machine Learning},
  pages={32211--32252},
  year={2023},
  organization={PMLR}
}

@inproceedings{wang2024diffusion,
  title={Diffusion Actor-Critic with Entropy Regulator},
  author={Wang, Yinuo and Wang, Likun and Jiang, Yuxuan and Zou, Wenjun and Liu, Tong and Song, Xujie and Wang, Wenxuan and Xiao, Liming and Wu, Jiang and Duan, Jingliang and others},
  booktitle={Advances in Neural Information Processing Systems},
  year={2024}
}

@inproceedings{wangdiffusion,
  title={Diffusion Policies as an Expressive Policy Class for Offline Reinforcement Learning},
  author={Wang, Zhendong and Hunt, Jonathan J and Zhou, Mingyuan},
  booktitle={International Conference on Learning Representations},
  year={2023}
}

@article{yang2023policy,
  title={Policy representation via diffusion probability model for reinforcement learning},
  author={Yang, Long and Huang, Zhixiong and Lei, Fenghao and Zhong, Yucun and Yang, Yiming and Fang, Cong and Wen, Shiting and Zhou, Binbin and Lin, Zhouchen},
  journal={arXiv preprint arXiv:2305.13122},
  year={2023}
}

