@inproceedings{
wu2024your,
title={Your Diffusion Model is Secretly a Noise Classifier and Benefits from Contrastive Training},
author={Yunshu Wu and Yingtao Luo and Xianghao Kong and Evangelos E. Papalexakis and Greg Ver Steeg},
booktitle={Advances in Neural Information Processing Systems},
year={2024},
}

@article{sutton1999reinforcement,
  title={Reinforcement learning: An introduction},
  author={Sutton, Richard S and Barto, Andrew G},
  journal={Robotica},
  volume={17},
  number={2},
  pages={229--235},
  year={1999}
}

@inproceedings{toussaint2009robot,
  title={Robot trajectory optimization using approximate inference},
  author={Toussaint, Marc},
  booktitle={International Conference on Machine Learning},
  pages={1049--1056},
  year={2009},
  organization={PMLR}
}

@inproceedings{haarnoja2017reinforcement,
  title={Reinforcement learning with deep energy-based policies},
  author={Haarnoja, Tuomas and Tang, Haoran and Abbeel, Pieter and Levine, Sergey},
  booktitle={International Conference on Machine Learning},
  pages={1352--1361},
  year={2017},
  organization={PMLR}
}

@inproceedings{haarnoja2018soft,
  title={Soft actor-critic: Off-policy maximum entropy deep reinforcement learning with a stochastic actor},
  author={Haarnoja, Tuomas and Zhou, Aurick and Abbeel, Pieter and Levine, Sergey},
  booktitle={International Conference on Machine Learning},
  pages={1861--1870},
  year={2018},
  organization={PMLR}
}

@inproceedings{ho2020denoising,
  title={Denoising diffusion probabilistic models},
  author={Ho, Jonathan and Jain, Ajay and Abbeel, Pieter},
  booktitle={Advances in Neural Information Processing Systems},
  year={2020}
}

@inproceedings{song2019generative,
  title={Generative modeling by estimating gradients of the data distribution},
  author={Song, Yang and Ermon, Stefano},
  booktitle={Advances in Neural Information Processing Systems},
  volume={32},
  year={2019}
}

@inproceedings{song2021score,
  title={Score-Based Generative Modeling through Stochastic Differential Equations},
  author={Song, Yang and Sohl-Dickstein, Jascha and Kingma, Diederik P and Kumar, Abhishek and Ermon, Stefano and Poole, Ben},
  booktitle={International Conference on Learning Representations},
  year={2021}
}

@article{kingma2013auto,
  title={Auto-encoding variational bayes},
  author={Kingma, Diederik P},
  journal={arXiv preprint arXiv:1312.6114},
  year={2013}
}

@article{goodfellow2020generative,
  title={Generative adversarial networks},
  author={Goodfellow, Ian and Pouget-Abadie, Jean and Mirza, Mehdi and Xu, Bing and Warde-Farley, David and Ozair, Sherjil and Courville, Aaron and Bengio, Yoshua},
  journal={Communications of the ACM},
  volume={63},
  number={11},
  pages={139--144},
  year={2020},
  publisher={ACM New York, NY, USA}
}

@inproceedings{rezende2015variational,
  title={Variational inference with normalizing flows},
  author={Rezende, Danilo and Mohamed, Shakir},
  booktitle={International conference on machine learning},
  pages={1530--1538},
  year={2015},
  organization={PMLR}
}

@inproceedings{wangdiffusion,
  title={Diffusion Policies as an Expressive Policy Class for Offline Reinforcement Learning},
  author={Wang, Zhendong and Hunt, Jonathan J and Zhou, Mingyuan},
  booktitle={International Conference on Learning Representations},
  year={2023}
}

@article{chi2023diffusion,
  title={Diffusion policy: Visuomotor policy learning via action diffusion},
  author={Chi, Cheng and Xu, Zhenjia and Feng, Siyuan and Cousineau, Eric and Du, Yilun and Burchfiel, Benjamin and Tedrake, Russ and Song, Shuran},
  journal={The International Journal of Robotics Research},
  pages={02783649241273668},
  year={2023},
  publisher={SAGE Publications Sage UK: London, England}
}

@inproceedings{chenoffline,
  title={Offline Reinforcement Learning via High-Fidelity Generative Behavior Modeling},
  author={Chen, Huayu and Lu, Cheng and Ying, Chengyang and Su, Hang and Zhu, Jun},
  booktitle={International Conference on Learning Representations},
  year={2023}
}

@inproceedings{ajayconditional,
  title={Is Conditional Generative Modeling all you need for Decision Making?},
  author={Ajay, Anurag and Du, Yilun and Gupta, Abhi and Tenenbaum, Joshua B and Jaakkola, Tommi S and Agrawal, Pulkit},
  booktitle={International Conference on Learning Representations},
  year={2023}
}

@inproceedings{songdenoising,
  title={Denoising Diffusion Implicit Models},
  author={Song, Jiaming and Meng, Chenlin and Ermon, Stefano},
  booktitle={International Conference on Learning Representations},
  year={2021}
}

@inproceedings{lu2022dpm,
  title={Dpm-solver: A fast ode solver for diffusion probabilistic model sampling in around 10 steps},
  author={Lu, Cheng and Zhou, Yuhao and Bao, Fan and Chen, Jianfei and Li, Chongxuan and Zhu, Jun},
  booktitle={Advances in Neural Information Processing Systems},
  volume={35},
  pages={5775--5787},
  year={2022}
}

@inproceedings{karras2022elucidating,
  title={Elucidating the design space of diffusion-based generative models},
  author={Karras, Tero and Aittala, Miika and Aila, Timo and Laine, Samuli},
  booktitle={Advances in Neural Information Processing Systems},
  year={2022}
}

@inproceedings{chenscore,
  title={Score Regularized Policy Optimization through Diffusion Behavior},
  author={Chen, Huayu and Lu, Cheng and Wang, Zhengyi and Su, Hang and Zhu, Jun},
  booktitle={ International Conference on Learning Representations},
  year={2024}
}

@book{bishop2006patterm,
    author = {Bishop, Christopher M.},
    title = {Pattern Recognition and Machine Learning (Information Science and Statistics)},
    year = {2006},
    isbn = {0387310738},
    publisher = {Springer-Verlag},
    address = {Berlin, Heidelberg}
}

@inproceedings{psenkalearning,
  title={Learning a Diffusion Model Policy from Rewards via Q-Score Matching},
  author={Psenka, Michael and Escontrela, Alejandro and Abbeel, Pieter and Ma, Yi},
  booktitle={International Conference on Machine Learning},
  year={2024}
}

@inproceedings{akhounditerated,
  title={Iterated Denoising Energy Matching for Sampling from Boltzmann Densities},
  author={Akhound-Sadegh, Tara and Rector-Brooks, Jarrid and Bose, Joey and Mittal, Sarthak and Lemos, Pablo and Liu, Cheng-Hao and Sendera, Marcin and Ravanbakhsh, Siamak and Gidel, Gauthier and Bengio, Yoshua and others},
  booktitle={International Conference on Machine Learning},
  year={2024}
}

@inproceedings{konginformation,
  title={Information-Theoretic Diffusion},
  author={Kong, Xianghao and Brekelmans, Rob and Ver Steeg, Greg},
  booktitle={International Conference on Learning Representations},
  year={2023}
}

@inproceedings{lu2023contrastive,
  title={Contrastive energy prediction for exact energy-guided diffusion sampling in offline reinforcement learning},
  author={Lu, Cheng and Chen, Huayu and Chen, Jianfei and Su, Hang and Li, Chongxuan and Zhu, Jun},
  booktitle={International Conference on Machine Learning},
  pages={22825--22855},
  year={2023},
  organization={PMLR}
}

@inproceedings{chenaligning,
  title={Aligning Diffusion Behaviors with Q-functions for Efficient Continuous Control},
  author={Chen, Huayu and Zheng, Kaiwen and Su, Hang and Zhu, Jun},
  booktitle={Advances in Neural Information Processing Systems},
  year={2024}
}

@inproceedings{chao2024maximum,
  title={Maximum Entropy Reinforcement Learning via Energy-Based Normalizing Flow},
  author={Chao, Chen-Hao and Feng, Chien and Sun, Wei-Fang and Lee, Cheng-Kuang and See, Simon and Lee, Chun-Yi},
  booktitle={Advances in Neural Information Processing Systems},
  year={2024}
}

@inproceedings{kang2024efficient,
  title={Efficient diffusion policies for offline reinforcement learning},
  author={Kang, Bingyi and Ma, Xiao and Du, Chao and Pang, Tianyu and Yan, Shuicheng},
  booktitle={Advances in Neural Information Processing Systems},
  year={2024}
}

@inproceedings{chen2024boosting,
  title={Boosting Continuous Control with Consistency Policy},
  author={Chen, Yuhui and Li, Haoran and Zhao, Dongbin},
  booktitle={Proceedings of the International Conference on Autonomous Agents and Multiagent Systems},
  pages={335--344},
  year={2024}
}

@inproceedings{song2023consistency,
  title={Consistency Models},
  author={Song, Yang and Dhariwal, Prafulla and Chen, Mark and Sutskever, Ilya},
  booktitle={International Conference on Machine Learning},
  pages={32211--32252},
  year={2023},
  organization={PMLR}
}

@article{yang2023policy,
  title={Policy representation via diffusion probability model for reinforcement learning},
  author={Yang, Long and Huang, Zhixiong and Lei, Fenghao and Zhong, Yucun and Yang, Yiming and Fang, Cong and Wen, Shiting and Zhou, Binbin and Lin, Zhouchen},
  journal={arXiv preprint arXiv:2305.13122},
  year={2023}
}

@inproceedings{ding2024diffusion,
  title={Diffusion-based Reinforcement Learning via Q-weighted Variational Policy Optimization},
  author={Ding, Shutong and Hu, Ke and Zhang, Zhenhao and Ren, Kan and Zhang, Weinan and Yu, Jingyi and Wang, Jingya and Shi, Ye},
  booktitle={Advances in Neural Information Processing Systems},
  year={2024}
}

@inproceedings{wang2024diffusion,
  title={Diffusion Actor-Critic with Entropy Regulator},
  author={Wang, Yinuo and Wang, Likun and Jiang, Yuxuan and Zou, Wenjun and Liu, Tong and Song, Xujie and Wang, Wenxuan and Xiao, Liming and Wu, Jiang and Duan, Jingliang and others},
  booktitle={Advances in Neural Information Processing Systems},
  year={2024}
}

@inproceedings{todorov2012mujoco,
  title={Mujoco: A physics engine for model-based control},
  author={Todorov, Emanuel and Erez, Tom and Tassa, Yuval},
  booktitle={2012 IEEE/RSJ international conference on intelligent robots and systems},
  pages={5026--5033},
  year={2012},
  organization={IEEE}
}

@inproceedings{fujimoto2018addressing,
  title={Addressing function approximation error in actor-critic methods},
  author={Fujimoto, Scott and Hoof, Herke and Meger, David},
  booktitle={International Conference on Machine Learning},
  pages={1587--1596},
  year={2018},
  organization={PMLR}
}

@article{frostig2018compiling,
  title={Compiling machine learning programs via high-level tracing},
  author={Frostig, Roy and Johnson, Matthew James and Leary, Chris},
  journal={Systems for Machine Learning},
  volume={4},
  number={9},
  year={2018},
  publisher={SysML}
}

@inproceedings{maodiffusion,
  title={Diffusion-DICE: In-Sample Diffusion Guidance for Offline Reinforcement Learning},
  author={Mao, Liyuan and Xu, Haoran and Zhan, Xianyuan and Zhang, Weinan and Zhang, Amy},
  booktitle={ Advances in Neural Information Processing Systems},
  year={2024}
}

@article{silver2016mastering,
  title={Mastering the game of Go with deep neural networks and tree search},
  author={Silver, David and Huang, Aja and Maddison, Chris J and Guez, Arthur and Sifre, Laurent and Van Den Driessche, George and Schrittwieser, Julian and Antonoglou, Ioannis and Panneershelvam, Veda and Lanctot, Marc and others},
  journal={nature},
  volume={529},
  number={7587},
  pages={484--489},
  year={2016},
  publisher={Nature Publishing Group}
}

@article{mnih2015human,
  title={Human-level control through deep reinforcement learning},
  author={Mnih, Volodymyr and Kavukcuoglu, Koray and Silver, David and Rusu, Andrei A and Veness, Joel and Bellemare, Marc G and Graves, Alex and Riedmiller, Martin and Fidjeland, Andreas K and Ostrovski, Georg and others},
  journal={nature},
  volume={518},
  number={7540},
  pages={529--533},
  year={2015},
  publisher={Nature Publishing Group UK London}
}

@article{kaufmann2023champion,
  title={Champion-level drone racing using deep reinforcement learning},
  author={Kaufmann, Elia and Bauersfeld, Leonard and Loquercio, Antonio and M{\"u}ller, Matthias and Koltun, Vladlen and Scaramuzza, Davide},
  journal={Nature},
  volume={620},
  number={7976},
  pages={982--987},
  year={2023},
  publisher={Nature Publishing Group UK London}
}

@article{kiran2021deep,
  title={Deep reinforcement learning for autonomous driving: A survey},
  author={Kiran, B Ravi and Sobh, Ibrahim and Talpaert, Victor and Mannion, Patrick and Al Sallab, Ahmad A and Yogamani, Senthil and P{\'e}rez, Patrick},
  journal={IEEE Transactions on Intelligent Transportation Systems},
  volume={23},
  number={6},
  pages={4909--4926},
  year={2021},
  publisher={IEEE}
}

@article{ibarz2021train,
  title={How to train your robot with deep reinforcement learning: lessons we have learned},
  author={Ibarz, Julian and Tan, Jie and Finn, Chelsea and Kalakrishnan, Mrinal and Pastor, Peter and Levine, Sergey},
  journal={The International Journal of Robotics Research},
  volume={40},
  number={4-5},
  pages={698--721},
  year={2021},
  publisher={SAGE Publications Sage UK: London, England}
}

@book{ziebart2010modeling,
  title={Modeling purposeful adaptive behavior with the principle of maximum causal entropy},
  author={Ziebart, Brian D},
  year={2010},
  publisher={Carnegie Mellon University}
}

@inproceedings{sohl2015deep,
  title={Deep unsupervised learning using nonequilibrium thermodynamics},
  author={Sohl-Dickstein, Jascha and Weiss, Eric and Maheswaranathan, Niru and Ganguli, Surya},
  booktitle={International conference on machine learning},
  pages={2256--2265},
  year={2015},
  organization={PMLR}
}

@inproceedings{zheng2023dpm,
  title={Dpm-solver-v3: Improved diffusion ode solver with empirical model statistics},
  author={Zheng, Kaiwen and Lu, Cheng and Chen, Jianfei and Zhu, Jun},
  booktitle={Advances in Neural Information Processing Systems},
  volume={36},
  pages={55502--55542},
  year={2023}
}

@inproceedings{saharia2022photorealistic,
  title={Photorealistic text-to-image diffusion models with deep language understanding},
  author={Saharia, Chitwan and Chan, William and Saxena, Saurabh and Li, Lala and Whang, Jay and Denton, Emily L and Ghasemipour, Kamyar and Gontijo Lopes, Raphael and Karagol Ayan, Burcu and Salimans, Tim and others},
  booktitle={Advances in Neural Information Processing Systems},
  volume={35},
  pages={36479--36494},
  year={2022}
}

@inproceedings{ho2022video,
  title={Video diffusion models},
  author={Ho, Jonathan and Salimans, Tim and Gritsenko, Alexey and Chan, William and Norouzi, Mohammad and Fleet, David J},
  booktitle={Advances in Neural Information Processing Systems},
  volume={35},
  pages={8633--8646},
  year={2022}
}

@inproceedings{xu2023dream3d,
  title={Dream3d: Zero-shot text-to-3d synthesis using 3d shape prior and text-to-image diffusion models},
  author={Xu, Jiale and Wang, Xintao and Cheng, Weihao and Cao, Yan-Pei and Shan, Ying and Qie, Xiaohu and Gao, Shenghua},
  booktitle={Proceedings of the IEEE/CVF Conference on Computer Vision and Pattern Recognition},
  pages={20908--20918},
  year={2023}
}

@inproceedings{huang2023make,
  title={Make-an-audio: Text-to-audio generation with prompt-enhanced diffusion models},
  author={Huang, Rongjie and Huang, Jiawei and Yang, Dongchao and Ren, Yi and Liu, Luping and Li, Mingze and Ye, Zhenhui and Liu, Jinglin and Yin, Xiang and Zhao, Zhou},
  booktitle={International Conference on Machine Learning},
  pages={13916--13932},
  year={2023},
  organization={PMLR}
}