@inproceedings{chaudhry2022transparency,
  title={A transparency index framework for AI in education},
  author={Chaudhry, Muhammad Ali and Cukurova, Mutlu and Luckin, Rose},
  booktitle={International Conference on Artificial Intelligence in Education},
  pages={195--198},
  year={2022},
  organization={Springer}
}

@inproceedings{dube2024students,
  title={Students’ Perceptions of ChatGPT in Education: A Rapid Systematic Literature Review},
  author={Dube, Sibusisiwe and Dube, Sinokubekezela and Ndlovu, Belinda Mutunhu and Maguraushe, Kudakwashe and Malungana, Lario and Kiwa, Fungai Jacqueline and Muduva, Martin},
  booktitle={Science and Information Conference},
  pages={258--279},
  year={2024},
  organization={Springer}
}

@article{garcia2024review,
  title={A review on the use of large language models as virtual tutors},
  author={Garcia-Mendez, Silvia and de Arriba-Perez, Francisco and Somoza-Lopez, Maria del Carmen},
  journal={Science \& Education},
  pages={1--16},
  year={2024},
  publisher={Springer}
}

@article{leiter2024chatgpt,
  title={Chatgpt: A meta-analysis after 2.5 months},
  author={Leiter, Christoph and Zhang, Ran and Chen, Yanran and Belouadi, Jonas and Larionov, Daniil and Fresen, Vivian and Eger, Steffen},
  journal={Machine Learning with Applications},
  volume={16},
  pages={100541},
  year={2024},
  publisher={Elsevier}
}

@article{lo2023impact,
  title={What is the impact of ChatGPT on education? A rapid review of the literature},
  author={Lo, Chung Kwan},
  journal={Education Sciences},
  volume={13},
  number={4},
  pages={410},
  year={2023},
  publisher={MDPI}
}

@article{luckin2022empowering,
  title={Empowering educators to be AI-ready},
  author={Luckin, Rosemary and Cukurova, Mutlu and Kent, Carmel and du Boulay, Benedict},
  journal={Computers and Education: Artificial Intelligence},
  volume={3},
  pages={100076},
  year={2022},
  publisher={Elsevier}
}

@article{mogavi2024chatgpt,
  title={ChatGPT in education: A blessing or a curse? A qualitative study exploring early adopters’ utilization and perceptions},
  author={Mogavi, Reza Hadi and Deng, Chao and Kim, Justin Juho and Zhou, Pengyuan and Kwon, Young D and Metwally, Ahmed Hosny Saleh and Tlili, Ahmed and Bassanelli, Simone and Bucchiarone, Antonio and Gujar, Sujit and others},
  journal={Computers in Human Behavior: Artificial Humans},
  volume={2},
  number={1},
  pages={100027},
  year={2024},
  publisher={Elsevier}
}

