
@unpublished{fleischer2023,
	location = {Online, Invited Talk},
	title = {Safety and Acceptance -- A View of Two Mysteries},
	note = {Oberseminar Electronic Vehicle Systems, {TU} Braunschweig},
	author = {Fleischer, Torsten},
	date = {2023},
}

@legislation{afgbv,
	title = {Verordnung zur Genehmigung und zum Betrieb von Kraftfahrzeugen mit autonomer Fahrfunktion in festgelegten Betriebsbereichen ({AFGBV})},
	shorttitle = {Autonome-Fahrzeuge-Genehmigungs-und-Betriebs-Verordnung - {AFGBV}},
	date = {2022-01-07},
	langid = {german},
}

@legislation{eu858,
	title = {{REGULATION} ({EU}) 2018/858 {OF} {THE} {EUROPEAN} {PARLIAMENT} {AND} {OF} {THE} {COUNCIL} (({EU}))},
	shorttitle = {({EU}) 2018/858},
	date = {2018-05-30},
	langid = {english},
}

@incollection{salem2024,
	location = {Wiesbaden},
	title = {Safety and Risk – Why Their Definitions Matter},
	pages = {in print},
	booktitle = {Handbook Assisted and Automated Driving},
	publisher = {Springer Fachmedien Wiesbaden},
	author = {Salem, Nayel Fabian and Le Page, Sophie and Millar, Jason and Junietz, Philipp and Nolte, Marcus and Graubohm, Robert and Maurer, Markus},
	editor = {Winner, Hermann and Dietmayer, Klaus C J and Eckstein, Lutz and Jipp, Meike and Maurer, Markus and Stiller, Christoph},
	urldate = {2025-01-22},
	date = {2024},
	langid = {english},
	note = {Series Title: {ATZ}/{MTZ}-Fachbuch},
}

@legislation{ukav2024,
	title = {Automated Vehicles Act 2024},
	shorttitle = {{UK} {AV} Act},
	number = {2024 c. 10},
	date = {2024-05-20},
	langid = {english},
}

@book{sellnow2009,
	location = {New York, {NY}},
	title = {Effective Risk Communication: A Message-Centered Approach},
	isbn = {978-0-387-79726-7 978-0-387-79727-4},
	url = {http://link.springer.com/10.1007/978-0-387-79727-4},
	shorttitle = {Effective Risk Communication},
	publisher = {Springer},
	author = {Sellnow, Timothy L. and Ulmer, Robert R. and Seeger, Matthew W. and Littlefield, Robert S.},
	urldate = {2025-01-22},
	date = {2009},
	langid = {english},
	doi = {10.1007/978-0-387-79727-4},
}

@report{ul4600,
	location = {Northbrook, {USA}},
	title = {Standard for Safety - Evaluation of Autonomous Products},
	number = {4600},
	institution = {{ANSI}/{UL}},
	type = {standard},
	date = {2020},
}

@report{wmg2023,
	location = {Warwick, {UK}},
	title = {Cross Domain Safety Assurance for Automated Transport Systems},
	url = {https://warwick.ac.uk/fac/sci/wmg/research/research-areas/safeautonomy/ukriflf/2023crossdomainsafety_online_final_v2.0.pdf},
	author = {{WMG -- The University of Warwick}},
	urldate = {2025-01-23},
	date = {2023},
	langid = {english},
}

@thesis{nolte2024,
	location = {Braunschweig},
	title = {Werte- und fähigkeitsbasierte Bewegungsplanung für autonome Straßenfahrzeuge -- Ein systemischer Ansatz},
	institution = {{TU} Braunschweig},
	type = {phdthesis},
	author = {Nolte, Marcus},
	date = {2025},
	langid = {german},
}

@report{iso24748:7000,
	title = {Systems and software engineering — Life cycle management — Part 7000: Standard model process for addressing ethical concerns during system design},
	url = {https://ieeexplore.ieee.org/document/9967807},
	number = {24748-7000},
	institution = {{ISO}/{IEC}/{IEEE}},
	type = {standard},
	author = {{International Organization for Standardization (ISO)} and {International Electrotechnical Commission (IEC)} and {Institute of Electrical and Electronics Engineers (IEEE)}},
	date = {2022},
	langid = {english},
	keywords = {{IEC} Standards, {IEEE} 7000, {IEEE} Standards, {ISO} Standards, Product life cycle management, Software engineering, System analysis and design, case for ethics, concept of operations, ethical value requirements, ethical values elicitation, ethically aligned design, software engineering, system engineering, value prioritization, value-based requirements},
}

@report{iso21448,
	title = {Road vehicles — Safety of the intended functionality},
	number = {21448},
	institution = {{ISO}},
	type = {standard},
	author = {{International Organization for Standardization (ISO)}},
	date = {2022},
	langid = {english},
}

@report{iso2018,
	title = {Road vehicles — Functional safety},
	number = {26262},
	institution = {{ISO}},
	type = {standard},
	author = {{International Organization for Standardization (ISO)}},
	date = {2018},
	langid = {english},
}

@report{iso31000,
	title = {Risk management — Guidelines},
	institution = {{ISO}},
	type = {standard},
	author = {{International Organization for Standardization (ISO)}},
	date = {2018},
	langid = {english},
}

@report{iec61508,
	title = {Functional safety of electrical/electronic/programmable electronic safety-related systems},
	number = {61508},
	institution = {{IEC}},
	type = {standard},
	author = {{International Electrotechnical Commission (IEC)}},
	date = {2010},
	langid = {english},
}

@report{iso51,
	title = {Safety aspects — Guidelines for their inclusion in standards},
	number = {51},
	institution = {{ISO}/{IEC}},
	type = {standard},
	author = {{International Organization for Standardization} and {International Electrotechnical Commission}},
	date = {2014},
	langid = {english},
	note = {Guide},
}

@online{cambridge2025,
	title = {Safety},
	url = {https://dictionary.cambridge.org/dictionary/english/safety},
	abstract = {1. a state in which or a place where you are safe and not in danger or at risk…},
	author = {{Cambridge Dictionary}},
	urldate = {2025-01-27},
	date = {2025-01-22},
	langid = {english},
}

@report{steininger2022,
	title = {Rechtliche Fragestellungen des
automatisierten Fahrens},
	institution = {{TÜV} {SÜD} Rail {GmbH}, innocam.{NRW}},
	author = {Steininger, Udo},
	date = {2022},
	langid = {german},
}

@report{difabio2017,
	title = {Ethik-Kommission Automatisiertes und Vernetztes Fahren},
	url = {https://bmdv.bund.de/SharedDocs/DE/Publikationen/DG/bericht-der-ethik-kommission.pdf?__blob=publicationFile},
	institution = {Bundesministerium für Verkehr und digitale Infrastruktur ({BMVI})},
	author = {Di Fabio, Udo and Broy, Manfred and Jungo Brüngger, Renata and Eichhorn, Ulrich and Grunwald, Armin and Heckmann, Dirk and Hilgendorf, Eric and Kagermann, Henning and Losinger, Anton and Lütge, Christoph and Markl, August and Müller, Klaus and Nehm, Kay},
	urldate = {2023-05-08},
	date = {2017-06},
	langid = {german},
}

@incollection{peine1999,
	title = {Gefahr, Risiko, Restrisiko -- Begiffsbestimmungen und Probleme aus juristischer Sicht},
	pages = {151--164},
	booktitle = {Jahrbuch 1999 der Braunschweigischen Wissenschaftlichen Gesellschaft},
	author = {Peine, F.-J.},
	date = {1999},
	langid = {german},
}

@inproceedings{graubohm2023,
	location = {Bilbao, Spanien},
	title = {On Assumptions with Respect to Occlusions in Urban Environments for Automated Vehicle Speed Decisions},
	isbn = {9798350399462},
	url = {https://ieeexplore.ieee.org/document/10422457/},
	doi = {10.1109/ITSC57777.2023.10422457},
	eventtitle = {2023 {IEEE} 26th International Conference on Intelligent Transportation Systems ({ITSC})},
	pages = {738--745},
	booktitle = {2023 {IEEE} 26th International Conference on Intelligent Transportation Systems ({ITSC})},
	publisher = {{IEEE}},
	author = {Graubohm, Robert and Salem, Nayel Fabian and Nolte, Marcus and Maurer, Markus},
	urldate = {2024-02-14},
	date = {2023-09-24},
}

@incollection{grunwald2016,
	location = {Berlin, Heidelberg},
	title = {Societal Risk Constellations for Autonomous Driving. Analysis, Historical Context and Assessment},
	rights = {http://creativecommons.org/licenses/by/4.0},
	isbn = {9783662488454 9783662488478},
	url = {http://link.springer.com/10.1007/978-3-662-48847-8_30},
	pages = {641--663},
	booktitle = {Autonomous Driving},
	publisher = {Springer Berlin Heidelberg},
	author = {Grunwald, Armin},
	editor = {Maurer, Markus and Gerdes, J. Christian and Lenz, Barbara and Winner, Hermann},
	urldate = {2025-01-27},
	date = {2016},
	langid = {english},
	doi = {10.1007/978-3-662-48847-8_30},
}

@book{buchanan2010,
	edition = {1},
	title = {A Dictionary of Critical Theory},
	isbn = {9780199532919},
	url = {http://www.oxfordreference.com/view/10.1093/acref/9780199532919.001.0001/acref-9780199532919},
	publisher = {Oxford University Press},
	author = {Buchanan, Ian},
	urldate = {2025-01-27},
	date = {2010-01-01},
	langid = {english},
	doi = {10.1093/acref/9780199532919.001.0001},
}

@legislation{stvg2003,
	title = {Straßenverkehrsgesetz -- {StVG}},
	shorttitle = {{StVG}},
	date = {2003},
	langid = {german},
}

@online{opss2025,
	title = {{OPSS} risk lexicon},
	url = {https://www.gov.uk/guidance/opss-risk-lexicon},
	abstract = {Organisational definitions of terms concerned with risk and risk-related matters.},
	titleaddon = {{GOV}.{UK}},
	urldate = {2025-01-27},
	langid = {english},
}

@legislation{stvg2021,
	title = {Gesetz zur Änderung des Straßenverkehrsgesetzes und des Pflichtversicherungsgesetzes},
	shorttitle = {Gesetz zum autonomen Fahren},
	pages = {3108--3114},
	date = {2021-07-12},
	langid = {german},
}

@legislation{eu1426,
	title = {{COMMISSION} {IMPLEMENTING} {REGULATION} ({EU}) 2022/1426},
	shorttitle = {{EU} Implementing Act},
	date = {2022-08-26},
	langid = {english},
}

@legislation{un157,
	title = {{UN} Regulation No 157},
	shorttitle = {{UN} Reg. 157},
	date = {2021-01-22},
	langid = {english},
}

@report{albert2008,
	location = {Zurich},
	title = {Zur Wertekonzeption in den Sozialwissenschaften -- Potenzial, fachliche Prägungen und mögliche Blockaden eines strategisch benutzten Begriffes},
	url = {https://socio.ch/general/t_ealbert1.pdf},
	institution = {Institute of Sociology at the University of Zurich},
	author = {Albert, Ernst},
	urldate = {2022-01-14},
	date = {2008},
	langid = {german},
}

@report{waymo2018,
	title = {Waymo Safety Report},
	url = {https://storage.googleapis.com/waymo-uploads/files/documents/safety/2021-03-waymo-safety-report.pdf},
	pages = {48},
	type = {Technical Report},
	author = {{Waymo LLC}},
	urldate = {2021-07-21},
	date = {2021},
}

@legislation{stvg2017,
	title = {Achtes Gesetz zur Änderung des Straßenverkehrsgesetzes},
	shorttitle = {Gesetz zum Automatisierten Fahren},
	pages = {1648--1650},
	date = {2017-06-20},
	langid = {german},
}

@report{favaro2023,
	title = {Building a Credible Case for Safety: Waymo’s Approach for the Determination of Absence of Unreasonable Risk},
	url = {https://storage.googleapis.com/waymo-uploads/files/documents/safety/Waymo%20Safety%20Case%20Approach.pdf},
	institution = {Waymo {LLC}},
	author = {Favarò, F. and Fraade-Blanar, Laura and Schnelle, S. and Victor, T. and Peña, M. and Engstrom, J. and Scanlon, J. and Kusano, K. and Smith, D.},
	urldate = {2023-05-16},
	date = {2023-03},
}

@article{renn1998,
	title = {Three decades of risk research: accomplishments and new challenges},
	volume = {1},
	issn = {1366-9877, 1466-4461},
	url = {http://www.tandfonline.com/doi/abs/10.1080/136698798377321},
	doi = {10.1080/136698798377321},
	shorttitle = {Three decades of risk research},
	pages = {49--71},
	number = {1},
	journaltitle = {Journal of Risk Research},
	author = {Renn, Ortwin},
	urldate = {2025-01-22},
	date = {1998-01},
	langid = {english},
}

@incollection{koopman2024,
	location = {Cham},
	title = {Redefining Safety for Autonomous Vehicles},
	volume = {14988},
	isbn = {978-3-031-68605-4 978-3-031-68606-1},
	url = {https://link.springer.com/10.1007/978-3-031-68606-1_19},
	pages = {300--314},
	booktitle = {Computer Safety, Reliability, and Security},
	publisher = {Springer Nature Switzerland},
	author = {Koopman, Philip and Widen, William},
	editor = {Ceccarelli, Andrea and Trapp, Mario and Bondavalli, Andrea and Bitsch, Friedemann},
	urldate = {2025-01-22},
	date = {2024},
	langid = {english},
	doi = {10.1007/978-3-031-68606-1_19},
	note = {Series Title: Lecture Notes in Computer Science},
}

@article{christensen2003,
	title = {Risk terminology—a platform for common understanding and better communication},
	volume = {103},
	issn = {03043894},
	url = {https://linkinghub.elsevier.com/retrieve/pii/S0304389403000396},
	doi = {10.1016/S0304-3894(03)00039-6},
	pages = {181--203},
	number = {3},
	journaltitle = {Journal of Hazardous Materials},
	author = {Christensen, Frans Møller and Andersen, Ole and Duijm, Nijs Jan and Harremoës, Poul},
	urldate = {2025-01-22},
	date = {2003-10},
	langid = {english},
}

@article{fischhoff1984,
	title = {Defining risk},
	volume = {17},
	issn = {0032-2687, 1573-0891},
	url = {http://link.springer.com/10.1007/BF00146924},
	doi = {10.1007/BF00146924},
	pages = {123--139},
	number = {2},
	journaltitle = {Policy Sciences},
	author = {Fischhoff, Baruch and Watson, Stephen R. and Hope, Chris},
	urldate = {2025-01-22},
	date = {1984-10},
	langid = {english},
}
