@inproceedings{jaegle2021perceiver,
  title={Perceiver: General perception with iterative attention},
  author={Jaegle, Andrew and Gimeno, Felix and Brock, Andy and Vinyals, Oriol and Zisserman, Andrew and Carreira, Joao},
  booktitle={International conference on machine learning},
  pages={4651--4664},
  year={2021},
  organization={PMLR}
}
@article{laurenccon269587869matters,
  title={What matters when building vision-language models?(2024)},
  author={Lauren{\c{c}}on, Hugo and Tronchon, L{\'e}o and Cord, Matthieu and Sanh, Victor},
  journal={URL https://api. semanticscholar. org/CorpusID},
  volume={269587869},
  number={8},
  pages={9},
  year={2024}
}
@article{louvan2020recent,
  title={Recent neural methods on slot filling and intent classification for task-oriented dialogue systems: A survey},
  author={Louvan, Samuel and Magnini, Bernardo},
  journal={arXiv preprint arXiv:2011.00564},
  year={2020}
}
@inproceedings{baek2019character,
  title={Character region awareness for text detection},
  author={Baek, Youngmin and Lee, Bado and Han, Dongyoon and Yun, Sangdoo and Lee, Hwalsuk},
  booktitle={Proceedings of the IEEE/CVF conference on computer vision and pattern recognition},
  pages={9365--9374},
  year={2019}
}
@article{nagaonkar2025benchmarking,
  title={Benchmarking Vision-Language Models on Optical Character Recognition in Dynamic Video Environments},
  author={Nagaonkar, Sankalp and Sharma, Augustya and Choithani, Ashish and Trivedi, Ashutosh},
  journal={arXiv preprint arXiv:2502.06445},
  year={2025}
}
@article{lamm2024can,
  title={Can Visual Language Models Replace OCR-Based Visual Question Answering Pipelines in Production? A Case Study in Retail},
  author={Lamm, Bianca and Keuper, Janis},
  journal={arXiv preprint arXiv:2408.15626},
  year={2024}
}
@misc{lmms2023llava,
  author       = {LMMS Lab},
  title        = {LLaVA-ReCap-CC3M Dataset},
  year         = {2023},
  url          = {https://huggingface.co/datasets/lmms-lab/LLaVA-ReCap-CC3M}
}

@misc{liu2023pretrain,
  author       = {Haotian Liu},
  title        = {LLaVA-Pretrain Dataset},
  year         = {2023},
  url          = {https://huggingface.co/datasets/liuhaotian/LLaVA-Pretrain}
}

@misc{liu2023cc3m,
  author       = {Haotian Liu},
  title        = {LLaVA-CC3M-Pretrain-595K Dataset},
  year         = {2023},
  url          = {https://huggingface.co/datasets/liuhaotian/LLaVA-CC3M-Pretrain-595K}
}


@inproceedings{zhai2023sigmoid,
  title={Sigmoid loss for language image pre-training},
  author={Zhai, Xiaohua and Mustafa, Basil and Kolesnikov, Alexander and Beyer, Lucas},
  booktitle={Proceedings of the IEEE/CVF International Conference on Computer Vision},
  pages={11975--11986},
  year={2023}
}

@article{goel2023presto,
  title={Presto: A multilingual dataset for parsing realistic task-oriented dialogs},
  author={Goel, Rahul and Ammar, Waleed and Gupta, Aditya and Vashishtha, Siddharth and Sano, Motoki and Surani, Faiz and Chang, Max and Choe, HyunJeong and Greene, David and He, Kyle and others},
  journal={arXiv preprint arXiv:2303.08954},
  year={2023}
}
@inproceedings{iyyer2017search,
  title={Search-based neural structured learning for sequential question answering},
  author={Iyyer, Mohit and Yih, Wen-tau and Chang, Ming-Wei},
  booktitle={Proceedings of the 55th Annual Meeting of the Association for Computational Linguistics (Volume 1: Long Papers)},
  pages={1821--1831},
  year={2017}
}
@article{aghajanyan2020conversational,
  title={Conversational semantic parsing},
  author={Aghajanyan, Armen and Maillard, Jean and Shrivastava, Akshat and Diedrick, Keith and Haeger, Mike and Li, Haoran and Mehdad, Yashar and Stoyanov, Ves and Kumar, Anuj and Lewis, Mike and others},
  journal={arXiv preprint arXiv:2009.13655},
  year={2020}
}
@article{wang2024qwen2,
  title={Qwen2-vl: Enhancing vision-language model's perception of the world at any resolution},
  author={Wang, Peng and Bai, Shuai and Tan, Sinan and Wang, Shijie and Fan, Zhihao and Bai, Jinze and Chen, Keqin and Liu, Xuejing and Wang, Jialin and Ge, Wenbin and others},
  journal={arXiv preprint arXiv:2409.12191},
  year={2024}
}
@article{steiner2024paligemma,
  title={Paligemma 2: A family of versatile vlms for transfer},
  author={Steiner, Andreas and Pinto, Andr{\'e} Susano and Tschannen, Michael and Keysers, Daniel and Wang, Xiao and Bitton, Yonatan and Gritsenko, Alexey and Minderer, Matthias and Sherbondy, Anthony and Long, Shangbang and others},
  journal={arXiv preprint arXiv:2412.03555},
  year={2024}
}
@inproceedings{wei2021visual,
  title={Visual Question Rewriting for Increasing Response Rate},
  author={Wei, Jiayi and Li, Xilian and Zhang, Yi and Wang, Xin Eric},
  booktitle={Proceedings of the 44th International ACM SIGIR Conference on Research and Development in Information Retrieval},
  pages={2071--2075},
  year={2021}
}
@article{zhang2022can,
  title={Can open domain question answering systems answer visual knowledge questions?},
  author={Zhang, Jiawen and Mishra, Abhijit and Patwardhan, Siddharth and Agarwal, Sachin and others},
  journal={arXiv preprint arXiv:2202.04306},
  year={2022}
}
@article{zhang2024vision,
  title={Vision-language models for vision tasks: A survey},
  author={Zhang, Jingyi and Huang, Jiaxing and Jin, Sheng and Lu, Shijian},
  journal={IEEE Transactions on Pattern Analysis and Machine Intelligence},
  year={2024},
  publisher={IEEE}
}
@article{beyer2024paligemma,
  title={PaliGemma: A versatile 3B VLM for transfer},
  author={Beyer, Lucas and Steiner, Andreas and Pinto, Andr{\'e} Susano and Kolesnikov, Alexander and Wang, Xiao and Salz, Daniel and Neumann, Maxim and Alabdulmohsin, Ibrahim and Tschannen, Michael and Bugliarello, Emanuele and others},
  journal={arXiv preprint arXiv:2407.07726},
  year={2024}
}
@inproceedings{wehbe2014aligning,
  title={Aligning context-based statistical models of language with brain activity during reading},
  author={Wehbe, Leila and Vaswani, Ashish and Knight, Kevin and Mitchell, Tom},
  booktitle={Proceedings of the 2014 conference on empirical methods in natural language processing (EMNLP)},
  pages={233--243},
  year={2014}
}
@inproceedings{papineni2002bleu,
  title={Bleu: a method for automatic evaluation of machine translation},
  author={Papineni, Kishore and Roukos, Salim and Ward, Todd and Zhu, Wei-Jing},
  booktitle={Proceedings of the 40th annual meeting of the Association for Computational Linguistics},
  pages={311--318},
  year={2002}
}
@inproceedings{lin2004rouge,
  title={Rouge: A package for automatic evaluation of summaries},
  author={Lin, Chin-Yew},
  booktitle={Text summarization branches out},
  pages={74--81},
  year={2004}
}
@inproceedings{banerjee2005meteor,
  title={METEOR: An automatic metric for MT evaluation with improved correlation with human judgments},
  author={Banerjee, Satanjeev and Lavie, Alon},
  booktitle={Proceedings of the acl workshop on intrinsic and extrinsic evaluation measures for machine translation and/or summarization},
  pages={65--72},
  year={2005}
}
@article{zhang2019bertscore,
  title={Bertscore: Evaluating text generation with bert},
  author={Zhang, Tianyi and Kishore, Varsha and Wu, Felix and Weinberger, Kilian Q and Artzi, Yoav},
  journal={arXiv preprint arXiv:1904.09675},
  year={2019}
}
@inproceedings{deng2009imagenet,
  title={Imagenet: A large-scale hierarchical image database},
  author={Deng, Jia and Dong, Wei and Socher, Richard and Li, Li-Jia and Li, Kai and Fei-Fei, Li},
  booktitle={2009 IEEE conference on computer vision and pattern recognition},
  pages={248--255},
  year={2009},
  organization={Ieee}
}
@inproceedings{radford2021learning,
  title={Learning transferable visual models from natural language supervision},
  author={Radford, Alec and Kim, Jong Wook and Hallacy, Chris and Ramesh, Aditya and Goh, Gabriel and Agarwal, Sandhini and Sastry, Girish and Askell, Amanda and Mishkin, Pamela and Clark, Jack and others},
  booktitle={International conference on machine learning},
  pages={8748--8763},
  year={2021},
  organization={PMLR}
}
@article{liu2024eeg2text,
  title={EEG2TEXT: Open Vocabulary EEG-to-Text Decoding with EEG Pre-Training and Multi-View Transformer},
  author={Liu, Hanwen and Hajialigol, Daniel and Antony, Benny and Han, Aiguo and Wang, Xuan},
  journal={arXiv preprint arXiv:2405.02165},
  year={2024}
}
@inproceedings{rombach2022high,
  title={High-resolution image synthesis with latent diffusion models},
  author={Rombach, Robin and Blattmann, Andreas and Lorenz, Dominik and Esser, Patrick and Ommer, Bj{\"o}rn},
  booktitle={Proceedings of the IEEE/CVF conference on computer vision and pattern recognition},
  pages={10684--10695},
  year={2022}
}
@inproceedings{tirupattur2018thoughtviz,
  title={Thoughtviz: Visualizing human thoughts using generative adversarial network},
  author={Tirupattur, Praveen and Rawat, Yogesh Singh and Spampinato, Concetto and Shah, Mubarak},
  booktitle={Proceedings of the 26th ACM international conference on Multimedia},
  pages={950--958},
  year={2018}
}
@article{vaswani2017attention,
  title={Attention is all you need},
  author={Vaswani, Ashish and Shazeer, Noam and Parmar, Niki and Uszkoreit, Jakob and Jones, Llion and Gomez, Aidan N and Kaiser, {\L}ukasz and Polosukhin, Illia},
  journal={Advances in neural information processing systems},
  volume={30},
  year={2017}
}
@article{hochreiter1997long,
  title={Long short-term memory},
  author={Hochreiter, Sepp and Schmidhuber, J{\"u}rgen},
  journal={Neural computation},
  volume={9},
  number={8},
  pages={1735--1780},
  year={1997},
  publisher={MIT press}
}
@article{goodfellow2020generative,
  title={Generative adversarial networks},
  author={Goodfellow, Ian and Pouget-Abadie, Jean and Mirza, Mehdi and Xu, Bing and Warde-Farley, David and Ozair, Sherjil and Courville, Aaron and Bengio, Yoshua},
  journal={Communications of the ACM},
  volume={63},
  number={11},
  pages={139--144},
  year={2020},
  publisher={ACM New York, NY, USA}
}
@article{khaleghi2023salient,
  title={Salient Arithmetic Data Extraction from Brain Activity via an Improved Deep Network},
  author={Khaleghi, Nastaran and Hashemi, Shaghayegh and Ardabili, Sevda Zafarmandi and Sheykhivand, Sobhan and Danishvar, Sebelan},
  journal={Sensors},
  volume={23},
  number={23},
  pages={9351},
  year={2023},
  publisher={MDPI}
}
@inproceedings{spampinato2017deep,
  title={Deep learning human mind for automated visual classification},
  author={Spampinato, Concetto and Palazzo, Simone and Kavasidis, Isaak and Giordano, Daniela and Souly, Nasim and Shah, Mubarak},
  booktitle={Proceedings of the IEEE conference on computer vision and pattern recognition},
  pages={6809--6817},
  year={2017}
}
@article{vivancos2022mindbigdata,
  title={MindBigData 2022 A Large Dataset of Brain Signals},
  author={Vivancos, David and Cuesta, Felix},
  journal={arXiv preprint arXiv:2212.14746},
  year={2022}
}
@article{sharma2024emerging,
  title={Emerging Trends in EEG Signal Processing: A Systematic Review},
  author={Sharma, Ramnivas and Meena, Hemant Kumar},
  journal={SN Computer Science},
  volume={5},
  number={4},
  pages={1--14},
  year={2024},
  publisher={Springer}
}
@book{mishra2018cognitively,
  title={Cognitively inspired natural language processing: An investigation based on eye-tracking},
  author={Mishra, Abhijit and Bhattacharyya, Pushpak},
  year={2018},
  publisher={Springer}
}
@article{liu2024visual,
  title={Visual instruction tuning},
  author={Liu, Haotian and Li, Chunyuan and Wu, Qingyang and Lee, Yong Jae},
  journal={Advances in neural information processing systems},
  volume={36},
  year={2024}
}
@inproceedings{fathullah2024prompting,
  title={Prompting large language models with speech recognition abilities},
  author={Fathullah, Yassir and Wu, Chunyang and Lakomkin, Egor and Jia, Junteng and Shangguan, Yuan and Li, Ke and Guo, Jinxi and Xiong, Wenhan and Mahadeokar, Jay and Kalinli, Ozlem and others},
  booktitle={ICASSP 2024-2024 IEEE International Conference on Acoustics, Speech and Signal Processing (ICASSP)},
  pages={13351--13355},
  year={2024},
  organization={IEEE}
}

@article{team2023gemini,
  title={Gemini: a family of highly capable multimodal models},
  author={Team, Gemini and Anil, Rohan and Borgeaud, Sebastian and Wu, Yonghui and Alayrac, Jean-Baptiste and Yu, Jiahui and Soricut, Radu and Schalkwyk, Johan and Dai, Andrew M and Hauth, Anja and others},
  journal={arXiv preprint arXiv:2312.11805},
  year={2023}
}
@article{touvron2023llama,
  title={Llama: Open and efficient foundation language models},
  author={Touvron, Hugo and Lavril, Thibaut and Izacard, Gautier and Martinet, Xavier and Lachaux, Marie-Anne and Lacroix, Timoth{\'e}e and Rozi{\`e}re, Baptiste and Goyal, Naman and Hambro, Eric and Azhar, Faisal and others},
  journal={arXiv preprint arXiv:2302.13971},
  year={2023}
}
@article{jiang2023mistral,
  title={Mistral 7B},
  author={Jiang, Albert Q and Sablayrolles, Alexandre and Mensch, Arthur and Bamford, Chris and Chaplot, Devendra Singh and Casas, Diego de las and Bressand, Florian and Lengyel, Gianna and Lample, Guillaume and Saulnier, Lucile and others},
  journal={arXiv preprint arXiv:2310.06825},
  year={2023}
}
@article{abdin2024phi,
  title={Phi-3 technical report: A highly capable language model locally on your phone},
  author={Abdin, Marah and Jacobs, Sam Ade and Awan, Ammar Ahmad and Aneja, Jyoti and Awadallah, Ahmed and Awadalla, Hany and Bach, Nguyen and Bahree, Amit and Bakhtiari, Arash and Behl, Harkirat and others},
  journal={arXiv preprint arXiv:2404.14219},
  year={2024}
}
@article{gunasekar2023textbooks,
  title={Textbooks are all you need},
  author={Gunasekar, Suriya and Zhang, Yi and Aneja, Jyoti and Mendes, Caio C{\'e}sar Teodoro and Del Giorno, Allie and Gopi, Sivakanth and Javaheripi, Mojan and Kauffmann, Piero and de Rosa, Gustavo and Saarikivi, Olli and others},
  journal={arXiv preprint arXiv:2306.11644},
  year={2023}
}
@article{tang2023semantic,
  title={Semantic reconstruction of continuous language from non-invasive brain recordings},
  author={Tang, Jerry and LeBel, Amanda and Jain, Shailee and Huth, Alexander G},
  journal={Nature Neuroscience},
  volume={26},
  number={5},
  pages={858--866},
  year={2023},
  publisher={Nature Publishing Group US New York}
}

@article{lan2023seeing,
  title={Seeing through the Brain: Image Reconstruction of Visual Perception from Human Brain Signals},
  author={Lan, Yu-Ting and Ren, Kan and Wang, Yansen and Zheng, Wei-Long and Li, Dongsheng and Lu, Bao-Liang and Qiu, Lili},
  journal={arXiv e-prints},
  pages={arXiv--2308},
  year={2023}
}

@article{bai2023dreamdiffusion,
  title={Dreamdiffusion: Generating high-quality images from brain eeg signals},
  author={Bai, Yunpeng and Wang, Xintao and Cao, Yan-pei and Ge, Yixiao and Yuan, Chun and Shan, Ying},
  journal={arXiv preprint arXiv:2306.16934},
  year={2023}
}

@article{Speier_2016,
doi = {10.1088/1741-2560/13/3/031002},
url = {https://dx.doi.org/10.1088/1741-2560/13/3/031002},
year = {2016},
month = {may},
publisher = {IOP Publishing},
volume = {13},
number = {3},
pages = {031002},
author = {W Speier and C Arnold and N Pouratian},
title = {Integrating language models into classifiers for BCI communication: a review},
journal = {Journal of Neural Engineering}
}

@article{Jayaram_2018,
doi = {10.1088/1741-2552/aadea0},
url = {https://dx.doi.org/10.1088/1741-2552/aadea0},
year = {2018},
month = {sep},
publisher = {IOP Publishing},
volume = {15},
number = {6},
pages = {066011},
author = {Vinay Jayaram and Alexandre Barachant},
title = {MOABB: trustworthy algorithm benchmarking for BCIs},
journal = {Journal of Neural Engineering}
}

@article{hollenstein2019zuco,
  title={ZuCo 2.0: A dataset of physiological recordings during natural reading and annotation},
  author={Hollenstein, Nora and Troendle, Marius and Zhang, Ce and Langer, Nicolas},
  journal={arXiv preprint arXiv:1912.00903},
  year={2019}
}

@article{willett2021high,
  title={High-performance brain-to-text communication via handwriting},
  author={Willett, Francis R and Avansino, Donald T and Hochberg, Leigh R and Henderson, Jaimie M and Shenoy, Krishna V},
  journal={Nature},
  volume={593},
  number={7858},
  pages={249--254},
  year={2021},
  publisher={Nature Publishing Group UK London}
}

@article{nishimoto2011reconstructing,
  title={Reconstructing visual experiences from brain activity evoked by natural movies},
  author={Nishimoto, Shinji and Vu, An T and Naselaris, Thomas and Benjamini, Yuval and Yu, Bin and Gallant, Jack L},
  journal={Current biology},
  volume={21},
  number={19},
  pages={1641--1646},
  year={2011},
  publisher={Elsevier}
}

@article{naselaris2009bayesian,
  title={Bayesian reconstruction of natural images from human brain activity},
  author={Naselaris, Thomas and Prenger, Ryan J and Kay, Kendrick N and Oliver, Michael and Gallant, Jack L},
  journal={Neuron},
  volume={63},
  number={6},
  pages={902--915},
  year={2009},
  publisher={Elsevier}
}

@article{palazzo2020decoding,
  title={Decoding brain representations by multimodal learning of neural activity and visual features},
  author={Palazzo, Simone and Spampinato, Concetto and Kavasidis, Isaak and Giordano, Daniela and Schmidt, Joseph and Shah, Mubarak},
  journal={IEEE Transactions on Pattern Analysis and Machine Intelligence},
  volume={43},
  number={11},
  pages={3833--3849},
  year={2020},
  publisher={IEEE}
}

@inproceedings{he2022masked,
  title={Masked autoencoders are scalable vision learners},
  author={He, Kaiming and Chen, Xinlei and Xie, Saining and Li, Yanghao and Doll{\'a}r, Piotr and Girshick, Ross},
  booktitle={Proceedings of the IEEE/CVF conference on computer vision and pattern recognition},
  pages={16000--16009},
  year={2022}
}

@article{sharma2017nlgeval,
    author  = {Sharma, Shikhar and El Asri, Layla and Schulz, Hannes and Zumer, Jeremie},
    title   = {Relevance of Unsupervised Metrics in Task-Oriented Dialogue for Evaluating Natural Language Generation},
    journal = {CoRR},
    volume  = {abs/1706.09799},
    year    = {2017},
    url     = {http://arxiv.org/abs/1706.09799}
}


@article{achiam2023gpt,
  title={Gpt-4 technical report},
  author={Achiam, Josh and Adler, Steven and Agarwal, Sandhini and Ahmad, Lama and Akkaya, Ilge and Aleman, Florencia Leoni and Almeida, Diogo and Altenschmidt, Janko and Altman, Sam and Anadkat, Shyamal and others},
  journal={arXiv preprint arXiv:2303.08774},
  year={2023}
}

@article{he2015noninvasive,
  title={Noninvasive brain-computer interfaces based on sensorimotor rhythms},
  author={He, Bin and Baxter, Bryan and Edelman, Bradley J and Cline, Christopher C and Wenjing, W Ye},
  journal={Proceedings of the IEEE},
  volume={103},
  number={6},
  pages={907--925},
  year={2015},
  publisher={IEEE}
}

@article{benchetrit2023brain,
  title={Brain decoding: toward real-time reconstruction of visual perception},
  author={Benchetrit, Yohann and Banville, Hubert and King, Jean-R{\'e}mi},
  journal={arXiv preprint arXiv:2310.19812},
  year={2023}
}

@article{defossez2023decoding,
  title={Decoding speech perception from non-invasive brain recordings},
  author={D{\'e}fossez, Alexandre and Caucheteux, Charlotte and Rapin, J{\'e}r{\'e}my and Kabeli, Ori and King, Jean-R{\'e}mi},
  journal={Nature Machine Intelligence},
  volume={5},
  number={10},
  pages={1097--1107},
  year={2023},
  publisher={Nature Publishing Group UK London}
}

@inproceedings{wang2022open,
  title={Open vocabulary electroencephalography-to-text decoding and zero-shot sentiment classification},
  author={Wang, Zhenhailong and Ji, Heng},
  booktitle={Proceedings of the AAAI Conference on Artificial Intelligence},
  volume={36},
  pages={5350--5358},
  year={2022}
}

@article{martin2018decoding,
  title={Decoding inner speech using electrocorticography: Progress and challenges toward a speech prosthesis},
  author={Martin, Stephanie and Iturrate, I{\~n}aki and Mill{\'a}n, Jos{\'e} del R and Knight, Robert T and Pasley, Brian N},
  journal={Frontiers in neuroscience},
  volume={12},
  pages={422},
  year={2018},
  publisher={Frontiers Media SA}
}

@inproceedings{murphy2022decoding,
    title = "Decoding Part-of-Speech from Human {EEG} Signals",
    author = "Murphy, Alex  and
      Bohnet, Bernd  and
      McDonald, Ryan  and
      Noppeney, Uta",
    editor = "Muresan, Smaranda  and
      Nakov, Preslav  and
      Villavicencio, Aline",
    booktitle = "Proceedings of the 60th Annual Meeting of the Association for Computational Linguistics (Volume 1: Long Papers)",
    month = may,
    year = "2022",
    address = "Dublin, Ireland",
    publisher = "Association for Computational Linguistics",
    url = "https://aclanthology.org/2022.acl-long.156",
    doi = "10.18653/v1/2022.acl-long.156",
    pages = "2201--2210"
}

@article{bai2023qwen,
  title={Qwen technical report},
  author={Bai, Jinze and Bai, Shuai and Chu, Yunfei and Cui, Zeyu and Dang, Kai and Deng, Xiaodong and Fan, Yang and Ge, Wenbin and Han, Yu and Huang, Fei and others},
  journal={arXiv preprint arXiv:2309.16609},
  year={2023}
}

@article{liu2023llava,
  title={Visual Instruction Tuning},
  author={Liu, Haotian and others},
  journal={arXiv preprint arXiv:2304.08485},
  year={2023}
}

@article{qwen-vl,
  title={Qwen-VL: A Vision-Language Model with Strong Generalization Ability},
  author={Qwen-VL Team},
  journal={arXiv preprint arXiv:2309.06601},
  year={2023}
}

@article{semantic_parsing_survey,
  title={A Survey on Semantic Parsing},
  author={Kamath, Aakanksha and Das, Ritwik and others},
  journal={arXiv preprint arXiv:2012.01327},
  year={2020}
}

@article{small_models_limitations,
  title={On the Limitations of Small Language Models for Knowledge-Intensive Tasks},
  author={Zhang, Sheng and others},
  journal={arXiv preprint arXiv:2301.13888},
  year={2023}
} 


@article{ye2023large,
  title={Large Language Model-Aided Informative Query Rewriting},
  author={Ye, Fanghua and Fang, Meng and Li, Shenghui and Yilmaz, Emine},
  journal={arXiv preprint arXiv:2310.09716},
  year={2023},
  url={https://arxiv.org/abs/2310.09716}
}

@article{mo2023convgqr,
  title={ConvGQR: Generative Query Reformulation for Conversational Search},
  author={Mo, Shaohui and Wang, Xiaohan and others},
  journal={arXiv preprint arXiv:2305.15645},
  year={2023},
  url={https://arxiv.org/abs/2305.15645}
}

@article{llm-r2,
  title={Analyzing the Utility of LLMs for Improved Query Rewriting},
  author={Zhang, Sheng and others},
  journal={arXiv preprint arXiv:2404.12872},
  year={2024},
  url={https://www.arxiv-sanity-lite.com/?pid=2404.12872&rank=pid}
}

@inproceedings{cho-etal-2021-personalized,
  title={Personalized Search-based Query Rewrite System for Conversational AI},
  author={Cho, Eunah and Jiang, Ziyan and Hao, Jie and Chen, Zheng and Gupta, Saurabh and Fan, Xing and Guo, Chenlei},
  booktitle={Proceedings of the 3rd Workshop on Natural Language Processing for Conversational AI},
  year={2021},
  pages={179--188},
  publisher={Association for Computational Linguistics},
  url={https://aclanthology.org/2021.nlp4convai-1.17/},
  doi={10.18653/v1/2021.nlp4convai-1.17}
}

@article{liu2023visual,
  title={Visual Instruction Tuning},
  author={Liu, Haotian and Li, Chunyuan and Wu, Qingyang and Lee, Yong Jae},
  journal={Advances in Neural Information Processing Systems},
  year={2023},
  url={https://openreview.net/forum?id=w0H2xGHlkw}
}

@article{chen2023pali,
  title={PaLI-X: On Scaling up a Multilingual Vision and Language Model},
  author={Chen, Xinyun and others},
  journal={arXiv preprint arXiv:2309.07830},
  year={2023},
  url={https://arxiv.org/abs/2309.07830}
}

@article{patel2020generating,
  title={Generating Natural Questions from Images for Multimodal Assistants},
  author={Patel, Alkesh and Bindal, Akanksha and Kotek, Hadas and Klein, Christopher and Williams, Jason},
  journal={arXiv preprint arXiv:2012.03678},
  year={2020},
  url={https://arxiv.org/abs/2012.03678}
}

@article{ates2023marrs,
  title={MARRS: Multimodal Reference Resolution System},
  author={Ates, Halim Cagri and Bhargava, Shruti and Li, Site and Lu, Jiarui and Maddula, Siddhardha and Moniz, Joel Ruben Antony and Nalamalapu, Anil Kumar and Nguyen, Roman Hoang and Ozyildirim, Melis and Patel, Alkesh and others},
  journal={arXiv preprint arXiv:2311.01650},
  year={2023},
  url={https://arxiv.org/abs/2311.01650}
}

@misc{ma2023queryrewritingretrievalaugmentedlarge,
      title={Query Rewriting for Retrieval-Augmented Large Language Models}, 
      author={Xinbei Ma and Yeyun Gong and Pengcheng He and Hai Zhao and Nan Duan},
      year={2023},
      eprint={2305.14283},
      archivePrefix={arXiv},
      primaryClass={cs.CL},
      url={https://arxiv.org/abs/2305.14283}, 
}

@article{wu2021conqrr,
  title={Conqrr: Conversational query rewriting for retrieval with reinforcement learning},
  author={Wu, Zeqiu and Luan, Yi and Rashkin, Hannah and Reitter, David and Hajishirzi, Hannaneh and Ostendorf, Mari and Tomar, Gaurav Singh},
  journal={arXiv preprint arXiv:2112.08558},
  year={2021}
}

@inproceedings{sharma-etal-2018-conceptual,
    title = "Conceptual Captions: A Cleaned, Hypernymed, Image Alt-text Dataset For Automatic Image Captioning",
    author = "Sharma, Piyush  and
      Ding, Nan  and
      Goodman, Sebastian  and
      Soricut, Radu",
    editor = "Gurevych, Iryna  and
      Miyao, Yusuke",
    booktitle = "Proceedings of the 56th Annual Meeting of the Association for Computational Linguistics (Volume 1: Long Papers)",
    month = jul,
    year = "2018",
    address = "Melbourne, Australia",
    publisher = "Association for Computational Linguistics",
    url = "https://aclanthology.org/P18-1238/",
    doi = "10.18653/v1/P18-1238",
    pages = "2556--2565",
    abstract = "We present a new dataset of image caption annotations, Conceptual Captions, which contains an order of magnitude more images than the MS-COCO dataset (Lin et al., 2014) and represents a wider variety of both images and image caption styles. We achieve this by extracting and filtering image caption annotations from billions of webpages. We also present quantitative evaluations of a number of image captioning models and show that a model architecture based on Inception-ResNetv2 (Szegedy et al., 2016) for image-feature extraction and Transformer (Vaswani et al., 2017) for sequence modeling achieves the best performance when trained on the Conceptual Captions dataset."
}

@inproceedings{NIPS2011_5dd9db5e,
 author = {Ordonez, Vicente and Kulkarni, Girish and Berg, Tamara},
 booktitle = {Advances in Neural Information Processing Systems},
 editor = {J. Shawe-Taylor and R. Zemel and P. Bartlett and F. Pereira and K.Q. Weinberger},
 pages = {},
 publisher = {Curran Associates, Inc.},
 title = {Im2Text: Describing Images Using 1 Million Captioned Photographs},
 url = {https://proceedings.neurips.cc/paper_files/paper/2011/file/5dd9db5e033da9c6fb5ba83c7a7ebea9-Paper.pdf},
 volume = {24},
 year = {2011}
}

@misc{schuhmann2021laion400mopendatasetclipfiltered,
      title={LAION-400M: Open Dataset of CLIP-Filtered 400 Million Image-Text Pairs}, 
      author={Christoph Schuhmann and Richard Vencu and Romain Beaumont and Robert Kaczmarczyk and Clayton Mullis and Aarush Katta and Theo Coombes and Jenia Jitsev and Aran Komatsuzaki},
      year={2021},
      eprint={2111.02114},
      archivePrefix={arXiv},
      primaryClass={cs.CV},
      url={https://arxiv.org/abs/2111.02114}, 
}