@article{ates2023marrs,
  title={MARRS: Multimodal Reference Resolution System},
  author={Ates, Halim Cagri and Bhargava, Shruti and Li, Site and Lu, Jiarui and Maddula, Siddhardha and Moniz, Joel Ruben Antony and Nalamalapu, Anil Kumar and Nguyen, Roman Hoang and Ozyildirim, Melis and Patel, Alkesh and others},
  journal={arXiv preprint arXiv:2311.01650},
  year={2023},
  url={https://arxiv.org/abs/2311.01650}
}

@article{chen2023pali,
  title={PaLI-X: On Scaling up a Multilingual Vision and Language Model},
  author={Chen, Xinyun and others},
  journal={arXiv preprint arXiv:2309.07830},
  year={2023},
  url={https://arxiv.org/abs/2309.07830}
}

@inproceedings{cho-etal-2021-personalized,
  title={Personalized Search-based Query Rewrite System for Conversational AI},
  author={Cho, Eunah and Jiang, Ziyan and Hao, Jie and Chen, Zheng and Gupta, Saurabh and Fan, Xing and Guo, Chenlei},
  booktitle={Proceedings of the 3rd Workshop on Natural Language Processing for Conversational AI},
  year={2021},
  pages={179--188},
  publisher={Association for Computational Linguistics},
  url={https://aclanthology.org/2021.nlp4convai-1.17/},
  doi={10.18653/v1/2021.nlp4convai-1.17}
}

@article{liu2023visual,
  title={Visual Instruction Tuning},
  author={Liu, Haotian and Li, Chunyuan and Wu, Qingyang and Lee, Yong Jae},
  journal={Advances in Neural Information Processing Systems},
  year={2023},
  url={https://openreview.net/forum?id=w0H2xGHlkw}
}

@article{llm-r2,
  title={Analyzing the Utility of LLMs for Improved Query Rewriting},
  author={Zhang, Sheng and others},
  journal={arXiv preprint arXiv:2404.12872},
  year={2024},
  url={https://www.arxiv-sanity-lite.com/?pid=2404.12872&rank=pid}
}

@article{mo2023convgqr,
  title={ConvGQR: Generative Query Reformulation for Conversational Search},
  author={Mo, Shaohui and Wang, Xiaohan and others},
  journal={arXiv preprint arXiv:2305.15645},
  year={2023},
  url={https://arxiv.org/abs/2305.15645}
}

@article{patel2020generating,
  title={Generating Natural Questions from Images for Multimodal Assistants},
  author={Patel, Alkesh and Bindal, Akanksha and Kotek, Hadas and Klein, Christopher and Williams, Jason},
  journal={arXiv preprint arXiv:2012.03678},
  year={2020},
  url={https://arxiv.org/abs/2012.03678}
}

@article{semantic_parsing_survey,
  title={A Survey on Semantic Parsing},
  author={Kamath, Aakanksha and Das, Ritwik and others},
  journal={arXiv preprint arXiv:2012.01327},
  year={2020}
}

@article{ye2023large,
  title={Large Language Model-Aided Informative Query Rewriting},
  author={Ye, Fanghua and Fang, Meng and Li, Shenghui and Yilmaz, Emine},
  journal={arXiv preprint arXiv:2310.09716},
  year={2023},
  url={https://arxiv.org/abs/2310.09716}
}

