@misc{Bochkovskiy2020,
  author = {Bochkovskiy, Alexey and Wang, Chien-Yao and Liao, Hong-Yuan Mark},
  title  = {YOLOv4: Optimal Speed and Accuracy of Object Detection},
  note   = {In arXiv preprint arXiv:2004.10934},
  year   = 2020
}

@inproceedings{Gasparovic2023,
  author    = {Ga{\v{s}}parovi{\'c}, B. and Mau{\v{s}}a, G. and Rukavina, J. and others},
  title     = {Evaluating YOLOv5, YOLOv6, YOLOv7, and YOLOv8 in Underwater Environment: Is There Real Improvement?},
  booktitle = {Proceedings of the International Conference on Smart and Sustainable Technologies},
  pages     = {1--4},
  year      = 2023
}

@inproceedings{Ge2021,
  author    = {Ge, Zheng and Liu, S. and Li, Z. and others},
  title     = {OTA: Optimal Transport Assignment for Object Detection},
  booktitle = {Proceedings of the IEEE/CVF Conference on Computer Vision and Pattern Recognition (CVPR)},
  pages     = {303--312},
  year      = 2021
}

@misc{Geetha2024,
  author = {Geetha, A. S. and Hussain, M.},
  title  = {A Comparative Analysis of YOLOv5, YOLOv8, and YOLOv10 in Kitchen Safety},
  note   = {In arXiv preprint arXiv:2407.20872},
  year   = 2024
}

@inproceedings{Girshick2014,
  author    = {Girshick, Ross and Donahue, Jeff and Darrell, Trevor and Malik, Jitendra},
  title     = {Rich Feature Hierarchies for Accurate Object Detection and Semantic Segmentation},
  booktitle = {Proceedings of the IEEE Conference on Computer Vision and Pattern Recognition (CVPR)},
  pages     = {580--587},
  year      = 2014
}

@misc{Jocher2020a,
  author       = {Jocher, Glenn and others},
  title        = {YOLOv5},
  howpublished = {GitHub repository},
  note         = {Available: https://github.com/ultralytics/yolov5},
  year         = 2020
}

@misc{Jocher2023,
  author       = {Jocher, Glenn and others},
  title        = {YOLOv8},
  howpublished = {GitHub repository},
  note         = {Available: https://github.com/ultralytics/ultralytics},
  year         = 2023
}

@misc{Jocher2024,
  author       = {Jocher, Glenn and others},
  title        = {YOLOv11},
  howpublished = {GitHub repository},
  note         = {Available: https://github.com/ultralytics/ultralytics},
  year         = 2024
}

@misc{Li2022,
  author = {Li, Cheng and others},
  title  = {YOLOv6: A Single-Stage Object Detection Framework for Industrial Applications},
  note   = {In arXiv preprint arXiv:2209.02976},
  year   = 2022
}

@inproceedings{Lin2017,
  author    = {Lin, Tsung-Yi and Dollar, Piotr and Girshick, Ross and others},
  title     = {Feature Pyramid Networks for Object Detection},
  booktitle = {Proceedings of the IEEE Conference on Computer Vision and Pattern Recognition (CVPR)},
  pages     = {2117--2125},
  year      = 2017
}

@inproceedings{Liu2018,
  author    = {Liu, Shilong and Qi, Lei and Qin, Haoshu and others},
  title     = {Path Aggregation Network for Instance Segmentation},
  booktitle = {Proceedings of the IEEE Conference on Computer Vision and Pattern Recognition (CVPR)},
  pages     = {8759--8768},
  year      = 2018
}

@inproceedings{Redmon2016,
  author    = {Redmon, J. and Divvala, S. and Girshick, R. and Farhadi, A.},
  title     = {You Only Look Once: Unified, Real-Time Object Detection},
  booktitle = {Proceedings of the IEEE Conference on Computer Vision and Pattern Recognition (CVPR)},
  year      = {2016}
}

@inproceedings{Redmon2017,
  author    = {Redmon, Joseph and Farhadi, Ali},
  title     = {YOLO9000: Better, Faster, Stronger},
  booktitle = {Proceedings of the IEEE Conference on Computer Vision and Pattern Recognition (CVPR)},
  year      = 2017
}

@misc{Redmon2018,
  author = {Redmon, Joseph and Farhadi, Ali},
  title  = {YOLOv3: An Incremental Improvement},
  note   = {In arXiv preprint arXiv:1804.02767},
  year   = 2018
}

@article{Ren2016,
  author  = {Ren, Shaoqing and He, Kaiming and Girshick, Ross and others},
  title   = {Faster R-CNN: Towards Real-Time Object Detection with Region Proposal Networks},
  journal = {IEEE Transactions on Pattern Analysis and Machine Intelligence},
  volume  = {39},
  pages   = {1137--1149},
  year    = 2016
}

@inproceedings{Wang2020b,
  author    = {Wang, Chien-Yao and Liao, Hong-Yuan Mark and Wu, Y. H. and others},
  title     = {CSPNet: A New Backbone That Can Enhance Learning Capability of CNN},
  booktitle = {Proceedings of the IEEE/CVF Conference on Computer Vision and Pattern Recognition Workshops (CVPRW)},
  pages     = {390--391},
  year      = 2020
}

@inproceedings{Wang2023,
  author    = {Wang, Chien-Yao and Bochkovskiy, Alexey and Liao, Hong-Yuan Mark},
  title     = {YOLOv7: Trainable Bag-of-Freebies Sets New State-of-the-Art for Real-Time Object Detectors},
  booktitle = {Proceedings of the IEEE/CVF Conference on Computer Vision and Pattern Recognition (CVPR)},
  pages     = {7464--7475},
  year      = 2023
}

@misc{Wang2024a,
  author = {Wang, A. and Chen, H. and Liu, L. and others},
  title  = {YOLOv10: Real-Time End-to-End Object Detection},
  note   = {In arXiv preprint arXiv:2405.14458},
  year   = 2024
}

@inproceedings{Wang2025,
  author    = {Wang, Chien-Yao and Yeh, I-Hau and Liao, Hong-Yuan Mark},
  title     = {YOLOv9: Learning What You Want to Learn Using Programmable Gradient Information},
  booktitle = {Proceedings of the European Conference on Computer Vision (ECCV)},
  pages     = {1--21},
  year      = 2025
}

@inproceedings{Zheng2020,
  author    = {Zheng, Zhaohui and Wang, Ping and Liu, Wei and others},
  title     = {Distance-IoU Loss: Faster and Better Learning for Bounding Box Regression},
  booktitle = {Proceedings of the AAAI Conference on Artificial Intelligence},
  volume    = {34},
  pages     = {12993--13000},
  year      = 2020
}

