% --------------------------------------------------------------------------
% Macros for conference/journal abbreviations (long form)
% --------------------------------------------------------------------------
@String(PAMI     = {IEEE Transactions on Pattern Analysis and Machine Intelligence})
@String(CVPR     = {Proceedings of the IEEE Conference on Computer Vision and Pattern Recognition})
@String(ICCV     = {Proceedings of the IEEE/CVF International Conference on Computer Vision})
@String(ECCV     = {Proceedings of the European Conference on Computer Vision})
@String(CVPRW    = {Proceedings of the IEEE/CVF Conference on Computer Vision and Pattern Recognition Workshops})
@String(AAAI     = {Proceedings of the AAAI Conference on Artificial Intelligence})
@String(ICMEW    = {IEEE international conference on multimedia \& expo workshops})

% --------------------------------------------------------------------------
% References
% --------------------------------------------------------------------------
@article{Zou2023,
  author  = {Zou, Z. and Chen, K. and Shi, Z. and Others},
  title   = {Object detection in 20 years: A survey},
  journal = {Proceedings of the IEEE},
  volume  = {111},
  pages   = {257--276},
  year    = {2023}
}

@inproceedings{Redmon2016,
  author    = {Redmon, J. and Divvala, S. and Girshick, R. and Farhadi, A.},
  title     = {You Only Look Once: Unified, Real-Time Object Detection},
  booktitle = {Proceedings of the IEEE Conference on Computer Vision and Pattern Recognition (CVPR)},
  year      = {2016}
}


@inproceedings{Lin2014,
  author    = {Lin, Tsung-Yi and Maire, Michael and Belongie, Serge and others},
  title     = {Microsoft COCO: Common Objects in Context},
  booktitle = {Proceedings of the European Conference on Computer Vision (ECCV)},
  pages     = {740--755},
  year      = 2014
}

@inproceedings{Redmon2017,
  author    = {Redmon, Joseph and Farhadi, Ali},
  title     = {YOLO9000: Better, Faster, Stronger},
  booktitle = {Proceedings of the IEEE Conference on Computer Vision and Pattern Recognition (CVPR)},
  year      = 2017
}

@misc{Redmon2018,
  author = {Redmon, Joseph and Farhadi, Ali},
  title  = {YOLOv3: An Incremental Improvement},
  note   = {In arXiv preprint arXiv:1804.02767},
  year   = 2018
}

@misc{Bochkovskiy2020,
  author = {Bochkovskiy, Alexey and Wang, Chien-Yao and Liao, Hong-Yuan Mark},
  title  = {YOLOv4: Optimal Speed and Accuracy of Object Detection},
  note   = {In arXiv preprint arXiv:2004.10934},
  year   = 2020
}

@misc{Jocher2020a,
  author       = {Jocher, Glenn and others},
  title        = {YOLOv5},
  howpublished = {GitHub repository},
  note         = {Available: https://github.com/ultralytics/yolov5},
  year         = 2020
}

@misc{Li2022,
  author = {Li, Cheng and others},
  title  = {YOLOv6: A Single-Stage Object Detection Framework for Industrial Applications},
  note   = {In arXiv preprint arXiv:2209.02976},
  year   = 2022
}

@inproceedings{Wang2023,
  author    = {Wang, Chien-Yao and Bochkovskiy, Alexey and Liao, Hong-Yuan Mark},
  title     = {YOLOv7: Trainable Bag-of-Freebies Sets New State-of-the-Art for Real-Time Object Detectors},
  booktitle = {Proceedings of the IEEE/CVF Conference on Computer Vision and Pattern Recognition (CVPR)},
  pages     = {7464--7475},
  year      = 2023
}

@misc{Jocher2023,
  author       = {Jocher, Glenn and others},
  title        = {YOLOv8},
  howpublished = {GitHub repository},
  note         = {Available: https://github.com/ultralytics/ultralytics},
  year         = 2023
}

@inproceedings{Wang2025,
  author    = {Wang, Chien-Yao and Yeh, I-Hau and Liao, Hong-Yuan Mark},
  title     = {YOLOv9: Learning What You Want to Learn Using Programmable Gradient Information},
  booktitle = {Proceedings of the European Conference on Computer Vision (ECCV)},
  pages     = {1--21},
  year      = 2025
}

@misc{Wang2024a,
  author = {Wang, A. and Chen, H. and Liu, L. and others},
  title  = {YOLOv10: Real-Time End-to-End Object Detection},
  note   = {In arXiv preprint arXiv:2405.14458},
  year   = 2024
}

@misc{Jocher2024,
  author       = {Jocher, Glenn and others},
  title        = {YOLOv11},
  howpublished = {GitHub repository},
  note         = {Available: https://github.com/ultralytics/ultralytics},
  year         = 2024
}

@inproceedings{Lin2017,
  author    = {Lin, Tsung-Yi and Dollar, Piotr and Girshick, Ross and others},
  title     = {Feature Pyramid Networks for Object Detection},
  booktitle = {Proceedings of the IEEE Conference on Computer Vision and Pattern Recognition (CVPR)},
  pages     = {2117--2125},
  year      = 2017
}

@inproceedings{Wang2020b,
  author    = {Wang, Chien-Yao and Liao, Hong-Yuan Mark and Wu, Y. H. and others},
  title     = {CSPNet: A New Backbone That Can Enhance Learning Capability of CNN},
  booktitle = {Proceedings of the IEEE/CVF Conference on Computer Vision and Pattern Recognition Workshops (CVPRW)},
  pages     = {390--391},
  year      = 2020
}

@inproceedings{Liu2018,
  author    = {Liu, Shilong and Qi, Lei and Qin, Haoshu and others},
  title     = {Path Aggregation Network for Instance Segmentation},
  booktitle = {Proceedings of the IEEE Conference on Computer Vision and Pattern Recognition (CVPR)},
  pages     = {8759--8768},
  year      = 2018
}

@inproceedings{Zheng2020,
  author    = {Zheng, Zhaohui and Wang, Ping and Liu, Wei and others},
  title     = {Distance-IoU Loss: Faster and Better Learning for Bounding Box Regression},
  booktitle = {Proceedings of the AAAI Conference on Artificial Intelligence},
  volume    = {34},
  pages     = {12993--13000},
  year      = 2020
}

@inproceedings{Ge2021,
  author    = {Ge, Zheng and Liu, S. and Li, Z. and others},
  title     = {OTA: Optimal Transport Assignment for Object Detection},
  booktitle = {Proceedings of the IEEE/CVF Conference on Computer Vision and Pattern Recognition (CVPR)},
  pages     = {303--312},
  year      = 2021
}

@inproceedings{Girshick2014,
  author    = {Girshick, Ross and Donahue, Jeff and Darrell, Trevor and Malik, Jitendra},
  title     = {Rich Feature Hierarchies for Accurate Object Detection and Semantic Segmentation},
  booktitle = {Proceedings of the IEEE Conference on Computer Vision and Pattern Recognition (CVPR)},
  pages     = {580--587},
  year      = 2014
}

@article{Ren2016,
  author  = {Ren, Shaoqing and He, Kaiming and Girshick, Ross and others},
  title   = {Faster R-CNN: Towards Real-Time Object Detection with Region Proposal Networks},
  journal = {IEEE Transactions on Pattern Analysis and Machine Intelligence},
  volume  = {39},
  pages   = {1137--1149},
  year    = 2016
}

@inproceedings{Gasparovic2023,
  author    = {Ga{\v{s}}parovi{\'c}, B. and Mau{\v{s}}a, G. and Rukavina, J. and others},
  title     = {Evaluating YOLOv5, YOLOv6, YOLOv7, and YOLOv8 in Underwater Environment: Is There Real Improvement?},
  booktitle = {Proceedings of the International Conference on Smart and Sustainable Technologies},
  pages     = {1--4},
  year      = 2023
}

@misc{Geetha2024,
  author = {Geetha, A. S. and Hussain, M.},
  title  = {A Comparative Analysis of YOLOv5, YOLOv8, and YOLOv10 in Kitchen Safety},
  note   = {In arXiv preprint arXiv:2407.20872},
  year   = 2024
}

@inproceedings{Liu2021Swin,
  author    = {Liu, Ze and Lin, Yutong and Cao, Yue and others},
  title     = {Swin Transformer: Hierarchical Vision Transformer Using Shifted Windows},
  booktitle = {Proceedings of the IEEE/CVF International Conference on Computer Vision (ICCV)},
  pages     = {10012--10022},
  year      = 2021
}

@inproceedings{Yu2020,
  author    = {Yu, Fisher and others},
  title     = {Bdd100k: A diverse driving dataset for heterogeneous multitask learning},
  booktitle = {Proceedings of the IEEE/CVF conference on computer vision and pattern recognition (CVPR)},
  pages     = {2636--2645},
  year      = 2020
}

@inproceedings{Geiger2012,
  author    = {Geiger, Andreas and Lenz, Philip and Urtasun, Raquel},
  title     = {Are we ready for autonomous driving? the KITTI vision benchmark suite},
  booktitle = {2012 IEEE conference on computer vision and pattern recognition (CVPR)},
  pages     = {3354--3361},
  year      = 2012
}

@misc{SelfDrivingCar2023,
  author       = {{Self-Driving Cars Dataset}},
  title        = {Self-Driving Cars Dataset},
  howpublished = {Roboflow Universe},
  note         = {Published by Roboflow. Available at: https://universe.roboflow.com/selfdriving-car-qtywx/self-driving-cars-lfjou. Accessed: 2024-12-13},
  year         = 2023
}

@article{Sudars2020,
  author  = {Sudars, K. and Jasko, J. and Namatevs, I. and Ozola, L. and Badaukis, N.},
  title   = {Dataset of annotated food crops and weed images for robotic computer vision control},
  journal = {Data in brief},
  volume  = {31},
  pages   = {105833},
  year    = 2020
}

@misc{Nudi2022,
  author       = {Nudi, Matt},
  title        = {Honey Bee Detection Model Dataset},
  howpublished = {Roboflow Universe},
  note         = {Available at: https://universe.roboflow.com/matt-nudi/honey-bee-detection-model-zgjnb. Accessed on: Dec. 13, 2024},
  year         = 2022
}

@inproceedings{Kodors2023,
  author    = {Kodors, Sergejs and others},
  title     = {Rapid Prototyping of Pear Detection Neural Network with YOLO Architecture in Photographs},
  booktitle = {ENVIRONMENT. TECHNOLOGIES. RESOURCES. Proceedings of the International Scientific and Practical Conference},
  volume    = {1},
  year      = 2023
}

@inproceedings{Liu2021Underwater,
  author    = {Liu, C. and Li, H. and Wang, S. and others},
  title     = {A dataset and benchmark of underwater object detection for robot picking},
  booktitle = {IEEE international conference on multimedia \& expo workshops},
  pages     = {1--6},
  organization = {IEEE},
  year      = 2021
}

@article{Fu2023,
  author  = {Fu, C. and Liu, R. and Fan, X. and Chen, P. and Fu, H. and Yuan, W. and others and Luo, Z.},
  title   = {Rethinking general underwater object detection: Datasets, challenges, and solutions},
  journal = {Neurocomputing},
  volume  = {517},
  pages   = {243--256},
  year    = 2023
}

@misc{Waste2024,
  author       = {{Waste}},
  title        = {Under Waste Dataset},
  howpublished = {Roboflow Universe},
  note         = {Available at: https://universe.roboflow.com/waste-wxvgs/under-waste. Accessed on: Dec. 13, 2024},
  year         = 2024
}

@misc{Liu2020ChestX,
  author       = {Liu, Jingyu and Lian, Jie and Yu, Yizhou},
  title        = {ChestX-Det10: chest x-ray dataset on detection of thoracic abnormalities},
  note         = {arXiv preprint arXiv:2006.10550},
  year         = 2020
}

@inproceedings{Dibo2023,
  author    = {Dibo, Razan and others},
  title     = {DeepLOC: Deep Learning-based Bone Pathology Localization and Classification in Wrist X-ray Images},
  booktitle = {International Conference on Analysis of Images, Social Networks and Texts},
  publisher = {Cham: Springer Nature Switzerland},
 
}

@misc{YOLO2022,
  author       = {{YOLO}},
  title        = {YOLO Dataset},
  howpublished = {Roboflow Universe},
  note         = {Available at: https://universe.roboflow.com/yolo-hz3ua/yolo-fj4s3. Accessed on: Dec. 13, 2024},
    year=2022
}

@misc{TeamKS2023,
  author       = {{Team KS}},
  title        = {Broken areas of body Dataset},
  howpublished = {Roboflow Universe},
  note         = {Available at: https://universe.roboflow.com/team-ks-ipmkt/broken-areas-of-body. Accessed on: Dec. 13, 2024},

}

@misc{Minecraft2024,
  author       = {{Minecraft Object Detection}},
  title        = {Minecraft Mob Detection Dataset},
  howpublished = {Roboflow Universe},
  note         = {Available at: https://universe.roboflow.com/minecraft-object-detection/minecraft-mob-detection. Accessed on: Dec. 13, 2024},
  year         = 2024
}

@misc{Gunaydin2024,
  author       = {G{\"u}nayd{\i}n, {\"O}mer Faruk},
  title        = {Counter Strike 2 Body and Head Classification},
  howpublished = {Kaggle},
  note         = {Available at: https://www.kaggle.com/datasets/merfarukgnaydn/counter-strike-2-body-and-head-classification. Accessed on: Dec. 13, 2024},
  year         = 2024
}

@misc{Drone2023,
  author       = {{Drone}},
  title        = {Detect Object GTA5 Dataset},
  howpublished = {Roboflow Universe},
  note         = {Available at: https://universe.roboflow.com/drone-hikxp/detect-object-gta5. Accessed on: Dec. 13, 2024},
  year         = 2023
}

@misc{Tang2019,
  author = {Tang, Sanli and others},
  title  = {Online PCB defect detector on a new PCB defect dataset},
  note   = {arXiv preprint arXiv:1902.06197},
  year   = 2019
}

@article{Lv2020,
  author  = {Lv, Xiaoming and others},
  title   = {Deep metallic surface defect detection: The new benchmark and detection network},
  journal = {Sensors},
  volume  = {20},
  pages   = {1562},
  year    = 2020
}

@article{He2020,
  author  = {He, Yu and Song, Kechen and Meng, Qinggang and Yan, Yunhui},
  title   = {An End-to-end Steel Surface Defect Detection Approach via Fusing Multiple Hierarchical Features},
  journal = {IEEE Transactions on Instrumentation and Measuremente},
  volume  = {69},
  pages   = {1493--1504},
  year    = 2020
}

@article{Li2020,
  author  = {Li, Ke and others},
  title   = {Object detection in optical remote sensing images: A survey and a new benchmark},
  journal = {ISPRS journal of photogrammetry and remote sensing},
  volume  = {159},
  pages   = {296--307},
  year    = 2020
}

@inproceedings{Xia2018,
  author    = {Xia, Gui-Song and others},
  title     = {DOTA: A large-scale dataset for object detection in aerial images},
  booktitle = {Proceedings of the IEEE conference on computer vision and pattern recognition (CVPR)},
  pages     = {3974--3983},
  year      = 2018
}

@article{Suo2023,
  author  = {Suo, Jiashun and others},
  title   = {HIT-UAV: A high-altitude infrared thermal dataset for Unmanned Aerial Vehicle-based object detection},
  journal = {Scientific Data},
  volume  = {10},
  pages   = {227},
  year    = 2023
}

@misc{Antoreepjana2023,
  author       = {{Antoreepjana}},
  title        = {Animals Detection Images Dataset},
  howpublished = {Kaggle},
  note         = {Available at: https://www.kaggle.com/datasets/antoreepjana/animals-detection-images-dataset/data. Accessed on: Dec. 13, 2024},
  year         = 2023
}

@misc{Endangered2024,
  author       = {{Endangeredanimals}},
  title        = {Endangered Animal Detection Dataset},
  howpublished = {Roboflow Universe},
  note         = {Available at: https://universe.roboflow.com/endangeredanimals/endangered-animal-detection-fm25l. Accessed on: Dec. 13, 2024},
 
}

@misc{Ggong2024,
  author       = {{Ggong}},
  title        = {Fidge Dataset},
  howpublished = {Roboflow Universe},
  note         = {Available at: https://universe.roboflow.com/ggong/fidge. Accessed on: Dec. 13, 2024},
  year         = 2024
}

@inproceedings{Fuchs2019,
  author    = {Fuchs, Klaus and Grundmann, Tobias and Fleisch, Elgar},
  title     = {Towards Identification of Packaged Products via Computer Vision},
  booktitle = {Proceedings of the IoT 2019},
  year      = 2019
}

@inproceedings{Goldman2019,
  author    = {Goldman, Eran and Herzig, Roei and Eisenschtat, Aviv and Goldberger, Jacob and Hassner, Tal},
  title     = {Precise Detection in Densely Packed Scenes},
  booktitle = {IEEE/CVF conference on Computer Vision and Pattern Recognition (CVPR)},
  pages     = {5227--5236},
  year      = 2019
}

@article{Yao2021,
  author  = {Yao, Jiangfan and others},
  title   = {High‐efficiency classification of white blood cells based on object detection},
  journal = {Journal of Healthcare Engineering},
  volume  = {2021},
  pages   = {1615192},
  year    = 2021
}

@misc{Roboflow1002023,
  author       = {{Roboflow 100}},
  title        = {Liver Disease Dataset},
  howpublished = {Roboflow Universe},
  note         = {Available at: https://universe.roboflow.com/roboflow-100/liver-disease. Accessed on: Dec. 13, 2024},
  year         = 2023
}

@misc{MIaMIA2021,
  author       = {{MIaMIA Group}},
  title        = {MIaMIA-SVDS},
  howpublished = {figshare},
  note         = {Available at: https://doi.org/10.6084/m9.figshare.15074253.v1. Accessed on: Dec. 13, 2024},
  year         = 2021
}

@inproceedings{Miao2019,
  author    = {Miao, Caijing and others},
  title     = {Sixray: A large-scale security inspection x-ray benchmark for prohibited item discovery in overlapping images},
  booktitle = {Proceedings of the IEEE/CVF conference on computer vision and pattern recognition (CVPR)},
  pages     = {2119--2128},
  year      = 2019
}

@inproceedings{Tao2021,
  author    = {Tao, Renshuai and others},
  title     = {Towards real-world X-ray security inspection: A high-quality benchmark and lateral inhibition module for prohibited items detection},
  booktitle = {Proceedings of the IEEE/CVF international conference on computer vision (ICCV)},
  pages     = {10923--10932},
  year      = 2021
}

@article{Lim2021,
  author  = {Lim, JunYi and others},
  title   = {Deep multi-level feature pyramids: Application for non-canonical firearm detection in video surveillance},
  journal = {Engineering applications of artificial intelligence},
  volume  = {97},
  pages   = {104094},
  year    = 2021
}

@article{Nagy2022,
  author  = {Nagy, E. and Janisch, M. and Hr{\v{z}}i{\'c}, F. and Sorantin, E. and Tschauner, S.},
  title   = {A pediatric wrist trauma X-ray dataset (GRAZPEDWRI-DX) for machine learning},
  journal = {Scientific Data},
  volume  = {9},
  pages   = {222},
  year    = 2022
}