@article{chen2024exploring,
  title={Exploring the potential of large language models (llms) in learning on graphs},
  author={Chen, Zhikai and Mao, Haitao and Li, Hang and Jin, Wei and Wen, Hongzhi and Wei, Xiaochi and Wang, Shuaiqiang and Yin, Dawei and Fan, Wenqi and Liu, Hui and others},
  journal={ACM SIGKDD Explorations Newsletter},
  volume={25},
  number={2},
  pages={42--61},
  year={2024},
  publisher={ACM New York, NY, USA}
}

@article{ciotti2016homophily,
  title={Homophily and missing links in citation networks},
  author={Ciotti, Valerio and Bonaventura, Moreno and Nicosia, Vincenzo and Panzarasa, Pietro and Latora, Vito},
  journal={EPJ Data Science},
  volume={5},
  pages={1--14},
  year={2016},
  publisher={Springer}
}

@article{duan2023frustratingly,
  title={A frustratingly simple approach improves textual graph learning},
  author={Duan, K and Liu, Q and Chua, TS and Yan, S and Ooi, WT and Xie, Q and He, J Simteg},
  journal={arXiv preprint arXiv:2308.02565},
  year={2023}
}

@inproceedings{fatemitalk,
  title={Talk like a Graph: Encoding Graphs for Large Language Models},
  author={Fatemi, Bahare and Halcrow, Jonathan and Perozzi, Bryan},
  booktitle={The Twelfth International Conference on Learning Representations},
    year ={2024}
}

@article{he2023harnessing,
  title={Harnessing explanations: Llm-to-lm interpreter for enhanced text-attributed graph representation learning},
  author={He, Xiaoxin and Bresson, Xavier and Laurent, Thomas and Perold, Adam and LeCun, Yann and Hooi, Bryan},
  journal={arXiv preprint arXiv:2305.19523},
  year={2023}
}

@inproceedings{khoshraftar2022temporal,
  title={Temporal graph representation learning via maximal cliques},
  author={Khoshraftar, Shima and An, Aijun and Babanejad, Nastaran},
  booktitle={2022 IEEE International Conference on Big Data (Big Data)},
  pages={606--615},
  year={2022},
  organization={IEEE}
}

@article{khoshraftar2024survey,
  title={A survey on graph representation learning methods},
  author={Khoshraftar, Shima and An, Aijun},
  journal={ACM Transactions on Intelligent Systems and Technology},
  volume={15},
  number={1},
  pages={1--55},
  year={2024},
  publisher={ACM New York, NY}
}

@inproceedings{lester2021power,
  title={The Power of Scale for Parameter-Efficient Prompt Tuning},
  author={Lester, Brian and Al-Rfou, Rami and Constant, Noah},
  booktitle={Proceedings of the 2021 Conference on Empirical Methods in Natural Language Processing},
  pages={3045--3059},
  year={2021}
}

@article{perozzi2024let,
  title={Let your graph do the talking: Encoding structured data for llms},
  author={Perozzi, Bryan and Fatemi, Bahare and Zelle, Dustin and Tsitsulin, Anton and Kazemi, Mehran and Al-Rfou, Rami and Halcrow, Jonathan},
  journal={arXiv preprint arXiv:2402.05862},
  year={2024}
}

@article{wang2024can,
  title={Can language models solve graph problems in natural language?},
  author={Wang, Heng and Feng, Shangbin and He, Tianxing and Tan, Zhaoxuan and Han, Xiaochuang and Tsvetkov, Yulia},
  journal={Advances in Neural Information Processing Systems},
  volume={36},
  year={2024}
}

@article{xue2023efficient,
  title={Efficient large language models fine-tuning on graphs},
  author={Xue, Rui and Shen, Xipeng and Yu, Ruozhou and Liu, Xiaorui},
  journal={arXiv preprint arXiv:2312.04737},
  year={2023}
}

@inproceedings{ye2024language,
  title={Language is all a graph needs},
  author={Ye, Ruosong and Zhang, Caiqi and Wang, Runhui and Xu, Shuyuan and Zhang, Yongfeng},
  booktitle={Findings of the Association for Computational Linguistics: EACL 2024},
  pages={1955--1973},
  year={2024}
}

@article{yu2023empower,
  title={Empower text-attributed graphs learning with large language models (llms)},
  author={Yu, Jianxiang and Ren, Yuxiang and Gong, Chenghua and Tan, Jiaqi and Li, Xiang and Zhang, Xuecang},
  journal={arXiv preprint arXiv:2310.09872},
  year={2023}
}

@article{zhang2020deep,
  title={Deep learning on graphs: A survey},
  author={Zhang, Ziwei and Cui, Peng and Zhu, Wenwu},
  journal={IEEE Transactions on Knowledge and Data Engineering},
  volume={34},
  number={1},
  pages={249--270},
  year={2020},
  publisher={IEEE}
}

@inproceedings{zhao2024pre,
  title={Pre-Training and Prompting for Few-Shot Node Classification on Text-Attributed Graphs},
  author={Zhao, Huanjing and Yang, Beining and Cen, Yukuo and Ren, Junyu and Zhang, Chenhui and Dong, Yuxiao and Kharlamov, Evgeny and Zhao, Shu and Tang, Jie},
  booktitle={Proceedings of the 30th ACM SIGKDD Conference on Knowledge Discovery and Data Mining},
  pages={4467--4478},
  year={2024}
}

@article{zhu2024efficient,
  title={Efficient tuning and inference for large language models on textual graphs},
  author={Zhu, Yun and Wang, Yaoke and Shi, Haizhou and Tang, Siliang},
  journal={arXiv preprint arXiv:2401.15569},
  year={2024}
}

