@inproceedings{reimers-2019-sentence-bert,
  title = "Sentence-BERT: Sentence Embeddings using Siamese BERT-Networks",
  author = "Reimers, Nils and Gurevych, Iryna",
  booktitle = "Proceedings of the 2019 Conference on Empirical Methods in Natural Language Processing",
  month = "11",
  year = "2019",
  publisher = "Association for Computational Linguistics",
  url = "https://arxiv.org/abs/1908.10084",
}

@article{Schopf2022PatternRankLP,
  title={PatternRank: Leveraging Pretrained Language Models and Part of Speech for Unsupervised Keyphrase Extraction},
  author={Tim Schopf and Simon Klimek and Florian Matthes},
  journal={ArXiv},
  year={2022},
  volume={abs/2210.05245},
  url={https://api.semanticscholar.org/CorpusID:252815417}
}

@article{Papagiannopoulou2019ARO,
  title={A review of keyphrase extraction},
  author={Eirini Papagiannopoulou and Grigorios Tsoumakas},
  journal={Wiley Interdisciplinary Reviews: Data Mining and Knowledge Discovery},
  year={2019},
  volume={10},
  url={https://api.semanticscholar.org/CorpusID:152282295}
}

@inproceedings{Kipf:2017tc,
author = {Kipf, Thomas N. and Welling, Max},
title = {{Semi-Supervised Classification with Graph Convolutional Networks}},
booktitle = {ICLR},
year = {2017}
}

@article{chen2024exploring,
  title={Exploring the potential of large language models (llms) in learning on graphs},
  author={Chen, Zhikai and Mao, Haitao and Li, Hang and Jin, Wei and Wen, Hongzhi and Wei, Xiaochi and Wang, Shuaiqiang and Yin, Dawei and Fan, Wenqi and Liu, Hui and others},
  journal={ACM SIGKDD Explorations Newsletter},
  volume={25},
  number={2},
  pages={42--61},
  year={2024},
  publisher={ACM New York, NY, USA}
}

@article{he2023harnessing,
  title={Harnessing explanations: Llm-to-lm interpreter for enhanced text-attributed graph representation learning},
  author={He, Xiaoxin and Bresson, Xavier and Laurent, Thomas and Perold, Adam and LeCun, Yann and Hooi, Bryan},
  journal={arXiv preprint arXiv:2305.19523},
  year={2023}
}

@article{d2024context,
  title={In-context learning for extreme multi-label classification},
  author={D'Oosterlinck, Karel and Khattab, Omar and Remy, Fran{\c{c}}ois and Demeester, Thomas and Develder, Chris and Potts, Christopher},
  journal={arXiv preprint arXiv:2401.12178},
  year={2024}
}

@article{khattab2023dspy,
  title={DSPy: Compiling declarative language model calls into self-improving pipelines},
  author={Khattab, Omar and Singhvi, Arnav and Maheshwari, Paridhi and Zhang, Zhiyuan and Santhanam, Keshav and Vardhamanan, Sri and Haq, Saiful and Sharma, Ashutosh and Joshi, Thomas T and Moazam, Hanna and others},
  journal={arXiv preprint arXiv:2310.03714},
  year={2023}
}

@misc{grootendorst2020keybert,
  author       = {Maarten Grootendorst},
  title        = {KeyBERT: Minimal keyword extraction with BERT.},
  year         = 2020,
  publisher    = {Zenodo},
  version      = {v0.3.0},
  doi          = {10.5281/zenodo.4461265},
  url          = {https://doi.org/10.5281/zenodo.4461265}
}

@article{DBLP:journals/corr/abs-1801-04470,
  author       = {Kamil Bennani{-}Smires and
                  Claudiu Musat and
                  Martin Jaggi and
                  Andreea Hossmann and
                  Michael Baeriswyl},
  title        = {EmbedRank: Unsupervised Keyphrase Extraction using Sentence Embeddings},
  journal      = {CoRR},
  volume       = {abs/1801.04470},
  year         = {2018},
  url          = {http://arxiv.org/abs/1801.04470},
  eprinttype    = {arXiv},
  eprint       = {1801.04470},
  timestamp    = {Mon, 13 Aug 2018 16:47:22 +0200},
  biburl       = {https://dblp.org/rec/journals/corr/abs-1801-04470.bib},
  bibsource    = {dblp computer science bibliography, https://dblp.org}
}

@article{perozzi2024let,
  title={Let your graph do the talking: Encoding structured data for llms},
  author={Perozzi, Bryan and Fatemi, Bahare and Zelle, Dustin and Tsitsulin, Anton and Kazemi, Mehran and Al-Rfou, Rami and Halcrow, Jonathan},
  journal={arXiv preprint arXiv:2402.05862},
  year={2024}
}


@misc{abdin2024phi3technicalreporthighly,
      title={Phi-3 Technical Report: A Highly Capable Language Model Locally on Your Phone}, 
      author={Marah Abdin et al},
      year={2024},
      eprint={2404.14219},
      archivePrefix={arXiv},
      primaryClass={cs.CL},
      url={https://arxiv.org/abs/2404.14219}, 
}

@misc{llama.cpp,
  author = {Georgi Gerganov},
  title = {llama.cpp: LLM inference in C/C++},
  year = {2023},
  howpublished = {\url{https://github.com/ggerganov/llama.cpp}},
}

@misc{phi3-quantized,
  author = {Phi-3 quantized model},
  howpublished = {\url{https://huggingface.co/bartowski/Phi-3.5-mini-instruct-GGUF},
}
}

@inproceedings{fatemitalk,
  title={Talk like a Graph: Encoding Graphs for Large Language Models},
  author={Fatemi, Bahare and Halcrow, Jonathan and Perozzi, Bryan},
  booktitle={The Twelfth International Conference on Learning Representations},
    year ={2024}
}

@inproceedings{ye2024language,
  title={Language is all a graph needs},
  author={Ye, Ruosong and Zhang, Caiqi and Wang, Runhui and Xu, Shuyuan and Zhang, Yongfeng},
  booktitle={Findings of the Association for Computational Linguistics: EACL 2024},
  pages={1955--1973},
  year={2024}
}

@inproceedings{zhao2024pre,
  title={Pre-Training and Prompting for Few-Shot Node Classification on Text-Attributed Graphs},
  author={Zhao, Huanjing and Yang, Beining and Cen, Yukuo and Ren, Junyu and Zhang, Chenhui and Dong, Yuxiao and Kharlamov, Evgeny and Zhao, Shu and Tang, Jie},
  booktitle={Proceedings of the 30th ACM SIGKDD Conference on Knowledge Discovery and Data Mining},
  pages={4467--4478},
  year={2024}
}

@inproceedings{lester2021power,
  title={The Power of Scale for Parameter-Efficient Prompt Tuning},
  author={Lester, Brian and Al-Rfou, Rami and Constant, Noah},
  booktitle={Proceedings of the 2021 Conference on Empirical Methods in Natural Language Processing},
  pages={3045--3059},
  year={2021}
}

@article{zhao2023survey,
  title={A survey of large language models},
  author={Zhao, Wayne Xin and Zhou, Kun and Li, Junyi and Tang, Tianyi and Wang, Xiaolei and Hou, Yupeng and Min, Yingqian and Zhang, Beichen and Zhang, Junjie and Dong, Zican and others},
  journal={arXiv preprint arXiv:2303.18223},
  year={2023}
}
@article{wei2022chain,
  title={Chain-of-thought prompting elicits reasoning in large language models},
  author={Wei, Jason and Wang, Xuezhi and Schuurmans, Dale and Bosma, Maarten and Xia, Fei and Chi, Ed and Le, Quoc V and Zhou, Denny and others},
  journal={Advances in neural information processing systems},
  volume={35},
  pages={24824--24837},
  year={2022}
}

@inproceedings{khoshraftar2022temporal,
  title={Temporal graph representation learning via maximal cliques},
  author={Khoshraftar, Shima and An, Aijun and Babanejad, Nastaran},
  booktitle={2022 IEEE International Conference on Big Data (Big Data)},
  pages={606--615},
  year={2022},
  organization={IEEE}
}

@article{ciotti2016homophily,
  title={Homophily and missing links in citation networks},
  author={Ciotti, Valerio and Bonaventura, Moreno and Nicosia, Vincenzo and Panzarasa, Pietro and Latora, Vito},
  journal={EPJ Data Science},
  volume={5},
  pages={1--14},
  year={2016},
  publisher={Springer}
}

@article{kipf2016semi,
  title={Semi-supervised classification with graph convolutional networks},
  author={Kipf, Thomas N and Welling, Max},
  journal={International Conference on Learning Representations},
  year={2017}
}

@article{zhang2020deep,
  title={Deep learning on graphs: A survey},
  author={Zhang, Ziwei and Cui, Peng and Zhu, Wenwu},
  journal={IEEE Transactions on Knowledge and Data Engineering},
  volume={34},
  number={1},
  pages={249--270},
  year={2020},
  publisher={IEEE}
}

@article{khoshraftar2024survey,
  title={A survey on graph representation learning methods},
  author={Khoshraftar, Shima and An, Aijun},
  journal={ACM Transactions on Intelligent Systems and Technology},
  volume={15},
  number={1},
  pages={1--55},
  year={2024},
  publisher={ACM New York, NY}
}

@article{katz1985philosophy,
  title={The philosophy of linguistics},
  author={Katz, Jerrold J},
  year={1985}
}

@article{mikolov2013efficient,
  title={Efficient estimation of word representations in vector space},
  author={Mikolov, Tomas},
  journal={arXiv preprint arXiv:1301.3781},
  year={2013}
}

@article{zhu2024efficient,
  title={Efficient tuning and inference for large language models on textual graphs},
  author={Zhu, Yun and Wang, Yaoke and Shi, Haizhou and Tang, Siliang},
  journal={arXiv preprint arXiv:2401.15569},
  year={2024}
}

@article{yu2023empower,
  title={Empower text-attributed graphs learning with large language models (llms)},
  author={Yu, Jianxiang and Ren, Yuxiang and Gong, Chenghua and Tan, Jiaqi and Li, Xiang and Zhang, Xuecang},
  journal={arXiv preprint arXiv:2310.09872},
  year={2023}
}

@article{duan2023frustratingly,
  title={A frustratingly simple approach improves textual graph learning},
  author={Duan, K and Liu, Q and Chua, TS and Yan, S and Ooi, WT and Xie, Q and He, J Simteg},
  journal={arXiv preprint arXiv:2308.02565},
  year={2023}
}

@article{xue2023efficient,
  title={Efficient large language models fine-tuning on graphs},
  author={Xue, Rui and Shen, Xipeng and Yu, Ruozhou and Liu, Xiaorui},
  journal={arXiv preprint arXiv:2312.04737},
  year={2023}
}

@article{hu2020open,
  title={Open graph benchmark: Datasets for machine learning on graphs},
  author={Hu, Weihua and Fey, Matthias and Zitnik, Marinka and Dong, Yuxiao and Ren, Hongyu and Liu, Bowen and Catasta, Michele and Leskovec, Jure},
  journal={Advances in neural information processing systems},
  volume={33},
  pages={22118--22133},
  year={2020}
}

@inproceedings{velivckovic2018graph,
  title={Graph Attention Networks},
  author={Veli{\v{c}}kovi{\'c}, Petar and Cucurull, Guillem and Casanova, Arantxa and Romero, Adriana and Li{\`o}, Pietro and Bengio, Yoshua},
  booktitle={International Conference on Learning Representations},
  year={2018}
}

@article{liu2024lost,
  title={Lost in the middle: How language models use long contexts},
  author={Liu, Nelson F and Lin, Kevin and Hewitt, John and Paranjape, Ashwin and Bevilacqua, Michele and Petroni, Fabio and Liang, Percy},
  journal={Transactions of the Association for Computational Linguistics},
  volume={12},
  pages={157--173},
  year={2024},
  publisher={MIT Press One Broadway, 12th Floor, Cambridge, Massachusetts 02142, USA~…}
}

@article{opro,
  title={Large language models as optimizers.},
author={
Yang, Chengrun and Wang, Xuezhi and Lu, Yifeng and Liu, Hanxiao and Le, Quoc V and Zhou, Denny and Chen, Xinyun}, 
journal={arXiv preprint arXiv:2309.03409}, 
year={2023}
}

@article{opsahl2024optimizing,
  title={Optimizing Instructions and Demonstrations for Multi-Stage Language Model Programs},
  author={Opsahl-Ong, Krista and Ryan, Michael J and Purtell, Josh and Broman, David and Potts, Christopher and Zaharia, Matei and Khattab, Omar},
  journal={arXiv preprint arXiv:2406.11695},
  year={2024}
}

@article{wang2024can,
  title={Can language models solve graph problems in natural language?},
  author={Wang, Heng and Feng, Shangbin and He, Tianxing and Tan, Zhaoxuan and Han, Xiaochuang and Tsvetkov, Yulia},
  journal={Advances in Neural Information Processing Systems},
  volume={36},
  year={2024}
}