@inproceedings{langley00,
 author    = {P. Langley},
 title     = {Crafting Papers on Machine Learning},
 year      = {2000},
 pages     = {1207--1216},
 editor    = {Pat Langley},
 booktitle     = {Proceedings of the 17th International Conference
              on Machine Learning (ICML 2000)},
 address   = {Stanford, CA},
 publisher = {Morgan Kaufmann}
}

@TechReport{mitchell80,
  author = 	 "T. M. Mitchell",
  title = 	 "The Need for Biases in Learning Generalizations",
  institution =  "Computer Science Department, Rutgers University",
  year = 	 "1980",
  address =	 "New Brunswick, MA",
}

@phdthesis{kearns89,
  author = {M. J. Kearns},
  title =  {Computational Complexity of Machine Learning},
  school = {Department of Computer Science, Harvard University},
  year =   {1989}
}

@Book{MachineLearningI,
  editor = 	 "R. S. Michalski and J. G. Carbonell and T.
		  M. Mitchell",
  title = 	 "Machine Learning: An Artificial Intelligence
		  Approach, Vol. I",
  publisher = 	 "Tioga",
  year = 	 "1983",
  address =	 "Palo Alto, CA"
}

@Book{DudaHart2nd,
  author =       "R. O. Duda and P. E. Hart and D. G. Stork",
  title =        "Pattern Classification",
  publisher =    "John Wiley and Sons",
  edition =      "2nd",
  year =         "2000"
}

@misc{anonymous,
  title= {Suppressed for Anonymity},
  author= {Author, N. N.},
  year= {2021}
}

@InCollection{Newell81,
  author =       "A. Newell and P. S. Rosenbloom",
  title =        "Mechanisms of Skill Acquisition and the Law of
                  Practice", 
  booktitle =    "Cognitive Skills and Their Acquisition",
  pages =        "1--51",
  publisher =    "Lawrence Erlbaum Associates, Inc.",
  year =         "1981",
  editor =       "J. R. Anderson",
  chapter =      "1",
  address =      "Hillsdale, NJ"
}


@Article{Samuel59,
  author = 	 "A. L. Samuel",
  title = 	 "Some Studies in Machine Learning Using the Game of
		  Checkers",
  journal =	 "IBM Journal of Research and Development",
  year =	 "1959",
  volume =	 "3",
  number =	 "3",
  pages =	 "211--229"
}

@inproceedings{gragnaniello2021gan,
  title={Are GAN generated images easy to detect? A critical analysis of the state-of-the-art},
  author={Gragnaniello, Diego and Cozzolino, Davide and Marra, Francesco and Poggi, Giovanni and Verdoliva, Luisa},
  booktitle={2021 IEEE international conference on multimedia and expo (ICME)},
  pages={1--6},
  year={2021},
  organization={IEEE}
}

@inproceedings{SohlDickstein2015DeepUL,
  title = 	 {Deep Unsupervised Learning using Nonequilibrium Thermodynamics},
  author = 	 {Sohl-Dickstein, Jascha and Weiss, Eric and Maheswaranathan, Niru and Ganguli, Surya},
  booktitle = 	 {Proceedings of the 32nd International Conference on Machine Learning},
  year = {2015},
}


@inproceedings{esser2024scaling,
  title={Scaling rectified flow transformers for high-resolution image synthesis},
  author={Esser, Patrick and Kulal, Sumith and Blattmann, Andreas and Entezari, Rahim and M{\"u}ller, Jonas and Saini, Harry and Levi, Yam and Lorenz, Dominik and Sauer, Axel and Boesel, Frederic and others},
  booktitle={Forty-first International Conference on Machine Learning},
  year={2024}
}
@article{zhu2024genimage,
  title={Genimage: A million-scale benchmark for detecting ai-generated image},
  author={Zhu, Mingjian and Chen, Hanting and Yan, Qiangyu and Huang, Xudong and Lin, Guanyu and Li, Wei and Tu, Zhijun and Hu, Hailin and Hu, Jie and Wang, Yunhe},
  journal={Advances in Neural Information Processing Systems},
  volume={36},
  year={2024}
}

@article{liu2022flow,
  title={Flow straight and fast: Learning to generate and transfer data with rectified flow},
  author={Liu, Xingchao and Gong, Chengyue and Liu, Qiang},
  journal={arXiv preprint arXiv:2209.03003},
  year={2022}
}

@article{lipman2022flow,
  title={Flow matching for generative modeling},
  author={Lipman, Yaron and Chen, Ricky TQ and Ben-Hamu, Heli and Nickel, Maximilian and Le, Matt},
  journal={arXiv preprint arXiv:2210.02747},
  year={2022}
}
@article{kirichenko2022last,
  title={Last layer re-training is sufficient for robustness to spurious correlations},
  author={Kirichenko, Polina and Izmailov, Pavel and Wilson, Andrew Gordon},
  journal={arXiv preprint arXiv:2204.02937},
  year={2022}
}
@article{grommelt2024fake,
  title={Fake or JPEG? Revealing Common Biases in Generated Image Detection Datasets},
  author={Grommelt, Patrick and Weiss, Louis and Pfreundt, Franz-Josef and Keuper, Janis},
  journal={arXiv preprint arXiv:2403.17608},
  year={2024}
}
@inproceedings{gu2022vector,
  title={Vector quantized diffusion model for text-to-image synthesis},
  author={Gu, Shuyang and Chen, Dong and Bao, Jianmin and Wen, Fang and Zhang, Bo and Chen, Dongdong and Yuan, Lu and Guo, Baining},
  booktitle={Proceedings of the IEEE/CVF conference on computer vision and pattern recognition},
  pages={10696--10706},
  year={2022}
}
@inproceedings{li2019diverse,
  title={Diverse image synthesis from semantic layouts via conditional imle},
  author={Li, Ke and Zhang, Tianhao and Malik, Jitendra},
  booktitle={Proceedings of the IEEE/CVF International Conference on Computer Vision},
  pages={4220--4229},
  year={2019}
}
@inproceedings{chen2017photographic,
  title={Photographic image synthesis with cascaded refinement networks},
  author={Chen, Qifeng and Koltun, Vladlen},
  booktitle={Proceedings of the IEEE international conference on computer vision},
  pages={1511--1520},
  year={2017}
}
@inproceedings{dai2019second,
  title={Second-order attention network for single image super-resolution},
  author={Dai, Tao and Cai, Jianrui and Zhang, Yongbing and Xia, Shu-Tao and Zhang, Lei},
  booktitle={Proceedings of the IEEE/CVF conference on computer vision and pattern recognition},
  pages={11065--11074},
  year={2019}
}
@inproceedings{rossler2019faceforensics++,
  title={Faceforensics++: Learning to detect manipulated facial images},
  author={Rossler, Andreas and Cozzolino, Davide and Verdoliva, Luisa and Riess, Christian and Thies, Justus and Nie{\ss}ner, Matthias},
  booktitle={Proceedings of the IEEE/CVF international conference on computer vision},
  pages={1--11},
  year={2019}
}
@article{dosovitskiy2020image,
  title={An image is worth 16x16 words: Transformers for image recognition at scale},
  author={Dosovitskiy, Alexey},
  journal={arXiv preprint arXiv:2010.11929},
  year={2020}
}
@article{rajan2024effectiveness,
  title={On the Effectiveness of Dataset Alignment for Fake Image Detection},
  author={Rajan, Anirudh Sundara and Ojha, Utkarsh and Schloesser, Jedidiah and Lee, Yong Jae},
  journal={arXiv preprint arXiv:2410.11835},
  year={2024}
}
@article{podell2023sdxl,
  title={Sdxl: Improving latent diffusion models for high-resolution image synthesis},
  author={Podell, Dustin and English, Zion and Lacey, Kyle and Blattmann, Andreas and Dockhorn, Tim and M{\"u}ller, Jonas and Penna, Joe and Rombach, Robin},
  journal={arXiv preprint arXiv:2307.01952},
  year={2023}
}

@article{chen2023pixart,
  title={Pixart-$\alpha$: Fast training of diffusion transformer for photorealistic text-to-image synthesis},
  author={Chen, Junsong and Yu, Jincheng and Ge, Chongjian and Yao, Lewei and Xie, Enze and Wu, Yue and Wang, Zhongdao and Kwok, James and Luo, Ping and Lu, Huchuan and others},
  journal={arXiv preprint arXiv:2310.00426},
  year={2023}
}
@article{pernias2023wuerstchen,
  title={Wuerstchen: Efficient pretraining of text-to-image models},
  author={Pernias, Pablo and Rampas, Dominic and Aubreville, Marc},
  year={2023},
  publisher={arXiv}
}
@article{vahdat2021score,
  title={Score-based generative modeling in latent space},
  author={Vahdat, Arash and Kreis, Karsten and Kautz, Jan},
  journal={Advances in neural information processing systems},
  volume={34},
  pages={11287--11302},
  year={2021}
}
@article{xie2024sana,
  title={Sana: Efficient high-resolution image synthesis with linear diffusion transformers},
  author={Xie, Enze and Chen, Junsong and Chen, Junyu and Cai, Han and Tang, Haotian and Lin, Yujun and Zhang, Zhekai and Li, Muyang and Zhu, Ligeng and Lu, Yao and others},
  journal={arXiv preprint arXiv:2410.10629},
  year={2024}
}
@article{patil2024amused,
  title={amused: An open muse reproduction},
  author={Patil, Suraj and Berman, William and Rombach, Robin and von Platen, Patrick},
  journal={arXiv preprint arXiv:2401.01808},
  year={2024}
}
@inproceedings{brooks2023instructpix2pix,
  title={Instructpix2pix: Learning to follow image editing instructions},
  author={Brooks, Tim and Holynski, Aleksander and Efros, Alexei A},
  booktitle={Proceedings of the IEEE/CVF Conference on Computer Vision and Pattern Recognition},
  pages={18392--18402},
  year={2023}
}
@misc{ma2023exposingfakeeffectivediffusiongenerated,
      title={Exposing the Fake: Effective Diffusion-Generated Images Detection}, 
      author={Ruipeng Ma and Jinhao Duan and Fei Kong and Xiaoshuang Shi and Kaidi Xu},
      year={2023},
      eprint={2307.06272},
      archivePrefix={arXiv},
      primaryClass={cs.CV},
      url={https://arxiv.org/abs/2307.06272}, 
}
@inproceedings{wang2023dire,
  title={Dire for diffusion-generated image detection},
  author={Wang, Zhendong and Bao, Jianmin and Zhou, Wengang and Wang, Weilun and Hu, Hezhen and Chen, Hong and Li, Houqiang},
  booktitle={Proceedings of the IEEE/CVF International Conference on Computer Vision},
  pages={22445--22455},
  year={2023}
}
@misc{simonyan2015deepconvolutionalnetworkslargescale,
      title={Very Deep Convolutional Networks for Large-Scale Image Recognition}, 
      author={Karen Simonyan and Andrew Zisserman},
      year={2015},
      eprint={1409.1556},
      archivePrefix={arXiv},
      primaryClass={cs.CV},
      url={https://arxiv.org/abs/1409.1556}, 
}
@misc{bau2019seeinggangenerate,
      title={Seeing What a GAN Cannot Generate}, 
      author={David Bau and Jun-Yan Zhu and Jonas Wulff and William Peebles and Hendrik Strobelt and Bolei Zhou and Antonio Torralba},
      year={2019},
      eprint={1910.11626},
      archivePrefix={arXiv},
      primaryClass={cs.CV},
      url={https://arxiv.org/abs/1910.11626}, 
}
@misc{zheng2022movqmodulatingquantizedvectors,
      title={MoVQ: Modulating Quantized Vectors for High-Fidelity Image Generation}, 
      author={Chuanxia Zheng and Long Tung Vuong and Jianfei Cai and Dinh Phung},
      year={2022},
      eprint={2209.09002},
      archivePrefix={arXiv},
      primaryClass={cs.CV},
      url={https://arxiv.org/abs/2209.09002}, 
}
@misc{song2023consistencymodels,
      title={Consistency Models}, 
      author={Yang Song and Prafulla Dhariwal and Mark Chen and Ilya Sutskever},
      year={2023},
      eprint={2303.01469},
      archivePrefix={arXiv},
      primaryClass={cs.LG},
      url={https://arxiv.org/abs/2303.01469}, 
}
@article{luo2023latent,
  title={Latent consistency models: Synthesizing high-resolution images with few-step inference},
  author={Luo, Simian and Tan, Yiqin and Huang, Longbo and Li, Jian and Zhao, Hang},
  journal={arXiv preprint arXiv:2310.04378},
  year={2023}
}

@article{fu2023dreamsim,
  title={Dreamsim: Learning new dimensions of human visual similarity using synthetic data},
  author={Fu, Stephanie and Tamir, Netanel and Sundaram, Shobhita and Chai, Lucy and Zhang, Richard and Dekel, Tali and Isola, Phillip},
  journal={arXiv preprint arXiv:2306.09344},
  year={2023}
}
@article{li2024playground,
  title={Playground v2. 5: Three insights towards enhancing aesthetic quality in text-to-image generation},
  author={Li, Daiqing and Kamko, Aleks and Akhgari, Ehsan and Sabet, Ali and Xu, Linmiao and Doshi, Suhail},
  journal={arXiv preprint arXiv:2402.17245},
  year={2024}
}
@article{razzhigaev2023kandinsky,
  title={Kandinsky: an improved text-to-image synthesis with image prior and latent diffusion},
  author={Razzhigaev, Anton and Shakhmatov, Arseniy and Maltseva, Anastasia and Arkhipkin, Vladimir and Pavlov, Igor and Ryabov, Ilya and Kuts, Angelina and Panchenko, Alexander and Kuznetsov, Andrey and Dimitrov, Denis},
  journal={arXiv preprint arXiv:2310.03502},
  year={2023}
}
@article{song2019generative,
  title={Generative modeling by estimating gradients of the data distribution},
  author={Song, Yang and Ermon, Stefano},
  journal={Advances in neural information processing systems},
  volume={32},
  year={2019}
}
@misc{ho2020denoisingdiffusionprobabilisticmodels,
      title={Denoising Diffusion Probabilistic Models}, 
      author={Jonathan Ho and Ajay Jain and Pieter Abbeel},
      year={2020},
      eprint={2006.11239},
      archivePrefix={arXiv},
      primaryClass={cs.LG},
      url={https://arxiv.org/abs/2006.11239}, 
}
@misc{saharia2022photorealistictexttoimagediffusionmodels,
      title={Photorealistic Text-to-Image Diffusion Models with Deep Language Understanding}, 
      author={Chitwan Saharia and William Chan and Saurabh Saxena and Lala Li and Jay Whang and Emily Denton and Seyed Kamyar Seyed Ghasemipour and Burcu Karagol Ayan and S. Sara Mahdavi and Rapha Gontijo Lopes and Tim Salimans and Jonathan Ho and David J Fleet and Mohammad Norouzi},
      year={2022},
      eprint={2205.11487},
      archivePrefix={arXiv},
      primaryClass={cs.CV},
      url={https://arxiv.org/abs/2205.11487}, 
}
@inproceedings{rombach2022high,
  title={High-resolution image synthesis with latent diffusion models},
  author={Rombach, Robin and Blattmann, Andreas and Lorenz, Dominik and Esser, Patrick and Ommer, Bj{\"o}rn},
  booktitle={Proceedings of the IEEE/CVF conference on computer vision and pattern recognition},
  pages={10684--10695},
  year={2022}
}
@misc{ramesh2022hierarchicaltextconditionalimagegeneration,
      title={Hierarchical Text-Conditional Image Generation with CLIP Latents}, 
      author={Aditya Ramesh and Prafulla Dhariwal and Alex Nichol and Casey Chu and Mark Chen},
      year={2022},
      eprint={2204.06125},
      archivePrefix={arXiv},
      primaryClass={cs.CV},
      url={https://arxiv.org/abs/2204.06125}, 
}
@article{dhariwal2021diffusion,
  title={Diffusion models beat gans on image synthesis},
  author={Dhariwal, Prafulla and Nichol, Alexander},
  journal={Advances in neural information processing systems},
  volume={34},
  pages={8780--8794},
  year={2021}
}
@article{schuhmann2022laion,
  title={Laion-5b: An open large-scale dataset for training next generation image-text models},
  author={Schuhmann, Christoph and Beaumont, Romain and Vencu, Richard and Gordon, Cade and Wightman, Ross and Cherti, Mehdi and Coombes, Theo and Katta, Aarush and Mullis, Clayton and Wortsman, Mitchell and others},
  journal={Advances in Neural Information Processing Systems},
  volume={35},
  pages={25278--25294},
  year={2022}
}
@article{goodfellow2020generative,
  title={Generative adversarial networks},
  author={Goodfellow, Ian and Pouget-Abadie, Jean and Mirza, Mehdi and Xu, Bing and Warde-Farley, David and Ozair, Sherjil and Courville, Aaron and Bengio, Yoshua},
  journal={Communications of the ACM},
  volume={63},
  number={11},
  pages={139--144},
  year={2020},
  publisher={ACM New York, NY, USA}
}
@inproceedings{corvi2023detection,
  title={On the detection of synthetic images generated by diffusion models},
  author={Corvi, Riccardo and Cozzolino, Davide and Zingarini, Giada and Poggi, Giovanni and Nagano, Koki and Verdoliva, Luisa},
  booktitle={ICASSP 2023-2023 IEEE International Conference on Acoustics, Speech and Signal Processing (ICASSP)},
  pages={1--5},
  year={2023},
  organization={IEEE}
}
@misc{whichfacereal,
 author = {},
 title = {Which Face Is Real? https://www.whichfaceisreal.com/},
 note = {},
 year = {}
}
@article{odena2016deconvolution,
  title={Deconvolution and checkerboard artifacts},
  author={Odena, Augustus and Dumoulin, Vincent and Olah, Chris},
  journal={Distill},
  volume={1},
  number={10},
  pages={e3},
  year={2016}
}
@inproceedings{zhang2019detecting,
  title={Detecting and simulating artifacts in gan fake images},
  author={Zhang, Xu and Karaman, Svebor and Chang, Shih-Fu},
  booktitle={2019 IEEE international workshop on information forensics and security (WIFS)},
  pages={1--6},
  year={2019},
  organization={IEEE}
}
@inproceedings{cozzolino2025zero,
  title={Zero-shot detection of AI-generated images},
  author={Cozzolino, Davide and Poggi, Giovanni and Nie{\ss}ner, Matthias and Verdoliva, Luisa},
  booktitle={European Conference on Computer Vision},
  pages={54--72},
  year={2025},
  organization={Springer}
}
@article{cao2020lossless,
  title={Lossless image compression through super-resolution},
  author={Cao, Sheng and Wu, Chao-Yuan and Kr{\"a}henb{\"u}hl, Philipp},
  journal={arXiv preprint arXiv:2004.02872},
  year={2020}
}
@article{xia2022gan,
  title={Gan inversion: A survey},
  author={Xia, Weihao and Zhang, Yulun and Yang, Yujiu and Xue, Jing-Hao and Zhou, Bolei and Yang, Ming-Hsuan},
  journal={IEEE transactions on pattern analysis and machine intelligence},
  volume={45},
  number={3},
  pages={3121--3138},
  year={2022},
  publisher={IEEE}
}
@article{pasquini2023identifying,
  title={Identifying synthetic faces through gan inversion and biometric traits analysis},
  author={Pasquini, Cecilia and Laiti, Francesco and Lobba, Davide and Ambrosi, Giovanni and Boato, Giulia and De Natale, Francesco},
  journal={Applied Sciences},
  volume={13},
  number={2},
  pages={816},
  year={2023},
  publisher={MDPI}
}

@inproceedings{kingma2019adam,
  title={Adam: A Method for Stochastic Optimization},
  author={Kingma, Diederik P. and Ba, Jimmy},
  booktitle=ICLR,
  year={2015}
}
@inproceedings{wang2020cnn,
  title={CNN-generated images are surprisingly easy to spot... for now},
  author={Wang, Sheng-Yu and Wang, Oliver and Zhang, Richard and Owens, Andrew and Efros, Alexei A},
  booktitle={Proceedings of the IEEE/CVF conference on computer vision and pattern recognition},
  pages={8695--8704},
  year={2020}
}
@inproceedings{ojha2023towards,
  title={Towards universal fake image detectors that generalize across generative models},
  author={Ojha, Utkarsh and Li, Yuheng and Lee, Yong Jae},
  booktitle={Proceedings of the IEEE/CVF Conference on Computer Vision and Pattern Recognition},
  pages={24480--24489},
  year={2023}
}
@inproceedings{chendrct,
  title={DRCT: Diffusion Reconstruction Contrastive Training towards Universal Detection of Diffusion Generated Images},
  author={Chen, Baoying and Zeng, Jishen and Yang, Jianquan and Yang, Rui},
  booktitle={Forty-first International Conference on Machine Learning},
  year={2024}
}
@misc{cozzolino2024raisingbaraigeneratedimage,
      title={Raising the Bar of AI-generated Image Detection with CLIP}, 
      author={Davide Cozzolino and Giovanni Poggi and Riccardo Corvi and Matthias Nießner and Luisa Verdoliva},
      year={2024},
      eprint={2312.00195},
      archivePrefix={arXiv},
      primaryClass={cs.CV},
      url={https://arxiv.org/abs/2312.00195}, 
}
@misc{lin2015microsoftcococommonobjects,
      title={Microsoft COCO: Common Objects in Context}, 
      author={Tsung-Yi Lin and Michael Maire and Serge Belongie and Lubomir Bourdev and Ross Girshick and James Hays and Pietro Perona and Deva Ramanan and C. Lawrence Zitnick and Piotr Dollár},
      year={2015},
      eprint={1405.0312},
      archivePrefix={arXiv},
      primaryClass={cs.CV},
      url={https://arxiv.org/abs/1405.0312}, 
}
@misc{yu2016lsunconstructionlargescaleimage,
      title={LSUN: Construction of a Large-scale Image Dataset using Deep Learning with Humans in the Loop}, 
      author={Fisher Yu and Ari Seff and Yinda Zhang and Shuran Song and Thomas Funkhouser and Jianxiong Xiao},
      year={2016},
      eprint={1506.03365},
      archivePrefix={arXiv},
      primaryClass={cs.CV},
      url={https://arxiv.org/abs/1506.03365}, 
}
@article{desai2021redcaps,
  title={Redcaps: Web-curated image-text data created by the people, for the people},
  author={Desai, Karan and Kaul, Gaurav and Aysola, Zubin and Johnson, Justin},
  journal={arXiv preprint arXiv:2111.11431},
  year={2021}
}



@inproceedings{he2016deep,
  title={Deep residual learning for image recognition},
  author={He, Kaiming and Zhang, Xiangyu and Ren, Shaoqing and Sun, Jian},
  booktitle={Proceedings of the IEEE conference on computer vision and pattern recognition},
  pages={770--778},
  year={2016}
}
@article{dai2023emu,
  title={Emu: Enhancing image generation models using photogenic needles in a haystack},
  author={Dai, Xiaoliang and Hou, Ji and Ma, Chih-Yao and Tsai, Sam and Wang, Jialiang and Wang, Rui and Zhang, Peizhao and Vandenhende, Simon and Wang, Xiaofang and Dubey, Abhimanyu and others},
  journal={arXiv preprint arXiv:2309.15807},
  year={2023}
}
@misc{hertz2022prompttopromptimageeditingcross,
      title={Prompt-to-Prompt Image Editing with Cross Attention Control}, 
      author={Amir Hertz and Ron Mokady and Jay Tenenbaum and Kfir Aberman and Yael Pritch and Daniel Cohen-Or},
      year={2022},
      eprint={2208.01626},
      archivePrefix={arXiv},
      primaryClass={cs.CV},
      url={https://arxiv.org/abs/2208.01626}, 
}
@misc{gal2022imageworthwordpersonalizing,
      title={An Image is Worth One Word: Personalizing Text-to-Image Generation using Textual Inversion}, 
      author={Rinon Gal and Yuval Alaluf and Yuval Atzmon and Or Patashnik and Amit H. Bermano and Gal Chechik and Daniel Cohen-Or},
      year={2022},
      eprint={2208.01618},
      archivePrefix={arXiv},
      primaryClass={cs.CV},
      url={https://arxiv.org/abs/2208.01618}, 
}
@misc{nie2024blessingrandomnesssdebeats,
      title={The Blessing of Randomness: SDE Beats ODE in General Diffusion-based Image Editing}, 
      author={Shen Nie and Hanzhong Allan Guo and Cheng Lu and Yuhao Zhou and Chenyu Zheng and Chongxuan Li},
      year={2024},
      eprint={2311.01410},
      archivePrefix={arXiv},
      primaryClass={cs.CV},
      url={https://arxiv.org/abs/2311.01410}, 
}
@misc{chai2020makesfakeimagesdetectable,
      title={What makes fake images detectable? Understanding properties that generalize}, 
      author={Lucy Chai and David Bau and Ser-Nam Lim and Phillip Isola},
      year={2020},
      eprint={2008.10588},
      archivePrefix={arXiv},
      primaryClass={cs.CV},
      url={https://arxiv.org/abs/2008.10588}, 
}
@misc{baradad2023proceduralimageprogramsrepresentation,
      title={Procedural Image Programs for Representation Learning}, 
      author={Manel Baradad and Chun-Fu Chen and Jonas Wulff and Tongzhou Wang and Rogerio Feris and Antonio Torralba and Phillip Isola},
      year={2023},
      eprint={2211.16412},
      archivePrefix={arXiv},
      primaryClass={cs.CV},
      url={https://arxiv.org/abs/2211.16412}, 
}
@misc{baradad2022learninglookingnoise,
      title={Learning to See by Looking at Noise}, 
      author={Manel Baradad and Jonas Wulff and Tongzhou Wang and Phillip Isola and Antonio Torralba},
      year={2022},
      eprint={2106.05963},
      archivePrefix={arXiv},
      primaryClass={cs.CV},
      url={https://arxiv.org/abs/2106.05963}, 
}
@article{zhang2022correct,
  title={Correct-n-contrast: A contrastive approach for improving robustness to spurious correlations},
  author={Zhang, Michael and Sohoni, Nimit S and Zhang, Hongyang R and Finn, Chelsea and R{\'e}, Christopher},
  journal={arXiv preprint arXiv:2203.01517},
  year={2022}
}
@article{karras2019style,
  title={A Style-Based Generator Architecture for Generative Adversarial Networks},
  author={Karras, Tero},
  journal={arXiv preprint arXiv:1812.04948},
  year={2019}
}
@inproceedings{karras2020analyzing,
  title={Analyzing and improving the image quality of stylegan},
  author={Karras, Tero and Laine, Samuli and Aittala, Miika and Hellsten, Janne and Lehtinen, Jaakko and Aila, Timo},
  booktitle={Proceedings of the IEEE/CVF conference on computer vision and pattern recognition},
  pages={8110--8119},
  year={2020}
}
@inproceedings{zhu2017unpaired,
  title={Unpaired image-to-image translation using cycle-consistent adversarial networks},
  author={Zhu, Jun-Yan and Park, Taesung and Isola, Phillip and Efros, Alexei A},
  booktitle={Proceedings of the IEEE international conference on computer vision},
  pages={2223--2232},
  year={2017}
}
@inproceedings{choi2018stargan,
  title={Stargan: Unified generative adversarial networks for multi-domain image-to-image translation},
  author={Choi, Yunjey and Choi, Minje and Kim, Munyoung and Ha, Jung-Woo and Kim, Sunghun and Choo, Jaegul},
  booktitle={Proceedings of the IEEE conference on computer vision and pattern recognition},
  pages={8789--8797},
  year={2018}
}
@inproceedings{park2019semantic,
  title={Semantic image synthesis with spatially-adaptive normalization},
  author={Park, Taesung and Liu, Ming-Yu and Wang, Ting-Chun and Zhu, Jun-Yan},
  booktitle={Proceedings of the IEEE/CVF conference on computer vision and pattern recognition},
  pages={2337--2346},
  year={2019}
}
@article{song2020denoising,
  title={Denoising diffusion implicit models},
  author={Song, Jiaming and Meng, Chenlin and Ermon, Stefano},
  journal={arXiv preprint arXiv:2010.02502},
  year={2020}
}
@inproceedings{liu2021just,
  title={Just train twice: Improving group robustness without training group information},
  author={Liu, Evan Z and Haghgoo, Behzad and Chen, Annie S and Raghunathan, Aditi and Koh, Pang Wei and Sagawa, Shiori and Liang, Percy and Finn, Chelsea},
  booktitle={International Conference on Machine Learning},
  pages={6781--6792},
  year={2021},
  organization={PMLR}
}
@article{conde2024stable,
  title={How stable is stable diffusion under recursive inpainting (rip)?},
  author={Conde, Javier and Gonz{\'a}lez, Miguel and Mart{\'\i}nez, Gonzalo and Moral, Fernando and Merino-G{\'o}mez, Elena and Reviriego, Pedro},
  journal={arXiv preprint arXiv:2407.09549},
  year={2024}
}
@inproceedings{liu2022convnet,
  title={A convnet for the 2020s},
  author={Liu, Zhuang and Mao, Hanzi and Wu, Chao-Yuan and Feichtenhofer, Christoph and Darrell, Trevor and Xie, Saining},
  booktitle={Proceedings of the IEEE/CVF conference on computer vision and pattern recognition},
  pages={11976--11986},
  year={2022}
}
@misc{kingma2022autoencodingvariationalbayes,
      title={Auto-Encoding Variational Bayes}, 
      author={Diederik P Kingma and Max Welling},
      year={2022},
      eprint={1312.6114},
      archivePrefix={arXiv},
      primaryClass={stat.ML},
      url={https://arxiv.org/abs/1312.6114}, 
}
@misc{oord2018neuraldiscreterepresentationlearning,
      title={Neural Discrete Representation Learning}, 
      author={Aaron van den Oord and Oriol Vinyals and Koray Kavukcuoglu},
      year={2018},
      eprint={1711.00937},
      archivePrefix={arXiv},
      primaryClass={cs.LG},
      url={https://arxiv.org/abs/1711.00937}, 
}
@misc{karras2018progressivegrowinggansimproved,
      title={Progressive Growing of GANs for Improved Quality, Stability, and Variation}, 
      author={Tero Karras and Timo Aila and Samuli Laine and Jaakko Lehtinen},
      year={2018},
      eprint={1710.10196},
      archivePrefix={arXiv},
      primaryClass={cs.NE},
      url={https://arxiv.org/abs/1710.10196}, 
}

@inproceedings{radford2021learning,
  title={Learning transferable visual models from natural language supervision},
  author={Radford, Alec and Kim, Jong Wook and Hallacy, Chris and Ramesh, Aditya and Goh, Gabriel and Agarwal, Sandhini and Sastry, Girish and Askell, Amanda and Mishkin, Pamela and Clark, Jack and others},
  booktitle={International conference on machine learning},
  pages={8748--8763},
  year={2021},
  organization={PMLR}
}
@inproceedings{ricker2024aeroblade,
  title={AEROBLADE: Training-Free Detection of Latent Diffusion Images Using Autoencoder Reconstruction Error},
  author={Ricker, Jonas and Lukovnikov, Denis and Fischer, Asja},
  booktitle={Proceedings of the IEEE/CVF Conference on Computer Vision and Pattern Recognition},
  pages={9130--9140},
  year={2024}
}
@misc{he2024rigidtrainingfreemodelagnosticframework,
      title={RIGID: A Training-free and Model-Agnostic Framework for Robust AI-Generated Image Detection}, 
      author={Zhiyuan He and Pin-Yu Chen and Tsung-Yi Ho},
      year={2024},
      eprint={2405.20112},
      archivePrefix={arXiv},
      primaryClass={cs.CV},
      url={https://arxiv.org/abs/2405.20112}, 
}



@misc{midjourney,
 author = {},
 title = {Midjourney. https://www.midjourney.com/},
 note = {},
 year = {}
}

@misc{wukong,
 author = {MindSpore},
 title = {wukong. https://xihe.mindspore.cn/modelzoo/wukong.2022.},
 note = {},
 year = {}
}
@article{brock2018large,
  title={Large Scale GAN Training for High Fidelity Natural Image Synthesis},
  author={Brock, Andrew},
  journal={arXiv preprint arXiv:1809.11096},
  year={2018}
}
@article{zhu2023gendet,
  title={Gendet: Towards good generalizations for ai-generated image detection},
  author={Zhu, Mingjian and Chen, Hanting and Huang, Mouxiao and Li, Wei and Hu, Hailin and Hu, Jie and Wang, Yunhe},
  journal={arXiv preprint arXiv:2312.08880},
  year={2023}
}
@misc{flux,
 author = {Black Forest Labs},
 title = {Flux1. https://blackforestlabs.ai/},
 note = {},
 year = {}
}

@misc{wikiart,
 author = {},
 title = {WikiArt. https://www.wikiart.org/},
 note = {},
 year = {}
}

@misc{caron2021emergingpropertiesselfsupervisedvision,
      title={Emerging Properties in Self-Supervised Vision Transformers}, 
      author={Mathilde Caron and Hugo Touvron and Ishan Misra and Hervé Jégou and Julien Mairal and Piotr Bojanowski and Armand Joulin},
      year={2021},
      eprint={2104.14294},
      archivePrefix={arXiv},
      primaryClass={cs.CV},
      url={https://arxiv.org/abs/2104.14294}, 
}
@misc{long2015fullyconvolutionalnetworkssemantic,
      title={Fully Convolutional Networks for Semantic Segmentation}, 
      author={Jonathan Long and Evan Shelhamer and Trevor Darrell},
      year={2015},
      eprint={1411.4038},
      archivePrefix={arXiv},
      primaryClass={cs.CV},
      url={https://arxiv.org/abs/1411.4038}, 
}
@misc{zagoruyko2017wideresidualnetworks,
      title={Wide Residual Networks}, 
      author={Sergey Zagoruyko and Nikos Komodakis},
      year={2017},
      eprint={1605.07146},
      archivePrefix={arXiv},
      primaryClass={cs.CV},
      url={https://arxiv.org/abs/1605.07146}, 
}