@article{cao2020lossless,
  title={Lossless image compression through super-resolution},
  author={Cao, Sheng and Wu, Chao-Yuan and Kr{\"a}henb{\"u}hl, Philipp},
  journal={arXiv preprint arXiv:2004.02872},
  year={2020}
}

@misc{chai2020makesfakeimagesdetectable,
      title={What makes fake images detectable? Understanding properties that generalize}, 
      author={Lucy Chai and David Bau and Ser-Nam Lim and Phillip Isola},
      year={2020},
      eprint={2008.10588},
      archivePrefix={arXiv},
      primaryClass={cs.CV},
      url={https://arxiv.org/abs/2008.10588}, 
}

@inproceedings{chendrct,
  title={DRCT: Diffusion Reconstruction Contrastive Training towards Universal Detection of Diffusion Generated Images},
  author={Chen, Baoying and Zeng, Jishen and Yang, Jianquan and Yang, Rui},
  booktitle={Forty-first International Conference on Machine Learning},
  year={2024}
}

@inproceedings{corvi2023detection,
  title={On the detection of synthetic images generated by diffusion models},
  author={Corvi, Riccardo and Cozzolino, Davide and Zingarini, Giada and Poggi, Giovanni and Nagano, Koki and Verdoliva, Luisa},
  booktitle={ICASSP 2023-2023 IEEE International Conference on Acoustics, Speech and Signal Processing (ICASSP)},
  pages={1--5},
  year={2023},
  organization={IEEE}
}

@inproceedings{cozzolino2025zero,
  title={Zero-shot detection of AI-generated images},
  author={Cozzolino, Davide and Poggi, Giovanni and Nie{\ss}ner, Matthias and Verdoliva, Luisa},
  booktitle={European Conference on Computer Vision},
  pages={54--72},
  year={2025},
  organization={Springer}
}

@inproceedings{gragnaniello2021gan,
  title={Are GAN generated images easy to detect? A critical analysis of the state-of-the-art},
  author={Gragnaniello, Diego and Cozzolino, Davide and Marra, Francesco and Poggi, Giovanni and Verdoliva, Luisa},
  booktitle={2021 IEEE international conference on multimedia and expo (ICME)},
  pages={1--6},
  year={2021},
  organization={IEEE}
}

@article{odena2016deconvolution,
  title={Deconvolution and checkerboard artifacts},
  author={Odena, Augustus and Dumoulin, Vincent and Olah, Chris},
  journal={Distill},
  volume={1},
  number={10},
  pages={e3},
  year={2016}
}

@inproceedings{ojha2023towards,
  title={Towards universal fake image detectors that generalize across generative models},
  author={Ojha, Utkarsh and Li, Yuheng and Lee, Yong Jae},
  booktitle={Proceedings of the IEEE/CVF Conference on Computer Vision and Pattern Recognition},
  pages={24480--24489},
  year={2023}
}

@article{pasquini2023identifying,
  title={Identifying synthetic faces through gan inversion and biometric traits analysis},
  author={Pasquini, Cecilia and Laiti, Francesco and Lobba, Davide and Ambrosi, Giovanni and Boato, Giulia and De Natale, Francesco},
  journal={Applied Sciences},
  volume={13},
  number={2},
  pages={816},
  year={2023},
  publisher={MDPI}
}

@inproceedings{radford2021learning,
  title={Learning transferable visual models from natural language supervision},
  author={Radford, Alec and Kim, Jong Wook and Hallacy, Chris and Ramesh, Aditya and Goh, Gabriel and Agarwal, Sandhini and Sastry, Girish and Askell, Amanda and Mishkin, Pamela and Clark, Jack and others},
  booktitle={International conference on machine learning},
  pages={8748--8763},
  year={2021},
  organization={PMLR}
}

@article{rajan2024effectiveness,
  title={On the Effectiveness of Dataset Alignment for Fake Image Detection},
  author={Rajan, Anirudh Sundara and Ojha, Utkarsh and Schloesser, Jedidiah and Lee, Yong Jae},
  journal={arXiv preprint arXiv:2410.11835},
  year={2024}
}

@inproceedings{ricker2024aeroblade,
  title={AEROBLADE: Training-Free Detection of Latent Diffusion Images Using Autoencoder Reconstruction Error},
  author={Ricker, Jonas and Lukovnikov, Denis and Fischer, Asja},
  booktitle={Proceedings of the IEEE/CVF Conference on Computer Vision and Pattern Recognition},
  pages={9130--9140},
  year={2024}
}

@article{song2020denoising,
  title={Denoising diffusion implicit models},
  author={Song, Jiaming and Meng, Chenlin and Ermon, Stefano},
  journal={arXiv preprint arXiv:2010.02502},
  year={2020}
}

@inproceedings{wang2020cnn,
  title={CNN-generated images are surprisingly easy to spot... for now},
  author={Wang, Sheng-Yu and Wang, Oliver and Zhang, Richard and Owens, Andrew and Efros, Alexei A},
  booktitle={Proceedings of the IEEE/CVF conference on computer vision and pattern recognition},
  pages={8695--8704},
  year={2020}
}

@inproceedings{wang2023dire,
  title={Dire for diffusion-generated image detection},
  author={Wang, Zhendong and Bao, Jianmin and Zhou, Wengang and Wang, Weilun and Hu, Hezhen and Chen, Hong and Li, Houqiang},
  booktitle={Proceedings of the IEEE/CVF International Conference on Computer Vision},
  pages={22445--22455},
  year={2023}
}

@article{xia2022gan,
  title={Gan inversion: A survey},
  author={Xia, Weihao and Zhang, Yulun and Yang, Yujiu and Xue, Jing-Hao and Zhou, Bolei and Yang, Ming-Hsuan},
  journal={IEEE transactions on pattern analysis and machine intelligence},
  volume={45},
  number={3},
  pages={3121--3138},
  year={2022},
  publisher={IEEE}
}

@inproceedings{zhang2019detecting,
  title={Detecting and simulating artifacts in gan fake images},
  author={Zhang, Xu and Karaman, Svebor and Chang, Shih-Fu},
  booktitle={2019 IEEE international workshop on information forensics and security (WIFS)},
  pages={1--6},
  year={2019},
  organization={IEEE}
}

@article{zhu2023gendet,
  title={Gendet: Towards good generalizations for ai-generated image detection},
  author={Zhu, Mingjian and Chen, Hanting and Huang, Mouxiao and Li, Wei and Hu, Hailin and Hu, Jie and Wang, Yunhe},
  journal={arXiv preprint arXiv:2312.08880},
  year={2023}
}

