@article{DDPO,
  title={Training diffusion models with reinforcement learning},
  author={Black, Kevin and Janner, Michael and Du, Yilun and Kostrikov, Ilya and Levine, Sergey},
  journal={arXiv preprint arXiv:2305.13301},
  year={2023}
}

@article{DPOK,
  title={DPOK: Reinforcement Learning for Fine-tuning Text-to-Image Diffusion Models},
  author={Fan, Ying and Watkins, Olivia and Du, Yuqing and Liu, Hao and Ryu, Moonkyung and Boutilier, Craig and Abbeel, Pieter and Ghavamzadeh, Mohammad and Lee, Kangwook and Lee, Kimin},
  journal={arXiv preprint arXiv:2305.16381},
  year={2023}
}

@article{Tang24,
  title={Fine-tuning of diffusion models via stochastic control: entropy regularization and beyond},
  author={Tang, Wenpin},
  journal={arXiv:2403.06279},
  year={2024},
}

@article{dai2023learning,
  title={Learning Merton's Strategies in an Incomplete Market: Recursive Entropy Regularization and Biased Gaussian Exploration},
  author={Dai, Min and Dong, Yuchao and Jia, Yanwei and Zhou, Xun Yu},
  journal={arXiv preprint arXiv:2312.11797},
  year={2023}
}

@inproceedings{diffusiondpo,
  title={Diffusion model alignment using direct preference optimization},
  author={Wallace, Bram and Dang, Meihua and Rafailov, Rafael and Zhou, Linqi and Lou, Aaron and Purushwalkam, Senthil and Ermon, Stefano and Xiong, Caiming and Joty, Shafiq and Naik, Nikhil},
  booktitle={Proceedings of the IEEE/CVF Conference on Computer Vision and Pattern Recognition},
  pages={8228--8238},
  year={2024}
}

@article{domingo2024adjoint,
  title={Adjoint matching: Fine-tuning flow and diffusion generative models with memoryless stochastic optimal control},
  author={Domingo-Enrich, Carles and Drozdzal, Michal and Karrer, Brian and Chen, Ricky TQ},
  journal={arXiv preprint arXiv:2409.08861},
  year={2024}
}

@article{dppo,
  title={Diffusion policy policy optimization},
  author={Ren, Allen Z and Lidard, Justin and Ankile, Lars L and Simeonov, Anthony and Agrawal, Pulkit and Majumdar, Anirudha and Burchfiel, Benjamin and Dai, Hongkai and Simchowitz, Max},
  journal={arXiv preprint arXiv:2409.00588},
  year={2024}
}

@article{gao2024reward,
  title={Reward-directed score-based diffusion models via q-learning},
  author={Gao, Xuefeng and Zha, Jiale and Zhou, Xun Yu},
  journal={arXiv preprint arXiv:2409.04832},
  year={2024}
}

@inproceedings{huang2022achieving,
  title={Achieving Mean--Variance Efficiency by Continuous-Time Reinforcement Learning},
  author={Huang, Yilie and Jia, Yanwei and Zhou, Xunyu},
  booktitle={Proceedings of the Third ACM International Conference on AI in Finance},
  pages={377--385},
  year={2022}
}

@article{jia2022policy_evaluation,
  title={Policy evaluation and temporal-difference learning in continuous time and space: A martingale approach},
  author={Jia, Yanwei and Zhou, Xun Yu},
  journal={J. Mach. Learn. Res.},
  volume={23},
  number={154},
  pages={1--55},
  year={2022}
}

@article{jia2022policy_gradient,
  title={Policy gradient and actor-critic learning in continuous time and space: Theory and algorithms},
  author={Jia, Yanwei and Zhou, Xun Yu},
  journal={J. Mach. Learn. Res.},
  volume={23},
  number={275},
  pages={1--50},
  year={2022}
}

@article{jia2022q_learning,
  title={q-Learning in continuous time},
  author={Jia, Yanwei and Zhou, Xun Yu},
  journal={J. Mach. Learn. Res.},
  volume={24},
  number={161},
  pages={1--61},
  year={2023},
}

@article{li2024aligning,
  title={Aligning diffusion models by optimizing human utility},
  author={Li, Shufan and Kallidromitis, Konstantinos and Gokul, Akash and Kato, Yusuke and Kozuka, Kazuki},
  journal={arXiv preprint arXiv:2404.04465},
  year={2024}
}

@inproceedings{tango2,
  title={Tango 2: Aligning diffusion-based text-to-audio generations through direct preference optimization},
  author={Majumder, Navonil and Hung, Chia-Yu and Ghosal, Deepanway and Hsu, Wei-Ning and Mihalcea, Rada and Poria, Soujanya},
  booktitle={Proceedings of the 32nd ACM International Conference on Multimedia},
  pages={564--572},
  year={2024}
}

@article{uehara2024continuous-fine-tune,
  title={Fine-Tuning of Continuous-Time Diffusion Models as Entropy-Regularized Control},
  author={Uehara, Masatoshi and Zhao, Yulai and Black, Kevin and Hajiramezanali, Ehsan and Scalia, Gabriele and Diamant, Nathaniel Lee and Tseng, Alex M and Biancalani, Tommaso and Levine, Sergey},
  journal={arXiv preprint arXiv:2402.15194},
  year={2024}
}

@article{wang2020reinforcement,
  title={Reinforcement Learning in Continuous Time and Space: A Stochastic Control Approach.},
  author={Wang, Haoran and Zariphopoulou, Thaleia and Zhou, Xun Yu},
  journal={J. Mach. Learn. Res.},
  volume={21},
  number={198},
  pages={1--34},
  year={2020}
}

@article{winata2024preference,
  title={Preference tuning with human feedback on language, speech, and vision tasks: A survey},
  author={Winata, Genta Indra and Zhao, Hanyang and Das, Anirban and Tang, Wenpin and Yao, David D and Zhang, Shi-Xiong and Sahu, Sambit},
  journal={arXiv preprint arXiv:2409.11564},
  year={2024},
}

@inproceedings{yang2024using,
  title={Using human feedback to fine-tune diffusion models without any reward model},
  author={Yang, Kai and Tao, Jian and Lyu, Jiafei and Ge, Chunjiang and Chen, Jiaxin and Shen, Weihan and Zhu, Xiaolong and Li, Xiu},
  booktitle={Proceedings of the IEEE/CVF Conference on Computer Vision and Pattern Recognition},
  pages={8941--8951},
  year={2024}
}

@article{yuan2024self,
  title={Self-play fine-tuning of diffusion models for text-to-image generation},
  author={Yuan, Huizhuo and Chen, Zixiang and Ji, Kaixuan and Gu, Quanquan},
  journal={arXiv preprint arXiv:2402.10210},
  year={2024}
}

@article{zhao2024policy,
  title={Policy optimization for continuous reinforcement learning},
  author={Zhao, Hanyang and Tang, Wenpin and Yao, David},
  journal={Advances in Neural Information Processing Systems},
  volume={36},
  year={2024}
}

@article{zhao2024scores,
  title={Scores as Actions: a framework of fine-tuning diffusion models by continuous-time reinforcement learning},
  author={Zhao, Hanyang and Chen, Haoxian and Zhang, Ji and Yao, David D and Tang, Wenpin},
  journal={arXiv preprint arXiv:2409.08400},
  year={2024},
}

