@article{kakade2001natural,
  title={A natural policy gradient},
  author={Kakade, Sham M},
  journal={Advances in neural information processing systems},
  volume={14},
  year={2001}
}

@article{hunter2004tutorial,
  title={A tutorial on {M}{M} algorithms},
  author={Hunter, David R and Lange, Kenneth},
  journal={The American Statistician},
  volume={58},
  number={1},
  pages={30--37},
  year={2004},
  publisher={Taylor \& Francis}
}

@inproceedings{LK22,
  title={Convergence of policy gradient for entropy regularized {M}{D}{P}s with neural network approximation in the mean-field regime},
  author={Leahy, James-Michael and Kerimkulov, Bekzhan and Siska, David and Szpruch, Lukasz},
  booktitle={International Conference on Machine Learning},
  pages={12222--12252},
  year={2022},
}

@article{AL20,
  title={Global optimality of softmax policy gradient with single hidden layer neural networks in the mean-field regime},
  author={Agazzi, Andrea and Lu, Jianfeng},
  journal={arXiv:2010.11858},
  year={2020},
}

@inproceedings{schulman2015trust,
  title={Trust region policy optimization},
  author={Schulman, John and Levine, Sergey and Abbeel, Pieter and Jordan, Michael and Moritz, Philipp},
  booktitle={International conference on machine learning},
  pages={1889--1897},
  year={2015},
  organization={PMLR}
}

@article{STZ21,
  title={Exploration-exploitation trade-off for continuous-time episodic reinforcement learning with linear-convex models},
  author={Szpruch, Lukasz and Treetanthiploet, Tanut and Zhang, Yufei},
  journal={arXiv:2112.10264},
  year={2021},
}

@article{schulman2017proximal,
  title={Proximal policy optimization algorithms},
  author={Schulman, John and Wolski, Filip and Dhariwal, Prafulla and Radford, Alec and Klimov, Oleg},
  journal={arXiv preprint arXiv:1707.06347},
  year={2017}
}

@inproceedings{KakadeL02,
  author    = {Sham M. Kakade and
               John Langford},
  editor    = {Claude Sammut and
               Achim G. Hoffmann},
  title     = {Approximately Optimal Approximate Reinforcement Learning},
  booktitle = {Machine Learning, Proceedings of the Nineteenth International Conference
               {(ICML} 2002), University of New South Wales, Sydney, Australia, July
               8-12, 2002},
  pages     = {267--274},
  publisher = {Morgan Kaufmann},
  year      = {2002},
  timestamp = {Tue, 23 Jul 2019 15:03:10 +0200},
  biburl    = {https://dblp.org/rec/conf/icml/KakadeL02.bib},
  bibsource = {dblp computer science bibliography, https://dblp.org}
}

@book {SV79,
    AUTHOR = {Stroock, Daniel W. and Varadhan, S. R. Srinivasa},
     TITLE = {Multidimensional diffusion processes},
    SERIES = {Grundlehren der Mathematischen Wissenschaften},
    VOLUME = {233},
 PUBLISHER = {Springer-Verlag, Berlin-New York},
      YEAR = {1979},
     PAGES = {xii+338},
}

@book {Lange16,
    AUTHOR = {Lange, Kenneth},
     TITLE = {M{M} optimization algorithms},
 PUBLISHER = {SIAM, Philadelphia,
              PA},
      YEAR = {2016},
     PAGES = {ix+223},
}

@book {KS91,
    AUTHOR = {Karatzas, Ioannis and Shreve, Steven E.},
     TITLE = {Brownian motion and stochastic calculus},
    SERIES = {Graduate Texts in Mathematics},
    VOLUME = {113},
   EDITION = {Second},
 PUBLISHER = {Springer-Verlag, New York},
      YEAR = {1991},
     PAGES = {xxiv+470},
}
	

@article{sutton1999policy,
  title={Policy gradient methods for reinforcement learning with function approximation},
  author={Sutton, Richard S and McAllester, David and Singh, Satinder and Mansour, Yishay},
  journal={Advances in neural information processing systems},
  volume={12},
  year={1999}
}

@Book{pearl:88,
  author = 	 {Judea Pearl},
  title = 	 {Probabilistic {R}easoning in {I}ntelligent {S}ystems: 
		  {N}etworks of {P}lausible {I}nference},
  publisher = 	 {Morgan Kaufman Publishers},
  year = 	 {1988},
  address = 	 {San Mateo, CA}
}

@article{cao2008stochastic,
  title={Stochastic learning and optimization-a sensitivity-based approach},
  author={Cao, Xi-Ren},
  journal={IFAC Proceedings Volumes},
  volume={41},
  number={2},
  pages={3480--3492},
  year={2008},
  publisher={Elsevier}
}

@article{wu2017scalable,
  title={Scalable trust-region method for deep reinforcement learning using kronecker-factored approximation},
  author={Wu, Yuhuai and Mansimov, Elman and Grosse, Roger B and Liao, Shun and Ba, Jimmy},
  journal={Advances in neural information processing systems},
  volume={30},
  year={2017}
}

@article{wang2020reinforcement,
  title={Reinforcement Learning in Continuous Time and Space: A Stochastic Control Approach.},
  author={Wang, Haoran and Zariphopoulou, Thaleia and Zhou, Xun Yu},
  journal={J. Mach. Learn. Res.},
  volume={21},
  number={198},
  pages={1--34},
  year={2020}
}

@article{jia2022policy_evaluation,
  title={Policy evaluation and temporal-difference learning in continuous time and space: A martingale approach},
  author={Jia, Yanwei and Zhou, Xun Yu},
  journal={J. Mach. Learn. Res.},
  volume={23},
  number={154},
  pages={1--55},
  year={2022}
}

@article{jia2022policy_gradient,
  title={Policy gradient and actor-critic learning in continuous time and space: Theory and algorithms},
  author={Jia, Yanwei and Zhou, Xun Yu},
  journal={J. Mach. Learn. Res.},
  volume={23},
  number={275},
  pages={1--50},
  year={2022}
}

@article{jia2022q_learning,
  title={q-Learning in continuous time},
  author={Jia, Yanwei and Zhou, Xun Yu},
  journal={J. Mach. Learn. Res.},
  volume={24},
  number={161},
  pages={1--61},
  year={2023},
}

@article{LW21,
  title={Nonconvex Optimization via {M}{M} Algorithms: Convergence Theory},
  author={Lange, Kenneth and Won, Joong-Ho  and Landeros, Alfonso  and Zhou, Hua},
  note={arXiv:2106.02805},
  year={2021},
}

@book{fleming2006controlled,
  title={Controlled Markov processes and viscosity solutions},
  author={Fleming, Wendell H and Soner, Halil Mete},
  volume={25},
  year={2006},
  publisher={Springer Science \& Business Media}
}

@inproceedings{zhang2021policy,
  title={On-policy deep reinforcement learning for the average-reward criterion},
  author={Zhang, Yiming and Ross, Keith W},
  booktitle={International Conference on Machine Learning},
  pages={12535--12545},
  year={2021},
  organization={PMLR}
}

@article{dai2021refined,
  title={Refined Policy Improvement Bounds for MDPs},
  author={Dai, Jim G and Gluzman, Mark},
  journal={arXiv preprint arXiv:2107.08068},
  year={2021}
}

@article{crandall1992user,
  title={Userâ€™s guide to viscosity solutions of second order partial differential equations},
  author={Crandall, Michael G and Ishii, Hitoshi and Lions, Pierre-Louis},
  journal={Bulletin of the American mathematical society},
  volume={27},
  number={1},
  pages={1--67},
  year={1992}
}



@article{brunick2013mimicking,
  title={Mimicking an It{\^o} process by a solution of a stochastic differential equation},
  author={Brunick, Gerard and Shreve, Steven},
  journal={Ann. Appl. Probab.},
  volume={23},
  number={4},
  year={2013}
}

@book{horn2012matrix,
  title={Matrix analysis},
  author={Horn, Roger A and Johnson, Charles R},
  year={2012},
  publisher={Cambridge university press}
}

@book{karatzas1991brownian,
  title={Brownian motion and stochastic calculus},
  author={Karatzas, Ioannis and Shreve, Steven},
  volume={113},
  year={1991},
  publisher={Springer Science \& Business Media}
}

@book{oksendal2003stochastic,
  title={Stochastic differential equations},
  author={{\O}ksendal, Bernt},
  year={2003},
  publisher={Springer}
}

@book{yong1999stochastic,
  title={Stochastic controls: Hamiltonian systems and HJB equations},
  author={Yong, Jiongmin and Zhou, Xun Yu},
  volume={43},
  year={1999},
  publisher={Springer Science \& Business Media}
}

@article{tang2022exploratory,
  title={Exploratory HJB equations and their convergence},
  author={Tang, Wenpin and Zhang, Yuming Paul and Zhou, Xun Yu},
  journal={SIAM Journal on Control and Optimization},
  volume={60},
  number={6},
  pages={3191--3216},
  year={2022},
  publisher={SIAM}
}

@article{watkins1992q,
  title={Q-learning},
  author={Watkins, Christopher JCH and Dayan, Peter},
  journal={Machine learning},
  volume={8},
  pages={279--292},
  year={1992},
  publisher={Springer}
}

@inproceedings{tallec2019making,
  title={Making deep q-learning methods robust to time discretization},
  author={Tallec, Corentin and Blier, L{\'e}onard and Ollivier, Yann},
  booktitle={International Conference on Machine Learning},
  pages={6096--6104},
  year={2019},
  organization={PMLR}
}

@inproceedings{kakade2002approximately,
  title={Approximately optimal approximate reinforcement learning},
  author={Kakade, Sham and Langford, John},
  booktitle={Proceedings of the Nineteenth International Conference on Machine Learning},
  pages={267--274},
  year={2002}
}

@inproceedings{baird1994reinforcement,
  title={Reinforcement learning in continuous time: Advantage updating},
  author={Baird, Leemon C},
  booktitle={Proceedings of 1994 IEEE International Conference on Neural Networks (ICNN'94)},
  volume={4},
  pages={2448--2453},
  year={1994},
  organization={IEEE}
}

@book{revuz2013continuous,
  title={Continuous martingales and Brownian motion},
  author={Revuz, Daniel and Yor, Marc},
  volume={293},
  year={2013},
  publisher={Springer Science \& Business Media}
}

@book{higham2002accuracy,
  title={Accuracy and stability of numerical algorithms},
  author={Higham, Nicholas J},
  year={2002},
  publisher={SIAM}
}

@article{stewart1993perturbation,
  title={On the perturbation of LU, Cholesky, and QR factorizations},
  author={Stewart, GW},
  journal={SIAM Journal on Matrix Analysis and Applications},
  volume={14},
  number={4},
  pages={1141--1145},
  year={1993},
  publisher={SIAM}
}

@article{stewart1997perturbation,
  title={On the perturbation of LU and Cholesky factors},
  author={Stewart, GW},
  journal={IMA Journal of Numerical Analysis},
  volume={17},
  number={1},
  pages={1--6},
  year={1997},
  publisher={Oxford University Press}
}

@article{chang1996new,
  title={New perturbation analyses for the Cholesky factorization},
  author={Chang, Xiao-Wen and Paige, Christopher C and Stewart, GW},
  journal={IMA journal of numerical analysis},
  volume={16},
  number={4},
  pages={457--484},
  year={1996},
  publisher={OUP}
}

@inproceedings{mnih2016asynchronous,
  title={Asynchronous methods for deep reinforcement learning},
  author={Mnih, Volodymyr and Badia, Adria Puigdomenech and Mirza, Mehdi and Graves, Alex and Lillicrap, Timothy and Harley, Tim and Silver, David and Kavukcuoglu, Koray},
  booktitle={International conference on machine learning},
  pages={1928--1937},
  year={2016},
  organization={PMLR}
}

@article{pitman2003hitting,
  title={Hitting, occupation and inverse local times of one-dimensional diffusions: martingale and excursion approaches},
  author={Pitman, Jim and Yor, Marc},
  journal={Bernoulli},
  volume={9},
  number={1},
  pages={1--24},
  year={2003},
  publisher={Bernoulli Society for Mathematical Statistics and Probability}
}

@book{meyer2002cours,
  title={Un cours sur les int{\'e}grales stochastiques},
  author={Meyer, Paul-Andr{\'e}},
  year={2002},
  publisher={Springer}
}

@article{fokker1914mittlere,
  title={Die mittlere Energie rotierender elektrischer Dipole im Strahlungsfeld},
  author={Fokker, Adriaan Dani{\"e}l},
  journal={Annalen der Physik},
  volume={348},
  number={5},
  pages={810--820},
  year={1914},
  publisher={WILEY-VCH Verlag Leipzig}
}

@article{planck1917satz,
  title={{\"U}ber einen Satz der statistischen Dynamik und seine Erweiterung in der Quantentheorie},
  author={Planck, VM},
  journal={Sitzungberichte der},
  year={1917}
}

@article{mnih2013playing,
  title={Playing atari with deep reinforcement learning},
  author={Mnih, Volodymyr and Kavukcuoglu, Koray and Silver, David and Graves, Alex and Antonoglou, Ioannis and Wierstra, Daan and Riedmiller, Martin},
  journal={arXiv preprint arXiv:1312.5602},
  year={2013}
}

@article{silver2016mastering,
  title={Mastering the game of Go with deep neural networks and tree search},
  author={Silver, David and Huang, Aja and Maddison, Chris J and Guez, Arthur and Sifre, Laurent and Van Den Driessche, George and Schrittwieser, Julian and Antonoglou, Ioannis and Panneershelvam, Veda and Lanctot, Marc and others},
  journal={nature},
  volume={529},
  number={7587},
  pages={484--489},
  year={2016},
  publisher={Nature Publishing Group}
}

@article{silver2017mastering,
  title={Mastering the game of go without human knowledge},
  author={Silver, David and Schrittwieser, Julian and Simonyan, Karen and Antonoglou, Ioannis and Huang, Aja and Guez, Arthur and Hubert, Thomas and Baker, Lucas and Lai, Matthew and Bolton, Adrian and others},
  journal={nature},
  volume={550},
  number={7676},
  pages={354--359},
  year={2017},
  publisher={Nature Publishing Group}
}

@article{radford2018improving,
  title={Improving language understanding by generative pre-training},
  author={Radford, Alec and Narasimhan, Karthik and Salimans, Tim and Sutskever, Ilya and others},
  year={2018},
  publisher={OpenAI},
  journal={OpenAI},
}

@book{sutton2018reinforcement,
  title={Reinforcement learning: An introduction},
  author={Sutton, Richard S and Barto, Andrew G},
  year={2018},
  publisher={MIT press}
}

@article{christiano2017deep,
  title={Deep reinforcement learning from human preferences},
  author={Christiano, Paul F and Leike, Jan and Brown, Tom and Martic, Miljan and Legg, Shane and Amodei, Dario},
  journal={Advances in neural information processing systems},
  volume={30},
  year={2017}
}

@article{ziegler2019fine,
  title={Fine-tuning language models from human preferences},
  author={Ziegler, Daniel M and Stiennon, Nisan and Wu, Jeffrey and Brown, Tom B and Radford, Alec and Amodei, Dario and Christiano, Paul and Irving, Geoffrey},
  journal={arXiv preprint arXiv:1909.08593},
  year={2019}
}

@article{stiennon2020learning,
  title={Learning to summarize with human feedback},
  author={Stiennon, Nisan and Ouyang, Long and Wu, Jeffrey and Ziegler, Daniel and Lowe, Ryan and Voss, Chelsea and Radford, Alec and Amodei, Dario and Christiano, Paul F},
  journal={Advances in Neural Information Processing Systems},
  volume={33},
  pages={3008--3021},
  year={2020}
}

@article{buehler2019deep,
  title={Deep hedging},
  author={Buehler, Hans and Gonon, Lukas and Teichmann, Josef and Wood, Ben},
  journal={Quantitative Finance},
  volume={19},
  number={8},
  pages={1271--1291},
  year={2019},
  publisher={Taylor \& Francis}
}

@article{madeka2022deep,
  title={Deep Inventory Management},
  author={Madeka, Dhruv and Torkkola, Kari and Eisenach, Carson and Foster, Dean and Luo, Anna},
  journal={arXiv preprint arXiv:2210.03137},
  year={2022}
}

@article{peyre2018comparison,
  title={Comparison between W2 distance and H- 1 norm, and localization of wasserstein distance},
  author={Peyre, R{\'e}mi},
  journal={ESAIM: Control, Optimisation and Calculus of Variations},
  volume={24},
  number={4},
  pages={1489--1501},
  year={2018},
  publisher={EDP Sciences}
}

@article{borkar1988ergodic,
  title={Ergodic control of multidimensional diffusions I: The existence results},
  author={Borkar, Vivek S and Ghosh, Mrinal K},
  journal={SIAM Journal on Control and Optimization},
  volume={26},
  number={1},
  pages={112--126},
  year={1988},
  publisher={SIAM}
}

@inproceedings{NEURIPS2022_b1efde53,
 author = {Ouyang, Long and Wu, Jeffrey and Jiang, Xu and Almeida, Diogo and Wainwright, Carroll and Mishkin, Pamela and Zhang, Chong and Agarwal, Sandhini and Slama, Katarina and Ray, Alex and Schulman, John and Hilton, Jacob and Kelton, Fraser and Miller, Luke and Simens, Maddie and Askell, Amanda and Welinder, Peter and Christiano, Paul F and Leike, Jan and Lowe, Ryan},
 booktitle = {Advances in Neural Information Processing Systems},
 editor = {S. Koyejo and S. Mohamed and A. Agarwal and D. Belgrave and K. Cho and A. Oh},
 pages = {27730--27744},
 publisher = {Curran Associates, Inc.},
 title = {Training language models to follow instructions with human feedback},
 url = {https://proceedings.neurips.cc/paper_files/paper/2022/file/b1efde53be364a73914f58805a001731-Paper-Conference.pdf},
 volume = {35},
 year = {2022}
}

@book{puterman2014markov,
  title={Markov decision processes: discrete stochastic dynamic programming},
  author={Puterman, Martin L},
  year={2014},
  publisher={John Wiley \& Sons}
}

@article{bradtke1992reinforcement,
  title={Reinforcement learning applied to linear quadratic regulation},
  author={Bradtke, Steven},
  journal={Advances in neural information processing systems},
  volume={5},
  year={1992}
}

@techreport{baird1993advantage,
  title={Advantage updating},
  author={Baird III, Leemon C},
  year={1993},
  institution={WRIGHT LAB WRIGHT-PATTERSON AFB OH}
}

@article{doya2000reinforcement,
  title={Reinforcement learning in continuous time and space},
  author={Doya, Kenji},
  journal={Neural computation},
  volume={12},
  number={1},
  pages={219--245},
  year={2000},
  publisher={MIT Press One Rogers Street, Cambridge, MA 02142-1209, USA journals-info~â€¦}
}

@article{munos2006policy,
  title={Policy gradient in continuous time},
  author={Munos, R{\'e}mi},
  journal={Journal of Machine Learning Research},
  volume={7},
  pages={771--791},
  year={2006}
}

@article{vamvoudakis2017q,
  title={Q-learning for continuous-time linear systems: A model-free infinite horizon optimal control approach},
  author={Vamvoudakis, Kyriakos G},
  journal={Systems \& Control Letters},
  volume={100},
  pages={14--20},
  year={2017},
  publisher={Elsevier}
}

@inproceedings{NIPS1997_186a157b,
 author = {Munos, R\'{e}mi and Bourgine, Paul},
 booktitle = {Advances in Neural Information Processing Systems},
 editor = {M. Jordan and M. Kearns and S. Solla},
 pages = {},
 publisher = {MIT Press},
 title = {Reinforcement Learning for Continuous Stochastic Control Problems},
 url = {https://proceedings.neurips.cc/paper_files/paper/1997/file/186a157b2992e7daed3677ce8e9fe40f-Paper.pdf},
 volume = {10},
 year = {1997}
}

@article{braverman2020taylor,
  title={On the Taylor expansion of value functions},
  author={Braverman, Anton and Gurvich, Itai and Huang, Junfei},
  journal={Operations Research},
  volume={68},
  number={2},
  pages={631--654},
  year={2020},
  publisher={INFORMS}
}

@article{guo2021reinforcement,
  title={Reinforcement learning for linear-convex models with jumps via stability analysis of feedback controls},
  author={Guo, Xin and Hu, Anran and Zhang, Yufei},
  journal={arXiv preprint arXiv:2104.09311},
  year={2021}
}

@article{sutton1988learning,
  title={Learning to predict by the methods of temporal differences},
  author={Sutton, Richard S},
  journal={Machine learning},
  volume={3},
  pages={9--44},
  year={1988},
  publisher={Springer}
}

@article{bhandari2019global,
  title={Global optimality guarantees for policy gradient methods},
  author={Bhandari, Jalaj and Russo, Daniel},
  journal={arXiv preprint arXiv:1906.01786},
  year={2019}
}

@inproceedings{shani2020adaptive,
  title={Adaptive trust region policy optimization: Global convergence and faster rates for regularized mdps},
  author={Shani, Lior and Efroni, Yonathan and Mannor, Shie},
  booktitle={Proceedings of the AAAI Conference on Artificial Intelligence},
  volume={34-04},
  pages={5668--5675},
  year={2020}
}

@article{loeper2006uniqueness,
  title={Uniqueness of the solution to the Vlasov--Poisson system with bounded density},
  author={Loeper, Gr{\'e}goire},
  journal={Journal de math{\'e}matiques pures et appliqu{\'e}es},
  volume={86},
  number={1},
  pages={68--79},
  year={2006},
  publisher={Elsevier}
}

@article{zhang2020global,
  title={Global convergence of policy gradient methods to (almost) locally optimal policies},
  author={Zhang, Kaiqing and Koppel, Alec and Zhu, Hao and Basar, Tamer},
  journal={SIAM Journal on Control and Optimization},
  volume={58},
  number={6},
  pages={3586--3612},
  year={2020},
  publisher={SIAM}
}

@article{basei2022logarithmic,
  title={Logarithmic regret for episodic continuous-time linear-quadratic reinforcement learning over a finite-time horizon},
  author={Basei, Matteo and Guo, Xin and Hu, Anran and Zhang, Yufei},
  journal={Journal of Machine Learning Research},
  volume={23},
  number={178},
  pages={1--34},
  year={2022}
}

@article{bubeck2023sparks,
  title={Sparks of artificial general intelligence: Early experiments with gpt-4},
  author={Bubeck, S{\'e}bastien and Chandrasekaran, Varun and Eldan, Ronen and Gehrke, Johannes and Horvitz, Eric and Kamar, Ece and Lee, Peter and Lee, Yin Tat and Li, Yuanzhi and Lundberg, Scott and others},
  journal={arXiv preprint arXiv:2303.12712},
  year={2023}
}

@article{wang2020continuous,
  title={Continuous-time mean--variance portfolio selection: A reinforcement learning framework},
  author={Wang, Haoran and Zhou, Xun Yu},
  journal={Mathematical Finance},
  volume={30},
  number={4},
  pages={1273--1308},
  year={2020},
  publisher={Wiley Online Library}
}

@article{sallab2017deep,
  title={Deep reinforcement learning framework for autonomous driving},
  author={Sallab, Ahmad EL and Abdou, Mohammed and Perot, Etienne and Yogamani, Senthil},
  journal={arXiv preprint arXiv:1704.02532},
  year={2017}
}

@inproceedings{ling2017diagnostic,
  title={Diagnostic inferencing via improving clinical concept extraction with deep reinforcement learning: A preliminary study},
  author={Ling, Yuan and Hasan, Sadid A and Datla, Vivek and Qadir, Ashequl and Lee, Kathy and Liu, Joey and Farri, Oladimeji},
  booktitle={Machine Learning for Healthcare Conference},
  pages={271--285},
  year={2017},
  organization={PMLR}
}

@inproceedings{huang2022achieving,
  title={Achieving Mean--Variance Efficiency by Continuous-Time Reinforcement Learning},
  author={Huang, Yilie and Jia, Yanwei and Zhou, Xunyu},
  booktitle={Proceedings of the Third ACM International Conference on AI in Finance},
  pages={377--385},
  year={2022}
}

@article{dai2023learning,
  title={Learning Merton's Strategies in an Incomplete Market: Recursive Entropy Regularization and Biased Gaussian Exploration},
  author={Dai, Min and Dong, Yuchao and Jia, Yanwei and Zhou, Xun Yu},
  journal={arXiv preprint arXiv:2312.11797},
  year={2023}
}

@book{guo2009continuous,
  title={Continuous-time Markov decision processes},
  author={Guo, Xianping and Hern{\'a}ndez-Lerma, On{\'e}simo and Guo, Xianping and Hern{\'a}ndez-Lerma, On{\'e}simo},
  year={2009},
  publisher={Springer}
}

@inproceedings{haarnoja2017reinforcement,
  title={Reinforcement learning with deep energy-based policies},
  author={Haarnoja, Tuomas and Tang, Haoran and Abbeel, Pieter and Levine, Sergey},
  booktitle={International conference on machine learning},
  pages={1352--1361},
  year={2017},
  organization={PMLR}
}

@inproceedings{NEURIPS2020_e562cd9c,
 author = {Du, Jianzhun and Futoma, Joseph and Doshi-Velez, Finale},
 booktitle = {Advances in Neural Information Processing Systems},
 editor = {H. Larochelle and M. Ranzato and R. Hadsell and M.F. Balcan and H. Lin},
 pages = {19805--19816},
 publisher = {Curran Associates, Inc.},
 title = {Model-based Reinforcement Learning for Semi-Markov Decision Processes with Neural ODEs},
 url = {https://proceedings.neurips.cc/paper_files/paper/2020/file/e562cd9c0768d5464b64cf61da7fc6bb-Paper.pdf},
 volume = {33},
 year = {2020}
}

@article{kim2021hamilton,
  title={Hamilton-jacobi deep q-learning for deterministic continuous-time systems with lipschitz continuous controls},
  author={Kim, Jeongho and Shin, Jaeuk and Yang, Insoon},
  journal={The Journal of Machine Learning Research},
  volume={22},
  number={1},
  pages={9363--9396},
  year={2021},
  publisher={JMLRORG}
}

@article{LEE2021109421,
title = {Policy iterations for reinforcement learning problems in continuous time and space â€” Fundamental theory and methods},
journal = {Automatica},
volume = {126},
pages = {109421},
year = {2021},
issn = {0005-1098},
doi = {https://doi.org/10.1016/j.automatica.2020.109421},
url = {https://www.sciencedirect.com/science/article/pii/S0005109820306233},
author = {Jaeyoung Lee and Richard S. Sutton},
keywords = {Policy iteration, Reinforcement learning, Optimization under uncertainties, Continuous time and space, Iterative schemes, Adaptive systems}
}

@INPROCEEDINGS{4586628,
author={Mudchanatongsuk, Supakorn and Primbs, James A. and Wong, Wilfred},
booktitle={2008 American Control Conference}, 
title={Optimal pairs trading: A stochastic control approach}, 
year={2008},
volume={},
number={},
pages={1035-1039},
doi={10.1109/ACC.2008.4586628}}

@misc{wang2019neural,
      title={Neural Policy Gradient Methods: Global Optimality and Rates of Convergence}, 
      author={Lingxiao Wang and Qi Cai and Zhuoran Yang and Zhaoran Wang},
      year={2019},
      eprint={1909.01150},
      archivePrefix={arXiv},
      primaryClass={cs.LG}
}

@misc{liu2023neural,
      title={Neural Proximal/Trust Region Policy Optimization Attains Globally Optimal Policy}, 
      author={Boyi Liu and Qi Cai and Zhuoran Yang and Zhaoran Wang},
      year={2023},
      eprint={1906.10306},
      archivePrefix={arXiv},
      primaryClass={cs.LG}
}

@article{GAE,
  title={High-dimensional continuous control using generalized advantage estimation},
  author={Schulman, John and Moritz, Philipp and Levine, Sergey and Jordan, Michael and Abbeel, Pieter},
  journal={arXiv preprint arXiv:1506.02438},
  year={2015}
}

@inproceedings{achiam2017constrained,
  title={Constrained policy optimization},
  author={Achiam, Joshua and Held, David and Tamar, Aviv and Abbeel, Pieter},
  booktitle={International conference on machine learning},
  pages={22--31},
  year={2017},
  organization={PMLR}
}

@article{dai2022queueing,
  title={Queueing network controls via deep reinforcement learning},
  author={Dai, Jim G and Gluzman, Mark},
  journal={Stochastic Systems},
  volume={12},
  number={1},
  pages={30--67},
  year={2022},
  publisher={INFORMS}
}

@article{DDPO,
  title={Training diffusion models with reinforcement learning},
  author={Black, Kevin and Janner, Michael and Du, Yilun and Kostrikov, Ilya and Levine, Sergey},
  journal={arXiv preprint arXiv:2305.13301},
  year={2023}
}

@article{zhao2024policy,
  title={Policy optimization for continuous reinforcement learning},
  author={Zhao, Hanyang and Tang, Wenpin and Yao, David},
  journal={Advances in Neural Information Processing Systems},
  volume={36},
  year={2024}
}

@book {KP92,
    AUTHOR = {Kloeden, Peter E. and Platen, Eckhard},
     TITLE = {Numerical solution of stochastic differential equations},
    SERIES = {Applications of Mathematics (New York)},
    VOLUME = {23},
 PUBLISHER = {Springer-Verlag, Berlin},
      YEAR = {1992},
     PAGES = {xxxvi+632},
}

@article {HP86,
    AUTHOR = {Haussmann, U. G. and Pardoux, \'{E}.},
     TITLE = {Time reversal of diffusions},
   JOURNAL = {Ann. Probab.},
    VOLUME = {14},
      YEAR = {1986},
    NUMBER = {4},
     PAGES = {1188--1205},
}
		
@incollection {Quastel02,
    AUTHOR = {Quastel, Jeremy},
     TITLE = {Time reversal of degenerate diffusions},
 BOOKTITLE = {In and out of equilibrium ({M}ambucaba, 2000)},
    SERIES = {Progr. Probab.},
    VOLUME = {51},
     PAGES = {249--257},
 PUBLISHER = {Birkh\"{a}user Boston, Boston, MA},
      YEAR = {2002},
}

@incollection {Fo85,
    AUTHOR = {F\"{o}llmer, H.},
     TITLE = {An entropy approach to the time reversal of diffusion
              processes},
 BOOKTITLE = {Stochastic differential systems ({M}arseille-{L}uminy, 1984)},
    SERIES = {Lect. Notes Control Inf. Sci.},
    VOLUME = {69},
     PAGES = {156--163},
 PUBLISHER = {Springer, Berlin},
      YEAR = {1985},
}

@incollection {Fo86,
    AUTHOR = {F\"{o}llmer, H.},
     TITLE = {Time reversal on {W}iener space},
 BOOKTITLE = {Stochastic processes---mathematics and physics ({B}ielefeld,
              1984)},
    SERIES = {Lecture Notes in Math.},
    VOLUME = {1158},
     PAGES = {119--129},
 PUBLISHER = {Springer, Berlin},
      YEAR = {1986},
}

@article{CCGL21,
  title={Time reversal of diffusion processes under a finite entropy condition},
  author={Cattiaux, Patrick and Conforti, Giovanni and Gentil, Ivan and L{\'e}onard, Christian},
  journal={arXiv:2104.07708},
  year={2021},
}


@inproceedings{Song19,
  title={Generative modeling by estimating gradients of the data distribution},
  author={Song, Yang and Ermon, Stefano},
  booktitle={Neurips},
  volume={32},
  pages={11918â€“11930},
  year={2019},
}

@inproceedings{Song20SGMbySDE,
  title={Score-based generative modeling through stochastic differential equations},
  author={Song, Yang and Sohl-Dickstein, Jascha and Kingma, Diederik P and Kumar, Abhishek and Ermon, Stefano and Poole, Ben},
  booktitle={ICLR},
  year={2021},
}

@inproceedings{Ho20DDPM,
  title={Denoising diffusion probabilistic models},
  author={Ho, Jonathan and Jain, Ajay and Abbeel, Pieter},
  booktitle={Neurips},
  volume={33},
  pages={6840--6851},
  year={2020},
}

@article {Hyv05,
    AUTHOR = {Hyv\"{a}rinen, Aapo},
     TITLE = {Estimation of non-normalized statistical models by score
              matching},
   JOURNAL = {J. Mach. Learn. Res.},
    VOLUME = {6},
      YEAR = {2005},
     PAGES = {695--709},
}

@article {TZ23,
    AUTHOR = {Tang, Wenpin and Zhou, Xun Yu},
     TITLE = {Tail probability estimates of continuous-time simulated
              annealing processes},
   JOURNAL = {Numer. Algebra Control Optim.},
    VOLUME = {13},
      YEAR = {2023},
    NUMBER = {3-4},
     PAGES = {473--485},
}

@inproceedings{DV21,
  title={Diffusion Schr{\"o}dinger bridge with applications to score-based generative modeling},
  author={De Bortoli, Valentin and Thornton, James and Heng, Jeremy and Doucet, Arnaud},
  booktitle={Neurips},
  volume={34},
  pages={17695--17709},
  year={2021},
}

@article{de2022DM_manifold,
  title={Convergence of denoising diffusion models under the manifold hypothesis},
  author={De Bortoli, Valentin},
  journal={arXiv preprint arXiv:2208.05314},
  year={2022}
}


@article{FK23,
  title={Diffusion Models for Constrained Domains},
  author={Fishman, Nic and Klarner, Leo and De Bortoli, Valentin and Mathieu, Emile and Hutchinson, Michael},
  journal={arXiv:2304.05364},
  year={2023},
}

@book {MT04,
    AUTHOR = {Milstein, G. N. and Tretyakov, M. V.},
     TITLE = {Stochastic numerics for mathematical physics},
    SERIES = {Scientific Computation},
 PUBLISHER = {Springer-Verlag, Berlin},
      YEAR = {2004},
     PAGES = {xx+594},
}

@article{RDD22,
  title={Categorical {S}{D}{E}s with simplex diffusion},
  author={Richemond, Pierre H and Dieleman, Sander and Doucet, Arnaud},
  journal={arXiv:2210.14784},
  year={2022},
}

@article{DS22,
  title={Continuous diffusion for categorical data},
  author={Dieleman, Sander and Sartran, Laurent and Roshannai, Arman and Savinov, Nikolay and Ganin, Yaroslav and Richemond, Pierre H and Doucet, Arnaud and Strudel, Robin and Dyer, Chris and Durkan, Conor},
  journal={arXiv preprint arXiv:2211.15089},
  year={2022},
}

@article{LE23,
  title={Reflected Diffusion Models},
  author={Lou, Aaron and Ermon, Stefano},
  journal={arXiv:2304.04740},
  year={2023},
}

@article{ZTY23,
  title={Policy optimization for continuous reinforcement learning},
  author={Zhao, Hanyang and Tang, Wenpin and Yao, David D},
  journal={arXiv:2305.18901},
  year={2023},
}

@article {OV00,
    AUTHOR = {Otto, F. and Villani, C.},
     TITLE = {Generalization of an inequality by {T}alagrand and links with
              the logarithmic {S}obolev inequality},
   JOURNAL = {J. Funct. Anal.},
    VOLUME = {173},
      YEAR = {2000},
    NUMBER = {2},
     PAGES = {361--400},
}

@phdthesis{Sch12,
  title={The {E}yring-{K}ramers formula for {P}oincar{\'e} and logarithmic {S}obolev inequalities},
  author={Schlichting, Andr{\'e}},
  school = {Universit{\"{a}}t Leipzig},
  note={Available at \url{http://nbn-resolving.de/urn:nbn:de:bsz:15-qucosa-97965}},
  year = {2012},
}

@incollection {BE85,
    AUTHOR = {Bakry, D. and \'{E}mery, Michel},
     TITLE = {Diffusions hypercontractives},
 BOOKTITLE = {S\'{e}minaire de probabilit\'{e}s, {XIX}, 1983/84},
    SERIES = {Lecture Notes in Math.},
    VOLUME = {1123},
     PAGES = {177--206},
 PUBLISHER = {Springer, Berlin},
      YEAR = {1985},
}

@book{bakry2014analysis,
  title={Analysis and geometry of Markov diffusion operators},
  author={Bakry, Dominique and Gentil, Ivan and Ledoux, Michel and others},
  volume={103},
  year={2014},
  publisher={Springer}
}

@book{liptser1977statistics,
  title={Statistics of random processes: General theory},
  author={Liptser, Robert Shevilevich and Shiraev, A N},
  volume={394},
  year={1977},
  publisher={Springer}
}

@article{block2020generative,
  title={Generative modeling with denoising auto-encoders and Langevin sampling},
  author={Block, Adam and Mroueh, Youssef and Rakhlin, Alexander},
  journal={arXiv preprint arXiv:2002.00107},
  year={2020}
}

@article{li2023towards,
  title={Towards Faster Non-Asymptotic Convergence for Diffusion-Based Generative Models},
  author={Li, Gen and Wei, Yuting and Chen, Yuxin and Chi, Yuejie},
  journal={arXiv preprint arXiv:2306.09251},
  year={2023}
}

@inproceedings{chen2023restoration,
  title={Restoration-degradation beyond linear diffusions: A non-asymptotic analysis for DDIM-type samplers},
  author={Chen, Sitan and Daras, Giannis and Dimakis, Alex},
  booktitle={International Conference on Machine Learning},
  pages={4462--4484},
  year={2023},
  organization={PMLR}
}

@article{chen2022sampling,
  title={Sampling is as easy as learning the score: theory for diffusion models with minimal data assumptions},
  author={Chen, Sitan and Chewi, Sinho and Li, Jerry and Li, Yuanzhi and Salim, Adil and Zhang, Anru R},
  journal={arXiv preprint arXiv:2209.11215},
  year={2022}
}

@book{kloeden1992stochastic,
  title={Stochastic differential equations},
  author={Kloeden, Peter E and Platen, Eckhard and Kloeden, Peter E and Platen, Eckhard},
  year={1992},
  publisher={Springer}
}

@inproceedings{song2020sliced,
  title={Sliced score matching: A scalable approach to density and score estimation},
  author={Song, Yang and Garg, Sahaj and Shi, Jiaxin and Ermon, Stefano},
  booktitle={Uncertainty in Artificial Intelligence},
  pages={574--584},
  year={2020},
  organization={PMLR}
}

@article{vincent2011connection,
  title={A connection between score matching and denoising autoencoders},
  author={Vincent, Pascal},
  journal={Neural computation},
  volume={23},
  number={7},
  pages={1661--1674},
  year={2011},
  publisher={MIT Press}
}

@article{borji2019pros,
  title={Pros and cons of gan evaluation measures},
  author={Borji, Ali},
  journal={Computer vision and image understanding},
  volume={179},
  pages={41--65},
  year={2019},
  publisher={Elsevier}
}

@inproceedings{sohl2015deep,
  title={Deep unsupervised learning using nonequilibrium thermodynamics},
  author={Sohl-Dickstein, Jascha and Weiss, Eric and Maheswaranathan, Niru and Ganguli, Surya},
  booktitle={International conference on machine learning},
  pages={2256--2265},
  year={2015},
  organization={PMLR}
}

@article{dhariwal2021diffusion,
  title={Diffusion models beat gans on image synthesis},
  author={Dhariwal, Prafulla and Nichol, Alexander},
  journal={Advances in neural information processing systems},
  volume={34},
  pages={8780--8794},
  year={2021}
}

@article{kingma2021variationalDM,
  title={Variational diffusion models},
  author={Kingma, Diederik and Salimans, Tim and Poole, Ben and Ho, Jonathan},
  journal={Advances in neural information processing systems},
  volume={34},
  pages={21696--21707},
  year={2021}
}

@article{vahdat2021SGMlatent,
  title={Score-based generative modeling in latent space},
  author={Vahdat, Arash and Kreis, Karsten and Kautz, Jan},
  journal={Advances in Neural Information Processing Systems},
  volume={34},
  pages={11287--11302},
  year={2021}
}

@article{ramesh2022DALLÂ·E2,
  title={Hierarchical text-conditional image generation with clip latents},
  author={Ramesh, Aditya and Dhariwal, Prafulla and Nichol, Alex and Chu, Casey and Chen, Mark},
  journal={arXiv preprint arXiv:2204.06125},
  volume={1},
  number={2},
  pages={3},
  year={2022}
}

@article{pidstrigach2022score,
  title={Score-based generative models detect manifolds},
  author={Pidstrigach, Jakiw},
  journal={Advances in Neural Information Processing Systems},
  volume={35},
  pages={35852--35865},
  year={2022}
}

@article{chen2023score_low-dimension,
  title={Score approximation, estimation and distribution recovery of diffusion models on low-dimensional data},
  author={Chen, Minshuo and Huang, Kaixuan and Zhao, Tuo and Wang, Mengdi},
  journal={arXiv preprint arXiv:2302.07194},
  year={2023}
}

@article{oko2023diffusion_minimax-optimal,
  title={Diffusion models are minimax optimal distribution estimators},
  author={Oko, Kazusato and Akiyama, Shunta and Suzuki, Taiji},
  journal={arXiv preprint arXiv:2303.01861},
  year={2023}
}

@article{mei2023deep,
  title={Deep Networks as Denoising Algorithms: Sample-Efficient Learning of Diffusion Models in High-Dimensional Graphical Models},
  author={Mei, Song and Wu, Yuchen},
  journal={arXiv preprint arXiv:2309.11420},
  year={2023}
}

@article{koehler2022statistical,
  title={Statistical efficiency of score matching: The view from isoperimetry},
  author={Koehler, Frederic and Heckett, Alexander and Risteski, Andrej},
  journal={arXiv preprint arXiv:2210.00726},
  year={2022}
}

@book{AppliedSDE,
  title={Applied stochastic differential equations},
  author={S{\"a}rkk{\"a}, Simo and Solin, Arno},
  volume={10},
  year={2019},
  publisher={Cambridge University Press}
}

@book{StochasticFilteringBook,
  title={Fundamentals of stochastic filtering},
  author={Bain, Alan and Crisan, Dan},
  volume={3},
  year={2009},
  publisher={Springer}
}

@misc{guo2023hierarchical,
      title={Hierarchical Grammar-Induced Geometry for Data-Efficient Molecular Property Prediction}, 
      author={Minghao Guo and Veronika Thost and Samuel W Song and Adithya Balachandran and Payel Das and Jie Chen and Wojciech Matusik},
      year={2023},
      eprint={2309.01788},
      archivePrefix={arXiv},
      primaryClass={cs.LG}
}

@misc{yim2023se3,
      title={SE(3) diffusion model with application to protein backbone generation}, 
      author={Jason Yim and Brian L. Trippe and Valentin De Bortoli and Emile Mathieu and Arnaud Doucet and Regina Barzilay and Tommi Jaakkola},
      year={2023},
      eprint={2302.02277},
      archivePrefix={arXiv},
      primaryClass={cs.LG}
}

@article{ouyang2022training,
  title={Training language models to follow instructions with human feedback},
  author={Ouyang, Long and Wu, Jeffrey and Jiang, Xu and Almeida, Diogo and Wainwright, Carroll and Mishkin, Pamela and Zhang, Chong and Agarwal, Sandhini and Slama, Katarina and Ray, Alex and others},
  journal={Advances in Neural Information Processing Systems},
  volume={35},
  pages={27730--27744},
  year={2022}
}

@inproceedings{StableDiffusion,
  title={High-resolution image synthesis with latent diffusion models},
  author={Rombach, Robin and Blattmann, Andreas and Lorenz, Dominik and Esser, Patrick and Ommer, Bj{\"o}rn},
  booktitle={Proceedings of the IEEE/CVF conference on computer vision and pattern recognition},
  pages={10684--10695},
  year={2022}
}

@article{Imagen,
  title={Photorealistic text-to-image diffusion models with deep language understanding},
  author={Saharia, Chitwan and Chan, William and Saxena, Saurabh and Li, Lala and Whang, Jay and Denton, Emily L and Ghasemipour, Kamyar and Gontijo Lopes, Raphael and Karagol Ayan, Burcu and Salimans, Tim and others},
  journal={Advances in Neural Information Processing Systems},
  volume={35},
  pages={36479--36494},
  year={2022}
}

@article{DALLE2,
  title={Hierarchical text-conditional image generation with clip latents},
  author={Ramesh, Aditya and Dhariwal, Prafulla and Nichol, Alex and Chu, Casey and Chen, Mark},
  journal={arXiv preprint arXiv:2204.06125},
  volume={1},
  number={2},
  pages={3},
  year={2022}
}

@article{DALLE3,
  title={Improving image captioning with better use of captions},
  author={Shi, Zhan and Zhou, Xu and Qiu, Xipeng and Zhu, Xiaodan},
  journal={arXiv preprint arXiv:2006.11807},
  year={2020}
}

@article{ho2022imagen-video,
  title={Imagen video: High definition video generation with diffusion models},
  author={Ho, Jonathan and Chan, William and Saharia, Chitwan and Whang, Jay and Gao, Ruiqi and Gritsenko, Alexey and Kingma, Diederik P and Poole, Ben and Norouzi, Mohammad and Fleet, David J and others},
  journal={arXiv preprint arXiv:2210.02303},
  year={2022}
}

@article{xu2022geodiff,
  title={Geodiff: A geometric diffusion model for molecular conformation generation},
  author={Xu, Minkai and Yu, Lantao and Song, Yang and Shi, Chence and Ermon, Stefano and Tang, Jian},
  journal={arXiv preprint arXiv:2203.02923},
  year={2022}
}

@article{janner2022planning,
  title={Planning with diffusion for flexible behavior synthesis},
  author={Janner, Michael and Du, Yilun and Tenenbaum, Joshua B and Levine, Sergey},
  journal={arXiv preprint arXiv:2205.09991},
  year={2022}
}

@article{wang2022diffusion,
  title={Diffusion policies as an expressive policy class for offline reinforcement learning},
  author={Wang, Zhendong and Hunt, Jonathan J and Zhou, Mingyuan},
  journal={arXiv preprint arXiv:2208.06193},
  year={2022}
}

@article{luccioni2023stable,
  title={Stable bias: Analyzing societal representations in diffusion models},
  author={Luccioni, Alexandra Sasha and Akiki, Christopher and Mitchell, Margaret and Jernite, Yacine},
  journal={arXiv preprint arXiv:2303.11408},
  year={2023}
}

@article{feng2022training,
  title={Training-free structured diffusion guidance for compositional text-to-image synthesis},
  author={Feng, Weixi and He, Xuehai and Fu, Tsu-Jui and Jampani, Varun and Akula, Arjun and Narayana, Pradyumna and Basu, Sugato and Wang, Xin Eric and Wang, William Yang},
  journal={arXiv preprint arXiv:2212.05032},
  year={2022}
}

@article{gokhale2022benchmarking,
  title={Benchmarking spatial relationships in text-to-image generation},
  author={Gokhale, Tejas and Palangi, Hamid and Nushi, Besmira and Vineet, Vibhav and Horvitz, Eric and Kamar, Ece and Baral, Chitta and Yang, Yezhou},
  journal={arXiv preprint arXiv:2212.10015},
  year={2022}
}

@article{lee2023aligning,
  title={Aligning text-to-image models using human feedback},
  author={Lee, Kimin and Liu, Hao and Ryu, Moonkyung and Watkins, Olivia and Du, Yuqing and Boutilier, Craig and Abbeel, Pieter and Ghavamzadeh, Mohammad and Gu, Shixiang Shane},
  journal={arXiv preprint arXiv:2302.12192},
  year={2023}
}

@article{DPOK,
  title={DPOK: Reinforcement Learning for Fine-tuning Text-to-Image Diffusion Models},
  author={Fan, Ying and Watkins, Olivia and Du, Yuqing and Liu, Hao and Ryu, Moonkyung and Boutilier, Craig and Abbeel, Pieter and Ghavamzadeh, Mohammad and Lee, Kangwook and Lee, Kimin},
  journal={arXiv preprint arXiv:2305.16381},
  year={2023}
}

@article{hao2022optimizing,
  title={Optimizing prompts for text-to-image generation},
  author={Hao, Yaru and Chi, Zewen and Dong, Li and Wei, Furu},
  journal={arXiv preprint arXiv:2212.09611},
  year={2022}
}

@article{fan2023optimizing,
  title={Optimizing ddpm sampling with shortcut fine-tuning},
  author={Fan, Ying and Lee, Kangwook},
  journal={arXiv preprint arXiv:2301.13362},
  year={2023}
}

@article{song2023consistency,
  title={Consistency models},
  author={Song, Yang and Dhariwal, Prafulla and Chen, Mark and Sutskever, Ilya},
  journal={arXiv preprint arXiv:2303.01469},
  year={2023}
}

@article{Tang24,
  title={Fine-tuning of diffusion models via stochastic control: entropy regularization and beyond},
  author={Tang, Wenpin},
  journal={arXiv:2403.06279},
  year={2024},
}

@article{song2023improved,
  title={Improved techniques for training consistency models},
  author={Song, Yang and Dhariwal, Prafulla},
  journal={arXiv preprint arXiv:2310.14189},
  year={2023}
}

@article{papamakarios2021normalizing,
  title={Normalizing flows for probabilistic modeling and inference},
  author={Papamakarios, George and Nalisnick, Eric and Rezende, Danilo Jimenez and Mohamed, Shakir and Lakshminarayanan, Balaji},
  journal={The Journal of Machine Learning Research},
  volume={22},
  number={1},
  pages={2617--2680},
  year={2021},
  publisher={JMLRORG}
}

@article{huang2021variational,
  title={A variational perspective on diffusion-based generative models and score matching},
  author={Huang, Chin-Wei and Lim, Jae Hyun and Courville, Aaron C},
  journal={Advances in Neural Information Processing Systems},
  volume={34},
  pages={22863--22876},
  year={2021}
}

@article{song2021maximum,
  title={Maximum likelihood training of score-based diffusion models},
  author={Song, Yang and Durkan, Conor and Murray, Iain and Ermon, Stefano},
  journal={Advances in Neural Information Processing Systems},
  volume={34},
  pages={1415--1428},
  year={2021}
}

@article{song2021solving,
  title={Solving inverse problems in medical imaging with score-based generative models},
  author={Song, Yang and Shen, Liyue and Xing, Lei and Ermon, Stefano},
  journal={arXiv preprint arXiv:2111.08005},
  year={2021}
}

@article{salimans2022progressive,
  title={Progressive distillation for fast sampling of diffusion models},
  author={Salimans, Tim and Ho, Jonathan},
  journal={arXiv preprint arXiv:2202.00512},
  year={2022}
}

@article{DDIM,
  title={Denoising diffusion implicit models},
  author={Song, Jiaming and Meng, Chenlin and Ermon, Stefano},
  journal={arXiv preprint arXiv:2010.02502},
  year={2020}
}

@article{uehara2024continuous-fine-tune,
  title={Fine-Tuning of Continuous-Time Diffusion Models as Entropy-Regularized Control},
  author={Uehara, Masatoshi and Zhao, Yulai and Black, Kevin and Hajiramezanali, Ehsan and Scalia, Gabriele and Diamant, Nathaniel Lee and Tseng, Alex M and Biancalani, Tommaso and Levine, Sergey},
  journal={arXiv preprint arXiv:2402.15194},
  year={2024}
}

@article{uehara2024feedback,
  title={Feedback Efficient Online Fine-Tuning of Diffusion Models},
  author={Uehara, Masatoshi and Zhao, Yulai and Black, Kevin and Hajiramezanali, Ehsan and Scalia, Gabriele and Diamant, Nathaniel Lee and Tseng, Alex M and Levine, Sergey and Biancalani, Tommaso},
  journal={arXiv preprint arXiv:2402.16359},
  year={2024}
}

@article{DiffusionFairness,
  title={Finetuning Text-to-Image Diffusion Models for Fairness},
  author={Shen, Xudong and Du, Chao and Pang, Tianyu and Lin, Min and Wong, Yongkang and Kankanhalli, Mohan},
  journal={arXiv preprint arXiv:2311.07604},
  year={2023}
}

@article{CDPM,
  title={Contractive diffusion probabilistic models},
  author={Tang, Wenpin and Zhao, Hanyang},
  journal={arXiv preprint arXiv:2401.13115},
  year={2024}
}

@article{zhao2024scores,
  title={Scores as Actions: a framework of fine-tuning diffusion models by continuous-time reinforcement learning},
  author={Zhao, Hanyang and Chen, Haoxian and Zhang, Ji and Yao, David D and Tang, Wenpin},
  journal={arXiv preprint arXiv:2409.08400},
  year={2024},
}

@article{winata2024preference,
  title={Preference tuning with human feedback on language, speech, and vision tasks: A survey},
  author={Winata, Genta Indra and Zhao, Hanyang and Das, Anirban and Tang, Wenpin and Yao, David D and Zhang, Shi-Xiong and Sahu, Sambit},
  journal={arXiv preprint arXiv:2409.11564},
  year={2024},
}

@article{SBDM_tutorial,
  title={Score-based Diffusion Models via Stochastic Differential Equations--a Technical Tutorial},
  author={Tang, Wenpin and Zhao, Hanyang},
  journal={arXiv preprint arXiv:2402.07487},
  year={2024}
}

@article{RectifiedFlow,
  title={Flow straight and fast: Learning to generate and transfer data with rectified flow},
  author={Liu, Xingchao and Gong, Chengyue and Liu, Qiang},
  journal={arXiv preprint arXiv:2209.03003},
  year={2022}
}

@inproceedings{InstaFlow,
  title={Instaflow: One step is enough for high-quality diffusion-based text-to-image generation},
  author={Liu, Xingchao and Zhang, Xiwen and Ma, Jianzhu and Peng, Jian and others},
  booktitle={The Twelfth International Conference on Learning Representations},
  year={2023}
}

@article{StableDiffusionv3,
  title={Scaling Rectified Flow Transformers for High-Resolution Image Synthesis},
  author={Esser, Patrick and Kulal, Sumith and Blattmann, Andreas and Entezari, Rahim and M{\"u}ller, Jonas and Saini, Harry and Levi, Yam and Lorenz, Dominik and Sauer, Axel and Boesel, Frederic and others},
  journal={arXiv preprint arXiv:2403.03206},
  year={2024}
}

@article{zhang2022fast,
  title={Fast sampling of diffusion models with exponential integrator},
  author={Zhang, Qinsheng and Chen, Yongxin},
  journal={arXiv preprint arXiv:2204.13902},
  year={2022}
}

@article{zhang2022gddim,
  title={gddim: Generalized denoising diffusion implicit models},
  author={Zhang, Qinsheng and Tao, Molei and Chen, Yongxin},
  journal={arXiv preprint arXiv:2206.05564},
  year={2022}
}

@article{karras2022elucidating,
  title={Elucidating the design space of diffusion-based generative models},
  author={Karras, Tero and Aittala, Miika and Aila, Timo and Laine, Samuli},
  journal={Advances in Neural Information Processing Systems},
  volume={35},
  pages={26565--26577},
  year={2022}
}

@inproceedings{CLIP,
  title={Learning transferable visual models from natural language supervision},
  author={Radford, Alec and Kim, Jong Wook and Hallacy, Chris and Ramesh, Aditya and Goh, Gabriel and Agarwal, Sandhini and Sastry, Girish and Askell, Amanda and Mishkin, Pamela and Clark, Jack and others},
  booktitle={International conference on machine learning},
  pages={8748--8763},
  year={2021},
  organization={PMLR}
}

@inproceedings{BLIP,
  title={Blip: Bootstrapping language-image pre-training for unified vision-language understanding and generation},
  author={Li, Junnan and Li, Dongxu and Xiong, Caiming and Hoi, Steven},
  booktitle={International conference on machine learning},
  pages={12888--12900},
  year={2022},
  organization={PMLR}
}

@article{ImageReward,
  title={Imagereward: Learning and evaluating human preferences for text-to-image generation},
  author={Xu, Jiazheng and Liu, Xiao and Wu, Yuchen and Tong, Yuxuan and Li, Qinkai and Ding, Ming and Tang, Jie and Dong, Yuxiao},
  journal={Advances in Neural Information Processing Systems},
  volume={36},
  year={2024}
}


@article{cifar10,
  title={Learning multiple layers of features from tiny images},
  author={Krizhevsky, Alex and Hinton, Geoffrey and others},
  year={2009},
  publisher={Toronto, ON, Canada}
}


@article{fid,
  title={Gans trained by a two time-scale update rule converge to a local nash equilibrium},
  author={Heusel, Martin and Ramsauer, Hubert and Unterthiner, Thomas and Nessler, Bernhard and Hochreiter, Sepp},
  journal={Advances in neural information processing systems},
  volume={30},
  year={2017}
}

@article{dxmi,
  title={Maximum Entropy Inverse Reinforcement Learning of Diffusion Models with Energy-Based Models},
  author={Yoon, Sangwoong and Hwang, Himchan and Kwon, Dohyun and Noh, Yung-Kyun and Park, Frank C},
  journal={arXiv preprint arXiv:2407.00626},
  year={2024}
}

@article{hu2021lora,
  title={Lora: Low-rank adaptation of large language models},
  author={Hu, Edward J and Shen, Yelong and Wallis, Phillip and Allen-Zhu, Zeyuan and Li, Yuanzhi and Wang, Shean and Wang, Lu and Chen, Weizhu},
  journal={arXiv preprint arXiv:2106.09685},
  year={2021}
}


@inproceedings{diffusiondpo,
  title={Diffusion model alignment using direct preference optimization},
  author={Wallace, Bram and Dang, Meihua and Rafailov, Rafael and Zhou, Linqi and Lou, Aaron and Purushwalkam, Senthil and Ermon, Stefano and Xiong, Caiming and Joty, Shafiq and Naik, Nikhil},
  booktitle={Proceedings of the IEEE/CVF Conference on Computer Vision and Pattern Recognition},
  pages={8228--8238},
  year={2024}
}

@inproceedings{tango2,
  title={Tango 2: Aligning diffusion-based text-to-audio generations through direct preference optimization},
  author={Majumder, Navonil and Hung, Chia-Yu and Ghosal, Deepanway and Hsu, Wei-Ning and Mihalcea, Rada and Poria, Soujanya},
  booktitle={Proceedings of the 32nd ACM International Conference on Multimedia},
  pages={564--572},
  year={2024}
}

@article{dppo,
  title={Diffusion policy policy optimization},
  author={Ren, Allen Z and Lidard, Justin and Ankile, Lars L and Simeonov, Anthony and Agrawal, Pulkit and Majumdar, Anirudha and Burchfiel, Benjamin and Dai, Hongkai and Simchowitz, Max},
  journal={arXiv preprint arXiv:2409.00588},
  year={2024}
}


@inproceedings{yang2024using,
  title={Using human feedback to fine-tune diffusion models without any reward model},
  author={Yang, Kai and Tao, Jian and Lyu, Jiafei and Ge, Chunjiang and Chen, Jiaxin and Shen, Weihan and Zhu, Xiaolong and Li, Xiu},
  booktitle={Proceedings of the IEEE/CVF Conference on Computer Vision and Pattern Recognition},
  pages={8941--8951},
  year={2024}
}


@article{yuan2024self,
  title={Self-play fine-tuning of diffusion models for text-to-image generation},
  author={Yuan, Huizhuo and Chen, Zixiang and Ji, Kaixuan and Gu, Quanquan},
  journal={arXiv preprint arXiv:2402.10210},
  year={2024}
}

@article{li2024aligning,
  title={Aligning diffusion models by optimizing human utility},
  author={Li, Shufan and Kallidromitis, Konstantinos and Gokul, Akash and Kato, Yusuke and Kozuka, Kazuki},
  journal={arXiv preprint arXiv:2404.04465},
  year={2024}
}

@article{domingo2024adjoint,
  title={Adjoint matching: Fine-tuning flow and diffusion generative models with memoryless stochastic optimal control},
  author={Domingo-Enrich, Carles and Drozdzal, Michal and Karrer, Brian and Chen, Ricky TQ},
  journal={arXiv preprint arXiv:2409.08861},
  year={2024}
}

@article{gao2024reward,
  title={Reward-directed score-based diffusion models via q-learning},
  author={Gao, Xuefeng and Zha, Jiale and Zhou, Xun Yu},
  journal={arXiv preprint arXiv:2409.04832},
  year={2024}
}