%Introductions-------------------


%BO applications
%Hyperparameter Search
@article{snoek2012practical,
  title={Practical bayesian optimization of machine learning algorithms},
  author={Snoek, Jasper and Larochelle, Hugo and Adams, Ryan P},
  journal={Advances in neural information processing systems},
  volume={25},
  year={2012}
}


@inproceedings{turner2021bayesian,
  title={Bayesian optimization is superior to random search for machine learning hyperparameter tuning: Analysis of the black-box optimization challenge 2020},
  author={Turner, Ryan and Eriksson, David and McCourt, Michael and Kiili, Juha and Laaksonen, Eero and Xu, Zhen and Guyon, Isabelle},
  booktitle={NeurIPS 2020 Competition and Demonstration Track},
  pages={3--26},
  year={2021},
  organization={PMLR}
}


%chemical engineering
@inproceedings{hernandez2017parallel,
  title={Parallel and distributed Thompson sampling for large-scale accelerated exploration of chemical space},
  author={Hern{\'a}ndez-Lobato, Jos{\'e} Miguel and Requeima, James and Pyzer-Knapp, Edward O and Aspuru-Guzik, Al{\'a}n},
  booktitle={International conference on machine learning},
  pages={1470--1479},
  year={2017},
  organization={PMLR}
}

%drug discovery
@article{negoescu2011knowledge,
  title={The knowledge-gradient algorithm for sequencing experiments in drug discovery},
  author={Negoescu, Diana M and Frazier, Peter I and Powell, Warren B},
  journal={INFORMS Journal on Computing},
  volume={23},
  number={3},
  pages={346--363},
  year={2011},
  publisher={INFORMS}
}

%control systems
@article{candelieri2018bayesian,
  title={Bayesian optimization of pump operations in water distribution systems},
  journal={Journal of Global Optimization},
  author={Candelieri, A and Perego, R and Archetti, F and others},
  volume={71},
  pages={213--235},
  year={2018},
  publisher={Springer}
}

@article{shahriari2015taking,
  title={Taking the human out of the loop: A review of Bayesian optimization},
  author={Shahriari, Bobak and Swersky, Kevin and Wang, Ziyu and Adams, Ryan P and De Freitas, Nando},
  journal={Proceedings of the IEEE},
  volume={104},
  number={1},
  pages={148--175},
  year={2015},
  publisher={IEEE}
}

@article{brochu2010tutorial,
  title={A tutorial on Bayesian optimization of expensive cost functions, with application to active user modeling and hierarchical reinforcement learning},
  author={Brochu, Eric and Cora, Vlad M and De Freitas, Nando},
  journal={arXiv preprint arXiv:1012.2599},
  year={2010}
}

@inproceedings{kandasamy2015high,
  title={High dimensional Bayesian optimisation and bandits via additive models},
  author={Kandasamy, Kirthevasan and Schneider, Jeff and P{\'o}czos, Barnab{\'a}s},
  booktitle={International conference on machine learning},
  pages={295--304},
  year={2015},
  organization={PMLR}
}

@article{letham2020re,
  title={Re-examining linear embeddings for high-dimensional Bayesian optimization},
  author={Letham, Ben and Calandra, Roberto and Rai, Akshara and Bakshy, Eytan},
  journal={Advances in neural information processing systems},
  volume={33},
  pages={1546--1558},
  year={2020}
}

%EBO
@inproceedings{wang2018batched,
  title={Batched large-scale Bayesian optimization in high-dimensional spaces},
  author={Wang, Zi and Gehring, Clement and Kohli, Pushmeet and Jegelka, Stefanie},
  booktitle={International Conference on Artificial Intelligence and Statistics},
  pages={745--754},
  year={2018},
  organization={PMLR}
}

%turbo
@article{eriksson2019scalable,
  title={Scalable global optimization via local Bayesian optimization},
  author={Eriksson, David and Pearce, Michael and Gardner, Jacob and Turner, Ryan D and Poloczek, Matthias},
  journal={Advances in neural information processing systems},
  volume={32},
  year={2019}
}

%variable selection methods
@inproceedings{chen2012joint,
  title={Joint optimization and variable selection of high-dimensional Gaussian processes},
  author={Chen, B and Castro, RM and Krause, A},
  booktitle={26th International Conference on Machine Learning (ICML 2009)},
  pages={1423--1430},
  year={2012}
}

%linear embeddings
@inproceedings{garnett2014active,
  title={Active learning of linear embeddings for Gaussian processes},
  author={Garnett, Roman and Osborne, Michael A and Hennig, Philipp},
  booktitle={Proceedings of the Thirtieth Conference on Uncertainty in Artificial Intelligence},
  pages={230--239},
  year={2014}
}

%HesBO
@inproceedings{nayebi2019framework,
  title={A framework for Bayesian optimization in embedded subspaces},
  author={Nayebi, Amin and Munteanu, Alexander and Poloczek, Matthias},
  booktitle={International Conference on Machine Learning},
  pages={4752--4761},
  year={2019},
  organization={PMLR}
}


%additive structure
@article{duvenaud2011additive,
  title={Additive gaussian processes},
  author={Duvenaud, David K and Nickisch, Hannes and Rasmussen, Carl},
  journal={Advances in neural information processing systems},
  volume={24},
  year={2011}
}

@inproceedings{rolland2018high,
  title={High-dimensional Bayesian optimization via additive models with overlapping groups},
  author={Rolland, Paul and Scarlett, Jonathan and Bogunovic, Ilija and Cevher, Volkan},
  booktitle={International conference on artificial intelligence and statistics},
  pages={298--307},
  year={2018},
  organization={PMLR}
}

%LA-MCTS
@article{wang2020learning,
  title={Learning search space partition for black-box optimization using monte carlo tree search},
  author={Wang, Linnan and Fonseca, Rodrigo and Tian, Yuandong},
  journal={Advances in Neural Information Processing Systems},
  volume={33},
  pages={19511--19522},
  year={2020}
}

%MINs
@article{kumar2020model,
  title={Model inversion networks for model-based optimization},
  author={Kumar, Aviral and Levine, Sergey},
  journal={Advances in neural information processing systems},
  volume={33},
  pages={5126--5137},
  year={2020}
}

%CbAS
@inproceedings{brookes2019conditioning,
  title={Conditioning by adaptive sampling for robust design},
  author={Brookes, David and Park, Hahnbeom and Listgarten, Jennifer},
  booktitle={International conference on machine learning},
  pages={773--782},
  year={2019},
  organization={PMLR}
}

%diffbbo
@article{wu2024diff,
  title={Diff-BBO: Diffusion-Based Inverse Modeling for Black-Box Optimization},
  author={Wu, Dongxia and Kuang, Nikki Lijing and Niu, Ruijia and Ma, Yi-An and Yu, Rose},
  journal={arXiv preprint arXiv:2407.00610},
  year={2024}
}

@article{ament2023unexpected,
  title={Unexpected improvements to expected improvement for bayesian optimization},
  author={Ament, Sebastian and Daulton, Samuel and Eriksson, David and Balandat, Maximilian and Bakshy, Eytan},
  journal={Advances in Neural Information Processing Systems},
  volume={36},
  pages={20577--20612},
  year={2023}
}

@inproceedings{oh2018bock,
  title={BOCK: Bayesian optimization with cylindrical kernels},
  author={Oh, ChangYong and Gavves, Efstratios and Welling, Max},
  booktitle={International Conference on Machine Learning},
  pages={3868--3877},
  year={2018},
  organization={PMLR}
}

%ddom
@inproceedings{krishnamoorthy2023diffusion,
  title={Diffusion models for black-box optimization},
  author={Krishnamoorthy, Siddarth and Mashkaria, Satvik Mehul and Grover, Aditya},
  booktitle={International Conference on Machine Learning},
  pages={17842--17857},
  year={2023},
  organization={PMLR}
}

%Preliminaries

@inproceedings{jain2022biological,
  title={Biological sequence design with gflownets},
  author={Jain, Moksh and Bengio, Emmanuel and Hernandez-Garcia, Alex and Rector-Brooks, Jarrid and Dossou, Bonaventure FP and Ekbote, Chanakya Ajit and Fu, Jie and Zhang, Tianyu and Kilgour, Michael and Zhang, Dinghuai and others},
  booktitle={International Conference on Machine Learning},
  pages={9786--9801},
  year={2022},
  organization={PMLR}
}

@inproceedings{kim2024improved,
  title={Improved Off-policy Reinforcement Learning in Biological Sequence Design},
  author={Kim, Hyeonah and Kim, Minsu and Yun, Taeyoung and Choi, Sanghyeok and Bengio, Emmanuel and Hern{\'a}ndez-Garc{\'\i}a, Alex and Park, Jinkyoo},
  booktitle={NeurIPS 2024 Workshop on AI for New Drug Modalities},
  year={2024},
}

%Diffusion Prob model
@inproceedings{sohl2015deep,
  title={Deep unsupervised learning using nonequilibrium thermodynamics},
  author={Sohl-Dickstein, Jascha and Weiss, Eric and Maheswaranathan, Niru and Ganguli, Surya},
  booktitle={International conference on machine learning},
  pages={2256--2265},
  year={2015},
  organization={PMLR}
}

@article{ho2020denoising,
  title={Denoising diffusion probabilistic models},
  author={Ho, Jonathan and Jain, Ajay and Abbeel, Pieter},
  journal={Advances in neural information processing systems},
  volume={33},
  pages={6840--6851},
  year={2020}
}

@inproceedings{chung2023diffusion,
  title={Diffusion Posterior Sampling for General Noisy Inverse Problems},
  author={Chung, Hyungjin and Kim, Jeongsol and Mccann, Michael Thompson and Klasky, Marc Louis and Ye, Jong Chul},
  booktitle={The Eleventh International Conference on Learning Representations},
  year={2023}
}

@inproceedings{lu2023contrastive,
  title={Contrastive energy prediction for exact energy-guided diffusion sampling in offline reinforcement learning},
  author={Lu, Cheng and Chen, Huayu and Chen, Jianfei and Su, Hang and Li, Chongxuan and Zhu, Jun},
  booktitle={International Conference on Machine Learning},
  pages={22825--22855},
  year={2023},
  organization={PMLR}
}

@inproceedings{
venkatraman2024amortizing,
title={Amortizing intractable inference in diffusion models for vision, language, and control},
author={Siddarth Venkatraman and Moksh Jain and Luca Scimeca and Minsu Kim and Marcin Sendera and Mohsin Hasan and Luke Rowe and Sarthak Mittal and Pablo Lemos and Emmanuel Bengio and Alexandre Adam and Jarrid Rector-Brooks and Yoshua Bengio and Glen Berseth and Nikolay Malkin},
booktitle={The Thirty-eighth Annual Conference on Neural Information Processing Systems},
year={2024},
url={https://openreview.net/forum?id=gVTkMsaaGI}
}

@article{nair2020awac,
  title={Awac: Accelerating online reinforcement learning with offline datasets},
  author={Nair, Ashvin and Gupta, Abhishek and Dalal, Murtaza and Levine, Sergey},
  journal={arXiv preprint arXiv:2006.09359},
  year={2020}
}

@inproceedings{sendera2024improved,
  title={Improved off-policy training of diffusion samplers},
  author={Sendera, Marcin and Kim, Minsu and Mittal, Sarthak and Lemos, Pablo and Scimeca, Luca and Rector-Brooks, Jarrid and Adam, Alexandre and Bengio, Yoshua and Malkin, Nikolay},
  booktitle={The Thirty-Eighth Annual Conference on Neural Information Processing Systems},
  pages={1--30},
  year={2024},
  organization={ACM}
}


@inproceedings{akhound2024iterated,
  title={Iterated Denoising Energy Matching for Sampling from Boltzmann Densities},
  author={Akhound-Sadegh, Tara and Rector-Brooks, Jarrid and Bose, Joey and Mittal, Sarthak and Lemos, Pablo and Liu, Cheng-Hao and Sendera, Marcin and Ravanbakhsh, Siamak and Gidel, Gauthier and Bengio, Yoshua and others},
  booktitle={Forty-first International Conference on Machine Learning},
  year={2024},
}



%methods -----------------
@article{ramesh2022hierarchical,
  title={Hierarchical text-conditional image generation with clip latents},
  author={Ramesh, Aditya and Dhariwal, Prafulla and Nichol, Alex and Chu, Casey and Chen, Mark},
  journal={arXiv preprint arXiv:2204.06125},
  volume={1},
  number={2},
  pages={3},
  year={2022}
}

@article{ho2022imagen,
  title={Imagen video: High definition video generation with diffusion models},
  author={Ho, Jonathan and Chan, William and Saharia, Chitwan and Whang, Jay and Gao, Ruiqi and Gritsenko, Alexey and Kingma, Diederik P and Poole, Ben and Norouzi, Mohammad and Fleet, David J and others},
  journal={arXiv preprint arXiv:2210.02303},
  year={2022}
}

@article{lakshminarayanan2017simple,
  title={Simple and scalable predictive uncertainty estimation using deep ensembles},
  author={Lakshminarayanan, Balaji and Pritzel, Alexander and Blundell, Charles},
  journal={Advances in neural information processing systems},
  volume={30},
  year={2017}
}

@article{kim2024bootstrapped,
  title={Bootstrapped training of score-conditioned generator for offline design of biological sequences},
  author={Kim, Minsu and Berto, Federico and Ahn, Sungsoo and Park, Jinkyoo},
  journal={Advances in Neural Information Processing Systems},
  volume={36},
  year={2024}
}


@inproceedings{yun2024guided,
  title={Guided Trajectory Generation with Diffusion Models for Offline Model-based Optimization},
  author={Yun, Taeyoung and Yun, Sujin and Lee, Jaewoo and Park, Jinkyoo},
  booktitle={The Thirty-eighth Annual Conference on Neural Information Processing Systems},
  year={2024}
}

@inproceedings{song2021score,
  title={Score-Based Generative Modeling through Stochastic Differential Equations},
  author={Song, Yang and Sohl-Dickstein, Jascha and Kingma, Diederik P and Kumar, Abhishek and Ermon, Stefano and Poole, Ben},
  booktitle={International Conference on Learning Representations},
  year={2021}
}


@inproceedings{kim2024local,
  title={Local Search GFlowNets},
  author={Minsu Kim and Taeyoung Yun and Emmanuel Bengio and Dinghuai Zhang and Yoshua Bengio and Sungsoo Ahn and Jinkyoo Park},
  booktitle={The Twelfth International Conference on Learning Representations},
  year={2024},
}


%Experiments-------------------------

%mcmcbo
@article{yi2024improving,
  title={Improving sample efficiency of high dimensional Bayesian optimization with MCMC},
  author={Yi, Zeji and Wei, Yunyue and Cheng, Chu Xin and He, Kaibo and Sui, Yanan},
  journal={arXiv preprint arXiv:2401.02650},
  year={2024}
}

%CMA-BO
@article{ngo2024high,
  title={High-dimensional Bayesian Optimization via Covariance Matrix Adaptation Strategy},
  author={Ngo, Lam and Ha, Huong and Chan, Jeffrey and Nguyen, Vu and Zhang, Hongyu},
  journal={Transactions on Machine Learning Research},
  year={2024}
}

%cmaes
@article{hansen2006cma,
  title={The CMA Evolution Strategy: A Comparing Review},
  author={Hansen, Nikolaus},
  journal={Towards a New Evolutionary Computation: Advances on Estimation of Distribution Algorithms},
  volume={192},
  pages={75},
  year={2006},
  publisher={Springer Science \& Business Media}
}

%Related Works --------------------------------

%Additive
@inproceedings{gardner2017discovering,
  title={Discovering and exploiting additive structure for Bayesian optimization},
  author={Gardner, Jacob and Guo, Chuan and Weinberger, Kilian and Garnett, Roman and Grosse, Roger},
  booktitle={Artificial Intelligence and Statistics},
  pages={1311--1319},
  year={2017},
  organization={PMLR}
}

@article{kong2024diffusion,
  title={Diffusion models as constrained samplers for optimization with unknown constraints},
  author={Kong, Lingkai and Du, Yuanqi and Mu, Wenhao and Neklyudov, Kirill and De Bortoli, Valentin and Wu, Dongxia and Wang, Haorui and Ferber, Aaron and Ma, Yi-An and Gomes, Carla P and others},
  journal={arXiv preprint arXiv:2402.18012},
  year={2024}
}

@inproceedings{ho2021classifier,
  title={Classifier-Free Diffusion Guidance},
  author={Ho, Jonathan and Salimans, Tim},
  booktitle={NeurIPS 2021 Workshop on Deep Generative Models and Downstream Applications},
  year={2021}
}

@article{dhariwal2021diffusion,
  title={Diffusion models beat gans on image synthesis},
  author={Dhariwal, Prafulla and Nichol, Alexander},
  journal={Advances in neural information processing systems},
  volume={34},
  pages={8780--8794},
  year={2021}
}


@inproceedings{black2024training,
  title={Training Diffusion Models with Reinforcement Learning},
  author={Black, Kevin and Janner, Michael and Du, Yilun and Kostrikov, Ilya and Levine, Sergey},
  booktitle={The Twelfth International Conference on Learning Representations},
  year={2024}

}

@article{fan2024reinforcement,
  title={Reinforcement learning for fine-tuning text-to-image diffusion models},
  author={Fan, Ying and Watkins, Olivia and Du, Yuqing and Liu, Hao and Ryu, Moonkyung and Boutilier, Craig and Abbeel, Pieter and Ghavamzadeh, Mohammad and Lee, Kangwook and Lee, Kimin},
  journal={Advances in Neural Information Processing Systems},
  volume={36},
  year={2024}
}

@article{uehara2024fine,
  title={Fine-tuning of continuous-time diffusion models as entropy-regularized control},
  author={Uehara, Masatoshi and Zhao, Yulai and Black, Kevin and Hajiramezanali, Ehsan and Scalia, Gabriele and Diamant, Nathaniel Lee and Tseng, Alex M and Biancalani, Tommaso and Levine, Sergey},
  journal={arXiv preprint arXiv:2402.15194},
  year={2024}
}

@article{domingo2024adjoint,
  title={Adjoint matching: Fine-tuning flow and diffusion generative models with memoryless stochastic optimal control},
  author={Domingo-Enrich, Carles and Drozdzal, Michal and Karrer, Brian and Chen, Ricky TQ},
  journal={arXiv preprint arXiv:2409.08861},
  year={2024}
}

%Appendix ---------------------------------
Task Details -------------------------------
@inproceedings{todorov2012mujoco,
  title={Mujoco: A physics engine for model-based control},
  author={Todorov, Emanuel and Erez, Tom and Tassa, Yuval},
  booktitle={2012 IEEE/RSJ international conference on intelligent robots and systems},
  pages={5026--5033},
  year={2012},
  organization={IEEE}
}
@inproceedings{vsehic2022lassobench,
  title={Lassobench: A high-dimensional hyperparameter optimization benchmark suite for lasso},
  author={{\v{S}}ehi{\'c}, Kenan and Gramfort, Alexandre and Salmon, Joseph and Nardi, Luigi},
  booktitle={International Conference on Automated Machine Learning},
  pages={2--1},
  year={2022},
  organization={PMLR}
}

%Methodology Details--------------------
@article{hendrycks2016gaussian,
  title={Gaussian error linear units (gelus)},
  author={Hendrycks, Dan and Gimpel, Kevin},
  journal={arXiv preprint arXiv:1606.08415},
  year={2016}
}

@article{kingma2014adam,
  title={Adam: A method for stochastic optimization},
  author={Kingma, Diederik P},
  journal={International Conference on Learning Representations (ICLR)},
  year={2015}
}

@article{ba2016layer,
  title={Layer normalization},
  author={Ba, Jimmy Lei},
  journal={arXiv preprint arXiv:1607.06450},
  year={2016}
}

@article{kingma2021variational,
  title={Variational diffusion models},
  author={Kingma, Diederik and Salimans, Tim and Poole, Ben and Ho, Jonathan},
  journal={Advances in neural information processing systems},
  volume={34},
  pages={21696--21707},
  year={2021}
}

@article{chen2018neural,
  title={Neural ordinary differential equations},
  author={Chen, Ricky TQ and Rubanova, Yulia and Bettencourt, Jesse and Duvenaud, David K},
  journal={Advances in neural information processing systems},
  volume={31},
  year={2018}
}

@inproceedings{grathwohl2019ffjord,
  title={FFJORD: Free-Form Continuous Dynamics for Scalable Reversible Generative Models},
  author={Grathwohl, Will and Chen, Ricky TQ and Bettencourt, Jesse and Sutskever, Ilya and Duvenaud, David},
  booktitle={International Conference on Learning Representations},
  year={2019}
}

@article{skilling1989eigenvalues,
  title={The eigenvalues of mega-dimensional matrices},
  author={Skilling, John},
  journal={Maximum Entropy and Bayesian Methods: Cambridge, England, 1988},
  pages={455--466},
  year={1989},
  publisher={Springer}
}

@article{hutchinson1989stochastic,
  title={A stochastic estimator of the trace of the influence matrix for Laplacian smoothing splines},
  author={Hutchinson, Michael F},
  journal={Communications in Statistics-Simulation and Computation},
  volume={18},
  number={3},
  pages={1059--1076},
  year={1989},
  publisher={Taylor \& Francis}
}

@misc{torchdiffeq,
	author={Chen, Ricky T. Q.},
	title={torchdiffeq},
	year={2018},
	url={https://github.com/rtqichen/torchdiffeq},
}

%Baseline Details ----------------

@inproceedings{trabucco2022design,
  title={Design-bench: Benchmarks for data-driven offline model-based optimization},
  author={Trabucco, Brandon and Geng, Xinyang and Kumar, Aviral and Levine, Sergey},
  booktitle={International Conference on Machine Learning},
  pages={21658--21676},
  year={2022},
  organization={PMLR}
}


@misc{hansen2019pycma,
  author       = {Nikolaus Hansen and Youhei Akimoto and Petr Baudis},
  title        = {{CMA-ES/pycma} on {G}ithub},
  howpublished = {Zenodo, DOI:10.5281/zenodo.2559634},
  month        = feb,
  year         = 2019,
  doi          = {10.5281/zenodo.2559634},
  url          = {https://doi.org/10.5281/zenodo.2559634},
}

%Extended Additional Analysis----------------


@inproceedings{gal2016dropout,
  title={Dropout as a bayesian approximation: Representing model uncertainty in deep learning},
  author={Gal, Yarin and Ghahramani, Zoubin},
  booktitle={international conference on machine learning},
  pages={1050--1059},
  year={2016},
  organization={PMLR}
}

@inproceedings{janner2022planning,
  title={Planning with Diffusion for Flexible Behavior Synthesis},
  author={Janner, Michael and Du, Yilun and Tenenbaum, Joshua and Levine, Sergey},
  booktitle={International Conference on Machine Learning},
  pages={9902--9915},
  year={2022},
  organization={PMLR}
}

