@inproceedings{black2024training,
  title={Training Diffusion Models with Reinforcement Learning},
  author={Black, Kevin and Janner, Michael and Du, Yilun and Kostrikov, Ilya and Levine, Sergey},
  booktitle={The Twelfth International Conference on Learning Representations},
  year={2024}

}

@inproceedings{brookes2019conditioning,
  title={Conditioning by adaptive sampling for robust design},
  author={Brookes, David and Park, Hahnbeom and Listgarten, Jennifer},
  booktitle={International conference on machine learning},
  pages={773--782},
  year={2019},
  organization={PMLR}
}

@inproceedings{chen2012joint,
  title={Joint optimization and variable selection of high-dimensional Gaussian processes},
  author={Chen, B and Castro, RM and Krause, A},
  booktitle={26th International Conference on Machine Learning (ICML 2009)},
  pages={1423--1430},
  year={2012}
}

@article{dhariwal2021diffusion,
  title={Diffusion models beat gans on image synthesis},
  author={Dhariwal, Prafulla and Nichol, Alexander},
  journal={Advances in neural information processing systems},
  volume={34},
  pages={8780--8794},
  year={2021}
}

@article{domingo2024adjoint,
  title={Adjoint matching: Fine-tuning flow and diffusion generative models with memoryless stochastic optimal control},
  author={Domingo-Enrich, Carles and Drozdzal, Michal and Karrer, Brian and Chen, Ricky TQ},
  journal={arXiv preprint arXiv:2409.08861},
  year={2024}
}

@article{duvenaud2011additive,
  title={Additive gaussian processes},
  author={Duvenaud, David K and Nickisch, Hannes and Rasmussen, Carl},
  journal={Advances in neural information processing systems},
  volume={24},
  year={2011}
}

@article{eriksson2019scalable,
  title={Scalable global optimization via local Bayesian optimization},
  author={Eriksson, David and Pearce, Michael and Gardner, Jacob and Turner, Ryan D and Poloczek, Matthias},
  journal={Advances in neural information processing systems},
  volume={32},
  year={2019}
}

@article{fan2024reinforcement,
  title={Reinforcement learning for fine-tuning text-to-image diffusion models},
  author={Fan, Ying and Watkins, Olivia and Du, Yuqing and Liu, Hao and Ryu, Moonkyung and Boutilier, Craig and Abbeel, Pieter and Ghavamzadeh, Mohammad and Lee, Kangwook and Lee, Kimin},
  journal={Advances in Neural Information Processing Systems},
  volume={36},
  year={2024}
}

@inproceedings{gardner2017discovering,
  title={Discovering and exploiting additive structure for Bayesian optimization},
  author={Gardner, Jacob and Guo, Chuan and Weinberger, Kilian and Garnett, Roman and Grosse, Roger},
  booktitle={Artificial Intelligence and Statistics},
  pages={1311--1319},
  year={2017},
  organization={PMLR}
}

@inproceedings{garnett2014active,
  title={Active learning of linear embeddings for Gaussian processes},
  author={Garnett, Roman and Osborne, Michael A and Hennig, Philipp},
  booktitle={Proceedings of the Thirtieth Conference on Uncertainty in Artificial Intelligence},
  pages={230--239},
  year={2014}
}

@article{hansen2006cma,
  title={The CMA Evolution Strategy: A Comparing Review},
  author={Hansen, Nikolaus},
  journal={Towards a New Evolutionary Computation: Advances on Estimation of Distribution Algorithms},
  volume={192},
  pages={75},
  year={2006},
  publisher={Springer Science \& Business Media}
}

@misc{hansen2019pycma,
  author       = {Nikolaus Hansen and Youhei Akimoto and Petr Baudis},
  title        = {{CMA-ES/pycma} on {G}ithub},
  howpublished = {Zenodo, DOI:10.5281/zenodo.2559634},
  month        = feb,
  year         = 2019,
  doi          = {10.5281/zenodo.2559634},
  url          = {https://doi.org/10.5281/zenodo.2559634},
}

@article{ho2020denoising,
  title={Denoising diffusion probabilistic models},
  author={Ho, Jonathan and Jain, Ajay and Abbeel, Pieter},
  journal={Advances in neural information processing systems},
  volume={33},
  pages={6840--6851},
  year={2020}
}

@inproceedings{ho2021classifier,
  title={Classifier-Free Diffusion Guidance},
  author={Ho, Jonathan and Salimans, Tim},
  booktitle={NeurIPS 2021 Workshop on Deep Generative Models and Downstream Applications},
  year={2021}
}

@article{ho2022imagen,
  title={Imagen video: High definition video generation with diffusion models},
  author={Ho, Jonathan and Chan, William and Saharia, Chitwan and Whang, Jay and Gao, Ruiqi and Gritsenko, Alexey and Kingma, Diederik P and Poole, Ben and Norouzi, Mohammad and Fleet, David J and others},
  journal={arXiv preprint arXiv:2210.02303},
  year={2022}
}

@inproceedings{kandasamy2015high,
  title={High dimensional Bayesian optimisation and bandits via additive models},
  author={Kandasamy, Kirthevasan and Schneider, Jeff and P{\'o}czos, Barnab{\'a}s},
  booktitle={International conference on machine learning},
  pages={295--304},
  year={2015},
  organization={PMLR}
}

@article{kim2024bootstrapped,
  title={Bootstrapped training of score-conditioned generator for offline design of biological sequences},
  author={Kim, Minsu and Berto, Federico and Ahn, Sungsoo and Park, Jinkyoo},
  journal={Advances in Neural Information Processing Systems},
  volume={36},
  year={2024}
}

@article{kong2024diffusion,
  title={Diffusion models as constrained samplers for optimization with unknown constraints},
  author={Kong, Lingkai and Du, Yuanqi and Mu, Wenhao and Neklyudov, Kirill and De Bortoli, Valentin and Wu, Dongxia and Wang, Haorui and Ferber, Aaron and Ma, Yi-An and Gomes, Carla P and others},
  journal={arXiv preprint arXiv:2402.18012},
  year={2024}
}

@inproceedings{krishnamoorthy2023diffusion,
  title={Diffusion models for black-box optimization},
  author={Krishnamoorthy, Siddarth and Mashkaria, Satvik Mehul and Grover, Aditya},
  booktitle={International Conference on Machine Learning},
  pages={17842--17857},
  year={2023},
  organization={PMLR}
}

@article{kumar2020model,
  title={Model inversion networks for model-based optimization},
  author={Kumar, Aviral and Levine, Sergey},
  journal={Advances in neural information processing systems},
  volume={33},
  pages={5126--5137},
  year={2020}
}

@article{letham2020re,
  title={Re-examining linear embeddings for high-dimensional Bayesian optimization},
  author={Letham, Ben and Calandra, Roberto and Rai, Akshara and Bakshy, Eytan},
  journal={Advances in neural information processing systems},
  volume={33},
  pages={1546--1558},
  year={2020}
}

@inproceedings{lu2023contrastive,
  title={Contrastive energy prediction for exact energy-guided diffusion sampling in offline reinforcement learning},
  author={Lu, Cheng and Chen, Huayu and Chen, Jianfei and Su, Hang and Li, Chongxuan and Zhu, Jun},
  booktitle={International Conference on Machine Learning},
  pages={22825--22855},
  year={2023},
  organization={PMLR}
}

@inproceedings{nayebi2019framework,
  title={A framework for Bayesian optimization in embedded subspaces},
  author={Nayebi, Amin and Munteanu, Alexander and Poloczek, Matthias},
  booktitle={International Conference on Machine Learning},
  pages={4752--4761},
  year={2019},
  organization={PMLR}
}

@article{ngo2024high,
  title={High-dimensional Bayesian Optimization via Covariance Matrix Adaptation Strategy},
  author={Ngo, Lam and Ha, Huong and Chan, Jeffrey and Nguyen, Vu and Zhang, Hongyu},
  journal={Transactions on Machine Learning Research},
  year={2024}
}

@article{ramesh2022hierarchical,
  title={Hierarchical text-conditional image generation with clip latents},
  author={Ramesh, Aditya and Dhariwal, Prafulla and Nichol, Alex and Chu, Casey and Chen, Mark},
  journal={arXiv preprint arXiv:2204.06125},
  volume={1},
  number={2},
  pages={3},
  year={2022}
}

@article{uehara2024fine,
  title={Fine-tuning of continuous-time diffusion models as entropy-regularized control},
  author={Uehara, Masatoshi and Zhao, Yulai and Black, Kevin and Hajiramezanali, Ehsan and Scalia, Gabriele and Diamant, Nathaniel Lee and Tseng, Alex M and Biancalani, Tommaso and Levine, Sergey},
  journal={arXiv preprint arXiv:2402.15194},
  year={2024}
}

@article{wang2020learning,
  title={Learning search space partition for black-box optimization using monte carlo tree search},
  author={Wang, Linnan and Fonseca, Rodrigo and Tian, Yuandong},
  journal={Advances in Neural Information Processing Systems},
  volume={33},
  pages={19511--19522},
  year={2020}
}

@article{wu2024diff,
  title={Diff-BBO: Diffusion-Based Inverse Modeling for Black-Box Optimization},
  author={Wu, Dongxia and Kuang, Nikki Lijing and Niu, Ruijia and Ma, Yi-An and Yu, Rose},
  journal={arXiv preprint arXiv:2407.00610},
  year={2024}
}

@article{yi2024improving,
  title={Improving sample efficiency of high dimensional Bayesian optimization with MCMC},
  author={Yi, Zeji and Wei, Yunyue and Cheng, Chu Xin and He, Kaibo and Sui, Yanan},
  journal={arXiv preprint arXiv:2401.02650},
  year={2024}
}

@inproceedings{yun2024guided,
  title={Guided Trajectory Generation with Diffusion Models for Offline Model-based Optimization},
  author={Yun, Taeyoung and Yun, Sujin and Lee, Jaewoo and Park, Jinkyoo},
  booktitle={The Thirty-eighth Annual Conference on Neural Information Processing Systems},
  year={2024}
}

