@inproceedings{abbar2013diverse,
  title={Diverse near neighbor problem},
  author={Abbar, Sofiane and Amer-Yahia, Sihem and Indyk, Piotr and Mahabadi, Sepideh and Varadarajan, Kasturi R},
  booktitle={Proceedings of the twenty-ninth annual symposium on Computational geometry},
  pages={207--214},
  year={2013}
}

@inproceedings{abbar2013real,
  title={Real-time recommendation of diverse related articles},
  author={Abbar, Sofiane and Amer-Yahia, Sihem and Indyk, Piotr and Mahabadi, Sepideh},
  booktitle={Proceedings of the 22nd international conference on World Wide Web},
  pages={1--12},
  year={2013}
}

@inproceedings{indyk1998approximate,
  title={Approximate nearest neighbors: towards removing the curse of dimensionality},
  author={Indyk, Piotr and Motwani, Rajeev},
  booktitle={Proceedings of the thirtieth annual ACM symposium on Theory of computing},
  pages={604--613},
  year={1998}
}

