@article{iwasaki2018optimization,
  title={Optimization of indexing based on k-nearest neighbor graph for proximity search in high-dimensional data},
  author={Iwasaki, Masajiro and Miyazaki, Daisuke},
  journal={arXiv preprint arXiv:1810.07355},
  year={2018}
}

@article{fu2019fast,
  title={Fast approximate nearest neighbor search with the navigating spreading-out graph},
  author={Fu, Cong and Xiang, Chao and Wang, Changxu and Cai, Deng},
  journal={Proceedings of the VLDB Endowment},
  volume={12},
  number={5},
  pages={461--474},
  year={2019},
  publisher={VLDB Endowment}
}

@misc{big-bench,
    author    = {Harsha Vardhan Simhadri and Martin Aum√ºller and Amir Ingber and Matthijs Douze and George Williams and Magdalen Dobson Manohar and Dmitry Baranchuk and Edo Liberty and Frank Liu and Ben Landrum and Mazin Karjikar and Laxman Dhulipala and Meng Chen and Yue Chen and Rui Ma and Kai Zhang and Yuzheng Cai and Jiayang Shi and Yizhuo Chen and Weiguo Zheng and Zihao Wan and Jie Yin and Ben Huang},
    title     = {Big ANN Benchmarks},
    year      = {2024},
    howpublished = {\url{https://github.com/harsha-simhadri/big-ann-benchmarks/pull/311}},
}

https://www.searchenginejournal.com/google-site-diversity-change/311557/

@article{jayaram2019diskann,
  title={Diskann: Fast accurate billion-point nearest neighbor search on a single node},
  author={Jayaram Subramanya, Suhas and Devvrit, Fnu and Simhadri, Harsha Vardhan and Krishnawamy, Ravishankar and Kadekodi, Rohan},
  journal={Advances in Neural Information Processing Systems},
  volume={32},
  year={2019}
}

@article{malkov2018efficient,
  title={Efficient and robust approximate nearest neighbor search using hierarchical navigable small world graphs},
  author={Malkov, Yu A and Yashunin, Dmitry A},
  journal={IEEE transactions on pattern analysis and machine intelligence},
  volume={42},
  number={4},
  pages={824--836},
  year={2018},
  publisher={IEEE}
}

@misc{google-div,
    author    = {Search Liaison},
    title     = {Google Announces Site Diversity Change to Search Results},
    year      = {2019},
    howpublished       = {\url{https://www.searchenginejournal.com/google-site-diversity-change/311557/}}
}

@misc{arxiv,
    author    = {Arxiv OpenAI Embeddings},
    title     = {OpenAI Embeddings of Arxiv Abstracts},
    year      = {2024},
    howpublished       = {\url{https://github.com/harsha-simhadri/big-ann-benchmarks/commit/df1e53aa3cd9cd29c6a9daf24ce2e64271fa9ed1}}
}


@inproceedings{indyk1998approximate,
  title={Approximate nearest neighbors: towards removing the curse of dimensionality},
  author={Indyk, Piotr and Motwani, Rajeev},
  booktitle={Proceedings of the thirtieth annual ACM symposium on Theory of computing},
  pages={604--613},
  year={1998}
}

@article{andoni2008near,
  title={Near-optimal hashing algorithms for approximate nearest neighbor in high dimensions},
  author={Andoni, Alexandr and Indyk, Piotr},
  journal={Communications of the ACM},
  volume={51},
  number={1},
  pages={117--122},
  year={2008},
  publisher={ACM New York, NY, USA}
}

@inproceedings{abbar2013real,
  title={Real-time recommendation of diverse related articles},
  author={Abbar, Sofiane and Amer-Yahia, Sihem and Indyk, Piotr and Mahabadi, Sepideh},
  booktitle={Proceedings of the 22nd international conference on World Wide Web},
  pages={1--12},
  year={2013}
}

@inproceedings{abbar2013diverse,
  title={Diverse near neighbor problem},
  author={Abbar, Sofiane and Amer-Yahia, Sihem and Indyk, Piotr and Mahabadi, Sepideh and Varadarajan, Kasturi R},
  booktitle={Proceedings of the twenty-ninth annual symposium on Computational geometry},
  pages={207--214},
  year={2013}
}

@misc{ANN,
title = {ANN Benchmarks},
year={2024},
howpublished = {\url{https:https://ann-benchmarks.com}},
author={Aumueller, Martin  and Bernhardsson, Erik and Faitfull,Alec}
}
            

@misc{DiskANN,
  title = {DiskANN},
  year={2023},
  author={Jayaram Subramanya, Suhas and Devvrit, Fnu and Simhadri, Harsha Vardhan and Krishnawamy, Ravishankar and Kadekodi, Rohan},
  howpublished = {\url{https://github.com/microsoft/DiskANN}},
}

@misc{NSG,
title="NSG : Navigating Spread-out Graph For Approximate Nearest Neighbor Search",
year={2019},
author={Cong Fu and Chao Xiang and Changxu Wang and Deng Cai},
howpublished = {\url{https://github.com/ZJULearning/nsg}}
}

@misc{HNSW,
title="Hnswlib - fast approximate nearest neighbor search",
year={2022},
author={Malkov, Yu A and Yashunin, Dmitry A},
howpublished = {\url{https://github.com/nmslib/hnswlib}}
}


@book{minsky2017perceptrons,
  title={Perceptrons, Reissue of the 1988 Expanded Edition with a new foreword by L{\'e}on Bottou: An Introduction to Computational Geometry},
  author={Minsky, Marvin and Papert, Seymour A},
  year={2017},
  publisher={MIT press}
}

@book{shakhnarovich2005nearest,
  title={Nearest-neighbor methods in learning and vision},
  author={Shakhnarovich, Gregory and Darrell, Trevor and Indyk, Piotr},
  year={2006},
  publisher={MIT press}
}

@inproceedings{andoni2018approximate,
  title={Approximate nearest neighbor search in high dimensions},
  author={Andoni, Alexandr and Indyk, Piotr and Razenshteyn, Ilya},
  booktitle={Proceedings of the International Congress of Mathematicians: Rio de Janeiro 2018},
  pages={3287--3318},
  year={2018},
  organization={World Scientific}
}

@article{andoni2008near,
  title={Near-optimal hashing algorithms for approximate nearest neighbor in high dimensions},
  author={Andoni, Alexandr and Indyk, Piotr},
  journal={Communications of the ACM},
  volume={51},
  number={1},
  pages={117--122},
  year={2008},
  publisher={ACM New York, NY, USA}
}


@inproceedings{prokhorenkova2020graph,
  title={Graph-based nearest neighbor search: From practice to theory},
  author={Prokhorenkova, Liudmila and Shekhovtsov, Aleksandr},
  booktitle={International Conference on Machine Learning},
  pages={7803--7813},
  year={2020},
  organization={PMLR}
}

@inproceedings{laarhoven2018graph,
  title={Graph-Based Time-Space Trade-Offs for Approximate Near Neighbors},
  author={Laarhoven, Thijs},
  booktitle={34th International Symposium on Computational Geometry (SoCG 2018)},
  year={2018},
  organization={Schloss Dagstuhl-Leibniz-Zentrum fuer Informatik}
}


@article{chavez2001searching,
  title={Searching in metric spaces},
  author={Ch{\'a}vez, Edgar and Navarro, Gonzalo and Baeza-Yates, Ricardo and Marroqu{\'\i}n, Jos{\'e} Luis},
  journal={ACM computing surveys (CSUR)},
  volume={33},
  number={3},
  pages={273--321},
  year={2001},
  publisher={ACM New York, NY, USA}
}


@article{navarro2002searching,
  title={Searching in metric spaces by spatial approximation},
  author={Navarro, Gonzalo},
  journal={The VLDB Journal},
  volume={11},
  number={1},
  pages={28--46},
  year={2002},
  publisher={Springer}
}


@article{clarkson2006nearest,
  title={Nearest-neighbor searching and metric space dimensions},
  author={Clarkson, Kenneth L and others},
  journal={Nearest-neighbor methods for learning and vision: theory and practice},
  pages={15--59},
  year={2006}
}

@inproceedings{krauthgamer2004navigating,
  title={Navigating nets: Simple algorithms for proximity search},
  author={Krauthgamer, Robert and Lee, James R},
  booktitle={Proceedings of the fifteenth annual ACM-SIAM symposium on Discrete algorithms},
  pages={798--807},
  year={2004},
  organization={Citeseer}
}

@inproceedings{beygelzimer2006cover,
  title={Cover trees for nearest neighbor},
  author={Beygelzimer, Alina and Kakade, Sham and Langford, John},
  booktitle={Proceedings of the 23rd international conference on Machine learning},
  pages={97--104},
  year={2006}
  }


@inproceedings{carbonell1998use,
  title={The use of MMR, diversity-based reranking for reordering documents and producing summaries},
  author={Carbonell, Jaime and Goldstein, Jade},
  booktitle={Proceedings of the 21st annual international ACM SIGIR conference on Research and development in information retrieval},
  pages={335--336},
  year={1998}
}


@incollection{Bengio+chapter2007,
author = {Bengio, Yoshua and LeCun, Yann},
booktitle = {Large Scale Kernel Machines},
publisher = {MIT Press},
title = {Scaling Learning Algorithms Towards {AI}},
year = {2007}
}

@article{Hinton06,
author = {Hinton, Geoffrey E. and Osindero, Simon and Teh, Yee Whye},
journal = {Neural Computation},
pages = {1527--1554},
title = {A Fast Learning Algorithm for Deep Belief Nets},
volume = {18},
year = {2006}
}

@book{goodfellow2016deep,
title={Deep learning},
author={Goodfellow, Ian and Bengio, Yoshua and Courville, Aaron and Bengio, Yoshua},
volume={1},
year={2016},
publisher={MIT Press}
}

@inproceedings{indykxu2024worst,
 author = {Indyk, Piotr and Xu, Haike},
 booktitle = {Advances in Neural Information Processing Systems},
 pages = {66239--66256},
 title = {Worst-case Performance of Popular Approximate Nearest Neighbor Search Implementations: Guarantees and Limitations},
 volume = {36},
 year = {2023}
}

@article{gonzalez1985clustering,
  title={Clustering to minimize the maximum intercluster distance},
  author={Gonzalez, Teofilo F},
  journal={Theoretical computer science},
  volume={38},
  pages={293--306},
  year={1985},
  publisher={Elsevier}
}
