@article{abbasian2020survey,
	title={A survey on data aggregation techniques in IoT sensor networks},
	author={Abbasian Dehkordi, Soroush and Farajzadeh, Kamran and Rezazadeh, Javad and Farahbakhsh, Reza and Sandrasegaran, Kumbesan and Abbasian Dehkordi, Masih},
	journal={Wireless Networks},
	volume={26},
	number={2},
	pages={1243--1263},
	year={2020},
	publisher={Springer}
}

@inproceedings{ahmad2019lossless,
	title={Lossless compression algorithm for energy efficient wireless sensor network},
	author={Ahmad, Md Sajjad and Lata, Sonam and Mehfuz, Shabana and Ahmad, Abrar},
	booktitle={2019 International Conference on Power Electronics, Control and Automation (ICPECA)},
	pages={1--4},
	year={2019},
	organization={IEEE}
}

@article{alam2021error,
	title={Error-control truncated SVD technique for in-network data compression in wireless sensor networks},
	author={Alam, Md Khorshed and Abd Aziz, Azrina and Abd Latif, Suhaimi and Abd Aziz, Azniza},
	journal={IEEE Access},
	volume={9},
	pages={13829--13844},
	year={2021},
	publisher={IEEE}
}

@article{arumugam2015ee,
	title={EE-LEACH: development of energy-efficient LEACH Protocol for data gathering in WSN},
	author={Arumugam, Gopi Saminathan and Ponnuchamy, Thirumurugan},
	journal={EURASIP Journal on Wireless Communications and Networking},
	volume={2015},
	pages={1--9},
	year={2015},
	publisher={Springer}
}

@article{cao2020multi,
	title={Multi-model Z-compression for high speed data streaming and low-power wireless sensor networks},
	author={Cao, Xiaofei and Madria, Sanjay and Hara, Takahiro},
	journal={Distributed and Parallel Databases},
	volume={38},
	number={1},
	pages={153--191},
	year={2020},
	publisher={Springer}
}

@article{chen2019hierarchical,
	title={A hierarchical adaptive spatio-temporal data compression scheme for wireless sensor networks},
	author={Chen, Siguang and Liu, Jincheng and Wang, Kun and Wu, Meng},
	journal={Wireless Networks},
	volume={25},
	pages={429--438},
	year={2019},
	publisher={Springer}
}

@article{chen2019layered,
	title={Layered adaptive compression design for efficient data collection in industrial wireless sensor networks},
	author={Chen, Siguang and Zhang, Shujun and Zheng, Xiaoyao and Ruan, Xiukai},
	journal={Journal of Network and Computer Applications},
	volume={129},
	pages={37--45},
	year={2019},
	publisher={Elsevier}
}

@article{chen2020new,
	title={A new lossy compression algorithm for wireless sensor networks using Bayesian predictive coding},
	author={Chen, Chen and Zhang, Limao and Tiong, Robert Lee Kong},
	journal={Wireless Networks},
	volume={26},
	number={8},
	pages={5981--5995},
	year={2020},
	publisher={Springer}
}

@article{chen2020wsn,
	title={WSN sampling optimization for signal reconstruction using spatiotemporal autoencoder},
	author={Chen, Jiahong and Li, Teng and Wang, Jing and de Silva, Clarence W},
	journal={IEEE Sensors Journal},
	volume={20},
	number={23},
	pages={14290--14301},
	year={2020},
	publisher={IEEE}
}

@article{chowdhury2020adaptive,
	title={Adaptive multivariate data compression in smart metering Internet of Things},
	author={Chowdhury, Mayukh Roy and Tripathi, Sharda and De, Swades},
	journal={IEEE Transactions on Industrial Informatics},
	volume={17},
	number={2},
	pages={1287--1297},
	year={2020},
	publisher={IEEE}
}

@article{diwakaran2019cluster,
	title={A cluster prediction model-based data collection for energy efficient wireless sensor network},
	author={Diwakaran, S and Perumal, Balasubramani and Vimala Devi, K},
	journal={The Journal of Supercomputing},
	volume={75},
	pages={3302--3316},
	year={2019},
	publisher={Springer}
}

@article{fabiyi2021folded,
	title={Folded LDA: extending the linear discriminant analysis algorithm for feature extraction and data reduction in hyperspectral remote sensing},
	author={Fabiyi, Samson Damilola and Murray, Paul and Zabalza, Jaime and Ren, Jinchang},
	journal={IEEE Journal of selected topics in applied earth observations and remote sensing},
	volume={14},
	pages={12312--12331},
	year={2021},
	publisher={IEEE}
}

@inproceedings{feng2023data,
	title={Data Adaptive Semantic Communication Systems for Intelligent Tasks and Image Transmission},
	author={Feng, Zhiqiang and Cai, Donghong and Liu, Zhiquan and Shan, Jiahao and Wang, Wei},
	booktitle={International Conference on AI-generated Content},
	pages={105--117},
	year={2023},
	organization={Springer}
}

@inproceedings{gao2022application,
	title={Application of a lossless compression algorithm based on dynamic Huffman in smart ammunition wireless sensor network},
	author={Gao, Lianghua and Zhang, Bo and Jiang, Tingyang and He, Zhi},
	booktitle={2022 2nd International Conference on Consumer Electronics and Computer Engineering (ICCECE)},
	pages={643--647},
	year={2022},
	organization={IEEE}
}

@article{halder2019limca,
	title={LiMCA: an optimal clustering algorithm for lifetime maximization of internet of things},
	author={Halder, Subir and Ghosal, Amrita and Conti, Mauro},
	journal={Wireless Networks},
	volume={25},
	pages={4459--4477},
	year={2019},
	publisher={Springer}
}

@article{he2019multi,
	title={Multi-attribute data recovery in wireless sensor networks with joint sparsity and low-rank constraints based on tensor completion},
	author={He, Jingfei and Zhou, Yatong and Sun, Guiling and Geng, Tianyu},
	journal={IEEE Access},
	volume={7},
	pages={135220--135230},
	year={2019},
	publisher={IEEE}
}

@article{jarwan2019data,
	title={Data transmission reduction schemes in WSNs for efficient IoT systems},
	author={Jarwan, Abdallah and Sabbah, Ayman and Ibnkahla, Mohamed},
	journal={IEEE Journal on Selected Areas in Communications},
	volume={37},
	number={6},
	pages={1307--1324},
	year={2019},
	publisher={IEEE}
}

@article{ketshabetswe2021data,
	title={Data compression algorithms for wireless sensor networks: A review and comparison},
	author={Ketshabetswe, Keleadile Lucia and Zungeru, Adamu Murtala and Mtengi, Bokani and Lebekwe, Caspar K and Prabaharan, SRS},
	journal={IEEE Access},
	volume={9},
	pages={136872--136891},
	year={2021},
	publisher={IEEE}
}

@inproceedings{kuester2023convolutional,
	title={Convolutional Autoencoder Model for Hyperspectral Multi-Sensor Satellite Data Compression},
	author={Kuester, Jannick and Gro{\ss}, Wolfgang and Schreiner, Simon and Middelmann, Wolfgang and Heizmann, Michael},
	booktitle={IGARSS 2023-2023 IEEE International Geoscience and Remote Sensing Symposium},
	pages={5383--5386},
	year={2023},
	organization={IEEE}
}

@inproceedings{laput2017synthetic,
	title={Synthetic sensors: Towards general-purpose sensing},
	author={Laput, Gierad and Zhang, Yang and Harrison, Chris},
	booktitle={Proceedings of the 2017 CHI Conference on Human Factors in Computing Systems},
	pages={3986--3999},
	year={2017}
}

@inproceedings{laput2019sensing,
	title={Sensing fine-grained hand activity with smartwatches},
	author={Laput, Gierad and Harrison, Chris},
	booktitle={Proceedings of the 2019 CHI Conference on Human Factors in Computing Systems},
	pages={1--13},
	year={2019}
}

@inproceedings{roy2022limited,
	title={Limited size lossy compression for wsns},
	author={Roy, Sanku Kumar and Nikolaidis, Ioanis},
	booktitle={2022 IEEE 47th Conference on Local Computer Networks (LCN)},
	pages={359--362},
	year={2022},
	organization={IEEE}
}

@inproceedings{saidani2019new,
	title={A new lossless compression scheme for WSNs using RLE algorithm},
	author={Saidani, Abdeldjalil and Xiang, Jianwen and Mansouri, Deloula},
	booktitle={2019 20th Asia-Pacific Network Operations and Management Symposium (APNOMS)},
	pages={1--6},
	year={2019},
	organization={IEEE}
}

@article{wang2023semantic,
	title={Semantic-aware video compression for automotive cameras},
	author={Wang, Yiting and Chan, Pak Hung and Donzella, Valentina},
	journal={IEEE Transactions on Intelligent Vehicles},
	volume={8},
	number={6},
	pages={3712--3722},
	year={2023},
	publisher={IEEE}
}

@article{yang2023guidelines,
	title={Guidelines for effective unsupervised guided wave compression and denoising in long-term guided wave structural health monitoring},
	author={Yang, Kang and Kim, Sungwon and Harley, Joel B},
	journal={Structural Health Monitoring},
	volume={22},
	number={4},
	pages={2516--2530},
	year={2023},
	publisher={SAGE Publications Sage UK: London, England}
}

@article{yun2021q,
	title={Q-learning-based data-aggregation-aware energy-efficient routing protocol for wireless sensor networks},
	author={Yun, Wan-Kyu and Yoo, Sang-Jo},
	journal={IEEE Access},
	volume={9},
	pages={10737--10750},
	year={2021},
	publisher={IEEE}
}

@inproceedings{zhang2018vibrosight,
	title={Vibrosight: Long-range vibrometry for smart environment sensing},
	author={Zhang, Yang and Laput, Gierad and Harrison, Chris},
	booktitle={Proceedings of the 31st Annual ACM Symposium on User Interface Software and Technology},
	pages={225--236},
	year={2018}
}

