@article{alain2018understanding,
  title={Understanding Intermediate Layers Using Linear Classifier Probes. 2018},
  author={Alain, Guillaume and Bengio, Yoshua},
  journal={arXiv preprint arXiv:1610.01644},
  year={2018}
}

@article{arora2016latent,
  title={A latent variable model approach to pmi-based word embeddings},
  author={Arora, Sanjeev and Li, Yuanzhi and Liang, Yingyu and Ma, Tengyu and Risteski, Andrej},
  journal={Transactions of the Association for Computational Linguistics},
  volume={4},
  pages={385--399},
  year={2016},
  publisher={MIT Press One Rogers Street, Cambridge, MA 02142-1209, USA journals-info~…}
}

@article{belinkov2022probing,
  title={Probing classifiers: Promises, shortcomings, and advances},
  author={Belinkov, Yonatan},
  journal={Computational Linguistics},
  volume={48},
  number={1},
  pages={207--219},
  year={2022},
  publisher={MIT Press One Broadway, 12th Floor, Cambridge, Massachusetts 02142, USA~…}
}

@article{bowman2015generating,
  title={Generating sentences from a continuous space},
  author={Bowman, Samuel R and Vilnis, Luke and Vinyals, Oriol and Dai, Andrew M and Jozefowicz, Rafal and Bengio, Samy},
  journal={arXiv preprint arXiv:1511.06349},
  year={2015}
}

@article{bricken2023monosemanticity,
    title={Towards Monosemanticity: Decomposing Language Models With Dictionary Learning},
    author={Bricken, Trenton and Templeton, Adly and Batson, Joshua and Chen, Brian and Jermyn, Adam and Conerly, Tom and Turner, Nick and Anil, Cem and Denison, Carson and Askell, Amanda and Lasenby, Robert and Wu, Yifan and Kravec, Shauna and Schiefer, Nicholas and Maxwell, Tim and Joseph, Nicholas and Hatfield-Dodds, Zac and Tamkin, Alex and Nguyen, Karina and McLean, Brayden and Burke, Josiah E and Hume, Tristan and Carter, Shan and Henighan, Tom and Olah, Christopher},
    year={2023},
    journal={Transformer Circuits Thread},
    note={https://transformer-circuits.pub/2023/monosemantic-features/index.html}
}

@article{conneau2017word,
  title={Word translation without parallel data},
  author={Conneau, Alexis and Lample, Guillaume and Ranzato, Marc'Aurelio and Denoyer, Ludovic and J{\'e}gou, Herv{\'e}},
  journal={arXiv preprint arXiv:1710.04087},
  year={2017}
}

@article{elhage2022toy,
  title={Toy models of superposition},
  author={Elhage, Nelson and Hume, Tristan and Olsson, Catherine and Schiefer, Nicholas and Henighan, Tom and Kravec, Shauna and Hatfield-Dodds, Zac and Lasenby, Robert and Drain, Dawn and Chen, Carol and others},
  journal={arXiv preprint arXiv:2209.10652},
  year={2022}
}

@article{gao2024scaling,
  title={Scaling and evaluating sparse autoencoders},
  author={Gao, Leo and la Tour, Tom Dupr{\'e} and Tillman, Henk and Goh, Gabriel and Troll, Rajan and Radford, Alec and Sutskever, Ilya and Leike, Jan and Wu, Jeffrey},
  journal={arXiv preprint arXiv:2406.04093},
  year={2024}
}

@InProceedings{hendel2023context,
  author    = {Hendel, Roee and Geva, Mor and Globerson, Amir},
  booktitle = {Findings of the Association for Computational Linguistics},
  title     = {In-Context Learning Creates Task Vectors},
  year      = {2023},
  pages     = {9318--9333},
}

@article{hu2021lora,
  title={Lora: Low-rank adaptation of large language models},
  author={Hu, Edward J and Shen, Yelong and Wallis, Phillip and Allen-Zhu, Zeyuan and Li, Yuanzhi and Wang, Shean and Wang, Lu and Chen, Weizhu},
  journal={arXiv preprint arXiv:2106.09685},
  year={2021}
}

@article{huang2023lorahub,
  title={Lorahub: Efficient cross-task generalization via dynamic lora composition},
  author={Huang, Chengsong and Liu, Qian and Lin, Bill Yuchen and Pang, Tianyu and Du, Chao and Lin, Min},
  journal={arXiv preprint arXiv:2307.13269},
  year={2023}
}

@article{ilharco2022editing,
  title={Editing models with task arithmetic},
  author={Ilharco, Gabriel and Ribeiro, Marco Tulio and Wortsman, Mitchell and Gururangan, Suchin and Schmidt, Ludwig and Hajishirzi, Hannaneh and Farhadi, Ali},
  journal={arXiv preprint arXiv:2212.04089},
  year={2022}
}

@article{jin2022dataless,
  title={Dataless knowledge fusion by merging weights of language models},
  author={Jin, Xisen and Ren, Xiang and Preotiuc-Pietro, Daniel and Cheng, Pengxiang},
  journal={arXiv preprint arXiv:2212.09849},
  year={2022}
}

@article{matena2022merging,
  title={Merging models with fisher-weighted averaging},
  author={Matena, Michael S and Raffel, Colin A},
  journal={Advances in Neural Information Processing Systems},
  volume={35},
  pages={17703--17716},
  year={2022}
}

@article{meng2022locating,
  title={Locating and editing factual associations in GPT},
  author={Meng, Kevin and Bau, David and Andonian, Alex and Belinkov, Yonatan},
  journal={Advances in Neural Information Processing Systems},
  volume={35},
  pages={17359--17372},
  year={2022}
}

@inproceedings{mikolov2013linguistic,
  title={Linguistic regularities in continuous space word representations},
  author={Mikolov, Tom{\'a}{\v{s}} and Yih, Wen-tau and Zweig, Geoffrey},
  booktitle={Proceedings of the 2013 conference of the north american chapter of the association for computational linguistics: Human language technologies},
  pages={746--751},
  year={2013}
}

@article{nostalgebraist2020logitlens,
  title={interpreting GPT: the logit lens},
  author={nostalgebraist},
  journal={LessWrong},
  year={2020},
  url={https://www.lesswrong.com/posts/AcKRB8wDpdaN6v6ru/interpreting-gpt-the-logit-lens}
}

@article{olah2020zoom,
  title={Zoom in: An introduction to circuits},
  author={Olah, Chris and Cammarata, Nick and Schubert, Ludwig and Goh, Gabriel and Petrov, Michael and Carter, Shan},
  journal={Distill},
  volume={5},
  number={3},
  pages={e00024--001},
  year={2020}
}

@article{olsson2022context,
  title={In-context learning and induction heads},
  author={Olsson, Catherine and Elhage, Nelson and Nanda, Neel and Joseph, Nicholas and DasSarma, Nova and Henighan, Tom and Mann, Ben and Askell, Amanda and Bai, Yuntao and Chen, Anna and others},
  journal={arXiv preprint arXiv:2209.11895},
  year={2022}
}

@article{perera2023prompt,
  title={Prompt algebra for task composition},
  author={Perera, Pramuditha and Trager, Matthew and Zancato, Luca and Achille, Alessandro and Soatto, Stefano},
  journal={arXiv preprint arXiv:2306.00310},
  year={2023}
}

@article{templeton2024scaling,
    title={Scaling Monosemanticity: Extracting Interpretable Features from Claude 3 Sonnet},
    author={Templeton, Adly and Conerly, Tom and Marcus, Jonathan and Lindsey, Jack and Bricken, Trenton and Chen, Brian and Pearce, Adam and Citro, Craig and Ameisen, Emmanuel and Jones, Andy and Cunningham, Hoagy and Turner, Nicholas L and McDougall, Callum and MacDiarmid, Monte and Freeman, C. Daniel and Sumers, Theodore R. and Rees, Edward and Batson, Joshua and Jermyn, Adam and Carter, Shan and Olah, Chris and Henighan, Tom},
    year={2024},
    journal={Transformer Circuits Thread},
    url={https://transformer-circuits.pub/2024/scaling-monosemanticity/index.html}
}

@inproceedings{trager2023linear,
  title={Linear spaces of meanings: compositional structures in vision-language models},
  author={Trager, Matthew and Perera, Pramuditha and Zancato, Luca and Achille, Alessandro and Bhatia, Parminder and Soatto, Stefano},
  booktitle={Proceedings of the IEEE/CVF International Conference on Computer Vision},
  pages={15395--15404},
  year={2023}
}

@article{yadav2024ties,
  title={Ties-merging: Resolving interference when merging models},
  author={Yadav, Prateek and Tam, Derek and Choshen, Leshem and Raffel, Colin A and Bansal, Mohit},
  journal={Advances in Neural Information Processing Systems},
  volume={36},
  year={2024}
}

@article{yang2023adamerging,
  title={Adamerging: Adaptive model merging for multi-task learning},
  author={Yang, Enneng and Wang, Zhenyi and Shen, Li and Liu, Shiwei and Guo, Guibing and Wang, Xingwei and Tao, Dacheng},
  journal={arXiv preprint arXiv:2310.02575},
  year={2023}
}

@inproceedings{yu2024language,
  title={Language models are super mario: Absorbing abilities from homologous models as a free lunch},
  author={Yu, Le and Yu, Bowen and Yu, Haiyang and Huang, Fei and Li, Yongbin},
  booktitle={Forty-first International Conference on Machine Learning},
  year={2024}
}

@article{zhang2023composing,
  title={Composing parameter-efficient modules with arithmetic operation},
  author={Zhang, Jinghan and Liu, Junteng and He, Junxian and others},
  journal={Advances in Neural Information Processing Systems},
  volume={36},
  pages={12589--12610},
  year={2023}
}

