@article{ilharco2022editing,
  title={Editing models with task arithmetic},
  author={Ilharco, Gabriel and Ribeiro, Marco Tulio and Wortsman, Mitchell and Gururangan, Suchin and Schmidt, Ludwig and Hajishirzi, Hannaneh and Farhadi, Ali},
  journal={arXiv preprint arXiv:2212.04089},
  year={2022}
}

@article{dosovitskiy2020image,
  title={An image is worth 16x16 words: Transformers for image recognition at scale},
  author={Dosovitskiy, Alexey},
  journal={arXiv preprint arXiv:2010.11929},
  year={2020}
}

@article{raffel2020exploring,
  title={Exploring the limits of transfer learning with a unified text-to-text transformer},
  author={Raffel, Colin and Shazeer, Noam and Roberts, Adam and Lee, Katherine and Narang, Sharan and Matena, Michael and Zhou, Yanqi and Li, Wei and Liu, Peter J},
  journal={Journal of machine learning research},
  volume={21},
  number={140},
  pages={1--67},
  year={2020}
}

@article{touvron2023llama2,
  title={Llama 2: Open foundation and fine-tuned chat models},
  author={Touvron, Hugo and Martin, Louis and Stone, Kevin and Albert, Peter and Almahairi, Amjad and Babaei, Yasmine and Bashlykov, Nikolay and Batra, Soumya and Bhargava, Prajjwal and Bhosale, Shruti and others},
  journal={arXiv preprint arXiv:2307.09288},
  year={2023}
}

@article{hu2021lora,
  title={Lora: Low-rank adaptation of large language models},
  author={Hu, Edward J and Shen, Yelong and Wallis, Phillip and Allen-Zhu, Zeyuan and Li, Yuanzhi and Wang, Shean and Wang, Lu and Chen, Weizhu},
  journal={arXiv preprint arXiv:2106.09685},
  year={2021}
}

@article{liu2022few,
  title={Few-shot parameter-efficient fine-tuning is better and cheaper than in-context learning},
  author={Liu, Haokun and Tam, Derek and Muqeeth, Mohammed and Mohta, Jay and Huang, Tenghao and Bansal, Mohit and Raffel, Colin A},
  journal={Advances in Neural Information Processing Systems},
  volume={35},
  pages={1950--1965},
  year={2022}
}

@inproceedings{wortsman2022model,
  title={Model soups: averaging weights of multiple fine-tuned models improves accuracy without increasing inference time},
  author={Wortsman, Mitchell and Ilharco, Gabriel and Gadre, Samir Ya and Roelofs, Rebecca and Gontijo-Lopes, Raphael and Morcos, Ari S and Namkoong, Hongseok and Farhadi, Ali and Carmon, Yair and Kornblith, Simon and others},
  booktitle={International conference on machine learning},
  pages={23965--23998},
  year={2022},
  organization={PMLR}
}

@article{yadav2024ties,
  title={Ties-merging: Resolving interference when merging models},
  author={Yadav, Prateek and Tam, Derek and Choshen, Leshem and Raffel, Colin A and Bansal, Mohit},
  journal={Advances in Neural Information Processing Systems},
  volume={36},
  year={2024}
}

@article{gupta2020stochastic,
  title={Stochastic weight averaging in parallel: Large-batch training that generalizes well},
  author={Gupta, Vipul and Serrano, Santiago Akle and DeCoste, Dennis},
  journal={arXiv preprint arXiv:2001.02312},
  year={2020}
}

@article{jin2022dataless,
  title={Dataless knowledge fusion by merging weights of language models},
  author={Jin, Xisen and Ren, Xiang and Preotiuc-Pietro, Daniel and Cheng, Pengxiang},
  journal={arXiv preprint arXiv:2212.09849},
  year={2022}
}

@article{matena2022merging,
  title={Merging models with fisher-weighted averaging},
  author={Matena, Michael S and Raffel, Colin A},
  journal={Advances in Neural Information Processing Systems},
  volume={35},
  pages={17703--17716},
  year={2022}
}

@article{zhang2023composing,
  title={Composing parameter-efficient modules with arithmetic operation},
  author={Zhang, Jinghan and Liu, Junteng and He, Junxian and others},
  journal={Advances in Neural Information Processing Systems},
  volume={36},
  pages={12589--12610},
  year={2023}
}

@article{huang2023lorahub,
  title={Lorahub: Efficient cross-task generalization via dynamic lora composition},
  author={Huang, Chengsong and Liu, Qian and Lin, Bill Yuchen and Pang, Tianyu and Du, Chao and Lin, Min},
  journal={arXiv preprint arXiv:2307.13269},
  year={2023}
}

@article{yang2023adamerging,
  title={Adamerging: Adaptive model merging for multi-task learning},
  author={Yang, Enneng and Wang, Zhenyi and Shen, Li and Liu, Shiwei and Guo, Guibing and Wang, Xingwei and Tao, Dacheng},
  journal={arXiv preprint arXiv:2310.02575},
  year={2023}
}

@inproceedings{yu2024language,
  title={Language models are super mario: Absorbing abilities from homologous models as a free lunch},
  author={Yu, Le and Yu, Bowen and Yu, Haiyang and Huang, Fei and Li, Yongbin},
  booktitle={Forty-first International Conference on Machine Learning},
  year={2024}
}

@inproceedings{mikolov2013linguistic,
  title={Linguistic regularities in continuous space word representations},
  author={Mikolov, Tom{\'a}{\v{s}} and Yih, Wen-tau and Zweig, Geoffrey},
  booktitle={Proceedings of the 2013 conference of the north american chapter of the association for computational linguistics: Human language technologies},
  pages={746--751},
  year={2013}
}

@article{arora2016latent,
  title={A latent variable model approach to pmi-based word embeddings},
  author={Arora, Sanjeev and Li, Yuanzhi and Liang, Yingyu and Ma, Tengyu and Risteski, Andrej},
  journal={Transactions of the Association for Computational Linguistics},
  volume={4},
  pages={385--399},
  year={2016},
  publisher={MIT Press One Rogers Street, Cambridge, MA 02142-1209, USA journals-info~…}
}

@article{olah2020zoom,
  title={Zoom in: An introduction to circuits},
  author={Olah, Chris and Cammarata, Nick and Schubert, Ludwig and Goh, Gabriel and Petrov, Michael and Carter, Shan},
  journal={Distill},
  volume={5},
  number={3},
  pages={e00024--001},
  year={2020}
}

@article{alain2018understanding,
  title={Understanding Intermediate Layers Using Linear Classifier Probes. 2018},
  author={Alain, Guillaume and Bengio, Yoshua},
  journal={arXiv preprint arXiv:1610.01644},
  year={2018}
}

@article{nostalgebraist2020logitlens,
  title={interpreting GPT: the logit lens},
  author={nostalgebraist},
  journal={LessWrong},
  year={2020},
  url={https://www.lesswrong.com/posts/AcKRB8wDpdaN6v6ru/interpreting-gpt-the-logit-lens}
}

@article{elhage2022toy,
  title={Toy models of superposition},
  author={Elhage, Nelson and Hume, Tristan and Olsson, Catherine and Schiefer, Nicholas and Henighan, Tom and Kravec, Shauna and Hatfield-Dodds, Zac and Lasenby, Robert and Drain, Dawn and Chen, Carol and others},
  journal={arXiv preprint arXiv:2209.10652},
  year={2022}
}

@article{bricken2023monosemanticity,
    title={Towards Monosemanticity: Decomposing Language Models With Dictionary Learning},
    author={Bricken, Trenton and Templeton, Adly and Batson, Joshua and Chen, Brian and Jermyn, Adam and Conerly, Tom and Turner, Nick and Anil, Cem and Denison, Carson and Askell, Amanda and Lasenby, Robert and Wu, Yifan and Kravec, Shauna and Schiefer, Nicholas and Maxwell, Tim and Joseph, Nicholas and Hatfield-Dodds, Zac and Tamkin, Alex and Nguyen, Karina and McLean, Brayden and Burke, Josiah E and Hume, Tristan and Carter, Shan and Henighan, Tom and Olah, Christopher},
    year={2023},
    journal={Transformer Circuits Thread},
    note={https://transformer-circuits.pub/2023/monosemantic-features/index.html}
}

@article{gao2024scaling,
  title={Scaling and evaluating sparse autoencoders},
  author={Gao, Leo and la Tour, Tom Dupr{\'e} and Tillman, Henk and Goh, Gabriel and Troll, Rajan and Radford, Alec and Sutskever, Ilya and Leike, Jan and Wu, Jeffrey},
  journal={arXiv preprint arXiv:2406.04093},
  year={2024}
}

@article{conneau2017word,
  title={Word translation without parallel data},
  author={Conneau, Alexis and Lample, Guillaume and Ranzato, Marc'Aurelio and Denoyer, Ludovic and J{\'e}gou, Herv{\'e}},
  journal={arXiv preprint arXiv:1710.04087},
  year={2017}
}

@article{bowman2015generating,
  title={Generating sentences from a continuous space},
  author={Bowman, Samuel R and Vilnis, Luke and Vinyals, Oriol and Dai, Andrew M and Jozefowicz, Rafal and Bengio, Samy},
  journal={arXiv preprint arXiv:1511.06349},
  year={2015}
}

@article{meng2022locating,
  title={Locating and editing factual associations in GPT},
  author={Meng, Kevin and Bau, David and Andonian, Alex and Belinkov, Yonatan},
  journal={Advances in Neural Information Processing Systems},
  volume={35},
  pages={17359--17372},
  year={2022}
}

@InProceedings{hendel2023context,
  author    = {Hendel, Roee and Geva, Mor and Globerson, Amir},
  booktitle = {Findings of the Association for Computational Linguistics},
  title     = {In-Context Learning Creates Task Vectors},
  year      = {2023},
  pages     = {9318--9333},
}

@inproceedings{trager2023linear,
  title={Linear spaces of meanings: compositional structures in vision-language models},
  author={Trager, Matthew and Perera, Pramuditha and Zancato, Luca and Achille, Alessandro and Bhatia, Parminder and Soatto, Stefano},
  booktitle={Proceedings of the IEEE/CVF International Conference on Computer Vision},
  pages={15395--15404},
  year={2023}
}

@article{perera2023prompt,
  title={Prompt algebra for task composition},
  author={Perera, Pramuditha and Trager, Matthew and Zancato, Luca and Achille, Alessandro and Soatto, Stefano},
  journal={arXiv preprint arXiv:2306.00310},
  year={2023}
}

@article{belinkov2022probing,
  title={Probing classifiers: Promises, shortcomings, and advances},
  author={Belinkov, Yonatan},
  journal={Computational Linguistics},
  volume={48},
  number={1},
  pages={207--219},
  year={2022},
  publisher={MIT Press One Broadway, 12th Floor, Cambridge, Massachusetts 02142, USA~…}
}

@article{templeton2024scaling,
    title={Scaling Monosemanticity: Extracting Interpretable Features from Claude 3 Sonnet},
    author={Templeton, Adly and Conerly, Tom and Marcus, Jonathan and Lindsey, Jack and Bricken, Trenton and Chen, Brian and Pearce, Adam and Citro, Craig and Ameisen, Emmanuel and Jones, Andy and Cunningham, Hoagy and Turner, Nicholas L and McDougall, Callum and MacDiarmid, Monte and Freeman, C. Daniel and Sumers, Theodore R. and Rees, Edward and Batson, Joshua and Jermyn, Adam and Carter, Shan and Olah, Chris and Henighan, Tom},
    year={2024},
    journal={Transformer Circuits Thread},
    url={https://transformer-circuits.pub/2024/scaling-monosemanticity/index.html}
}

@article{olsson2022context,
  title={In-context learning and induction heads},
  author={Olsson, Catherine and Elhage, Nelson and Nanda, Neel and Joseph, Nicholas and DasSarma, Nova and Henighan, Tom and Mann, Ben and Askell, Amanda and Bai, Yuntao and Chen, Anna and others},
  journal={arXiv preprint arXiv:2209.11895},
  year={2022}
}

@inproceedings{
du2024parameter,
title={Parameter Competition Balancing for Model Merging},
author={Guodong Du and Junlin Lee and Jing Li and Runhua Jiang and Yifei Guo and Shuyang Yu and Hanting Liu and Sim Kuan Goh and Ho-Kin Tang and Daojing He and Min Zhang},
booktitle={The Thirty-eighth Annual Conference on Neural Information Processing Systems},
year={2024},
url={https://openreview.net/forum?id=l5SbrtvSRS}
}

@article{zhuang2020comprehensive,
  title={A comprehensive survey on transfer learning},
  author={Zhuang, Fuzhen and Qi, Zhiyuan and Duan, Keyu and Xi, Dongbo and Zhu, Yongchun and Zhu, Hengshu and Xiong, Hui and He, Qing},
  journal={Proceedings of the IEEE},
  volume={109},
  number={1},
  pages={43--76},
  year={2020},
  publisher={Ieee}
}

@article{bommasani2021opportunities,
  title={On the opportunities and risks of foundation models},
  author={Bommasani, Rishi and Hudson, Drew A and Adeli, Ehsan and Altman, Russ and Arora, Simran and von Arx, Sydney and Bernstein, Michael S and Bohg, Jeannette and Bosselut, Antoine and Brunskill, Emma and others},
  journal={arXiv preprint arXiv:2108.07258},
  year={2021}
}

@inproceedings{kenton2019bert,
  title={Bert: Pre-training of deep bidirectional transformers for language understanding},
  author={Kenton, Jacob Devlin Ming-Wei Chang and Toutanova, Lee Kristina},
  booktitle={Proceedings of naacL-HLT},
  volume={1},
  pages={2},
  year={2019},
  organization={Minneapolis, Minnesota}
}

@article{sanh2021multitask,
  title={Multitask prompted training enables zero-shot task generalization},
  author={Sanh, Victor and Webson, Albert and Raffel, Colin and Bach, Stephen H and Sutawika, Lintang and Alyafeai, Zaid and Chaffin, Antoine and Stiegler, Arnaud and Scao, Teven Le and Raja, Arun and others},
  journal={arXiv preprint arXiv:2110.08207},
  year={2021}
}

@article{pilehvar2018wic,
  title={WiC: the word-in-context dataset for evaluating context-sensitive meaning representations},
  author={Pilehvar, Mohammad Taher and Camacho-Collados, Jose},
  journal={arXiv preprint arXiv:1808.09121},
  year={2018}
}

@article{phang2018sentence,
  title={Sentence encoders on stilts: Supplementary training on intermediate labeled-data tasks},
  author={Phang, Jason and F{\'e}vry, Thibault and Bowman, Samuel R},
  journal={arXiv preprint arXiv:1811.01088},
  year={2018}
}

@article{fifty2021efficiently,
  title={Efficiently identifying task groupings for multi-task learning},
  author={Fifty, Chris and Amid, Ehsan and Zhao, Zhe and Yu, Tianhe and Anil, Rohan and Finn, Chelsea},
  journal={Advances in Neural Information Processing Systems},
  volume={34},
  pages={27503--27516},
  year={2021}
}

@article{choshen2022fusing,
  title={Fusing finetuned models for better pretraining},
  author={Choshen, Leshem and Venezian, Elad and Slonim, Noam and Katz, Yoav},
  journal={arXiv preprint arXiv:2204.03044},
  year={2022}
}

@article{ilharco2022patching,
  title={Patching open-vocabulary models by interpolating weights},
  author={Ilharco, Gabriel and Wortsman, Mitchell and Gadre, Samir Yitzhak and Song, Shuran and Hajishirzi, Hannaneh and Kornblith, Simon and Farhadi, Ali and Schmidt, Ludwig},
  journal={Advances in Neural Information Processing Systems},
  volume={35},
  pages={29262--29277},
  year={2022}
}

@article{zhang2023adalora,
  title={AdaLoRA: Adaptive budget allocation for parameter-efficient fine-tuning},
  author={Zhang, Qingru and Chen, Minshuo and Bukharin, Alexander and Karampatziakis, Nikos and He, Pengcheng and Cheng, Yu and Chen, Weizhu and Zhao, Tuo},
  journal={arXiv preprint arXiv:2303.10512},
  year={2023}
}

@inproceedings{vaswani2017attention,
 author = {Vaswani, Ashish and Shazeer, Noam and Parmar, Niki and Uszkoreit, Jakob and Jones, Llion and Gomez, Aidan N and Kaiser, \L ukasz and Polosukhin, Illia},
 booktitle = {Advances in Neural Information Processing Systems},
 editor = {I. Guyon and U. Von Luxburg and S. Bengio and H. Wallach and R. Fergus and S. Vishwanathan and R. Garnett},
 pages = {},
 publisher = {Curran Associates, Inc.},
 title = {Attention is All you Need},
 url = {https://proceedings.neurips.cc/paper_files/paper/2017/file/3f5ee243547dee91fbd053c1c4a845aa-Paper.pdf},
 volume = {30},
 year = {2017}
}

@inproceedings{radford2021learning,
  title={Learning transferable visual models from natural language supervision},
  author={Radford, Alec and Kim, Jong Wook and Hallacy, Chris and Ramesh, Aditya and Goh, Gabriel and Agarwal, Sandhini and Sastry, Girish and Askell, Amanda and Mishkin, Pamela and Clark, Jack and others},
  booktitle={International conference on machine learning},
  pages={8748--8763},
  year={2021},
  organization={PMLR}
}


@inproceedings{cars,
  title={3d object representations for fine-grained categorization},
  author={Krause, Jonathan and Stark, Michael and Deng, Jia and Fei-Fei, Li},
  booktitle={International Conference on Computer Vision Workshops (ICML)},
  note={\url{https://www.cv-foundation.org/openaccess/content_iccv_workshops_2013/W19/html/Krause_3D_Object_Representations_2013_ICCV_paper.html}},
  year={2013}
}

@inproceedings{dtd,
  title={Describing textures in the wild},
  author={Cimpoi, Mircea and Maji, Subhransu and Kokkinos, Iasonas and Mohamed, Sammy and Vedaldi, Andrea},
  booktitle={Conference on Computer Vision and Pattern Recognition (CVPR)},
  note={\url{https://openaccess.thecvf.com/content_cvpr_2014/html/Cimpoi_Describing_Textures_in_2014_CVPR_paper.html}},
  year={2014}
}

@article{eurosat,
  title={Eurosat: A novel dataset and deep learning benchmark for land use and land cover classification},
  author={Helber, Patrick and Bischke, Benjamin and Dengel, Andreas and Borth, Damian},
  journal={Journal of Selected Topics in Applied Earth Observations and Remote Sensing},
  year={2019},
  note={\url{https://arxiv.org/abs/1709.00029}}
}

@inproceedings{gtsrb,
  title={The German traffic sign recognition benchmark: a multi-class classification competition},
  author={Stallkamp, Johannes and Schlipsing, Marc and Salmen, Jan and Igel, Christian},
  booktitle={International Joint Conference on Neural Networks (IJCNN)},
  note={\url{https://ieeexplore.ieee.org/document/6033395}},
  year={2011},
}

@misc{lecun1998mnist,
  title={The MNIST database of handwritten digits},
  author={LeCun, Yann},
  note={\url{http://yann.lecun.com/exdb/mnist/}},
  year={1998}
}

@article{cheng2017remote,
  title={Remote sensing image scene classification: Benchmark and state of the art},
  author={Cheng, Gong and Han, Junwei and Lu, Xiaoqiang},
  journal={Proceedings of the Institute of Electrical and Electronics Engineers (IEEE)},
  year={2017},
  note={\url{https://ieeexplore.ieee.org/abstract/document/7891544}}
}

@article{sun397,
  title={Sun database: Exploring a large collection of scene categories},
  author={Xiao, Jianxiong and Ehinger, Krista A and Hays, James and Torralba, Antonio and Oliva, Aude},
  journal={International Journal of Computer Vision (IJCV)},
  year={2016},
  note={\url{https://link.springer.com/article/10.1007/s11263-014-0748-y}}
}

@inproceedings{svhn,
  title={Reading digits in natural images with unsupervised feature learning},
  author={Netzer, Yuval and Wang, Tao and Coates, Adam and Bissacco, Alessandro and Wu, Bo and Ng, Andrew Y},
  note={\url{https://storage.googleapis.com/pub-tools-public-publication-data/pdf/37648.pdf}},
  booktitle={Advances in Neural Information Processing Systems (NeurIPS) Workshops},
  year={2011}
}


@inproceedings{khot2020qasc,
  title={Qasc: A dataset for question answering via sentence composition},
  author={Khot, Tushar and Clark, Peter and Guerquin, Michal and Jansen, Peter and Sabharwal, Ashish},
  booktitle={Proceedings of the AAAI Conference on Artificial Intelligence},
  volume={34},
  pages={8082--8090},
  year={2020}
}

@inproceedings{yang-etal-2015-wikiqa,
    title = "{W}iki{QA}: A Challenge Dataset for Open-Domain Question Answering",
    author = "Yang, Yi  and
      Yih, Wen-tau  and
      Meek, Christopher",
    booktitle = "Proceedings of the 2015 Conference on Empirical Methods in Natural Language Processing",
    month = sep,
    year = "2015",
    address = "Lisbon, Portugal",
    publisher = "Association for Computational Linguistics",
    url = "https://aclanthology.org/D15-1237",
    doi = "10.18653/v1/D15-1237",
    pages = "2013--2018",
}

@inproceedings{tafjord2019quartz,
  title={QuaRTz: An Open-Domain Dataset of Qualitative Relationship Questions},
  author={Tafjord, Oyvind and Gardner, Matt and Lin, Kevin and Clark, Peter},
  booktitle={Proceedings of the 2019 Conference on Empirical Methods in Natural Language Processing and the 9th International Joint Conference on Natural Language Processing (EMNLP-IJCNLP)},
  pages={5941--5946},
  year={2019}
}

@InProceedings{paws2019naacl,
  title = {{PAWS: Paraphrase Adversaries from Word Scrambling}},
  author = {Zhang, Yuan and Baldridge, Jason and He, Luheng},
  booktitle = {Proc. of NAACL},
  year = {2019}
}

@inproceedings{sharma2018tackling,
  title={Tackling the story ending biases in the story cloze test},
  author={Sharma, Rishi and Allen, James and Bakhshandeh, Omid and Mostafazadeh, Nasrin},
  booktitle={Proceedings of the 56th Annual Meeting of the Association for Computational Linguistics (Volume 2: Short Papers)},
  pages={752--757},
  year={2018}
}

@inproceedings{sakaguchi2020winogrande,
  title={Winogrande: An adversarial winograd schema challenge at scale},
  author={Sakaguchi, Keisuke and Le Bras, Ronan and Bhagavatula, Chandra and Choi, Yejin},
  booktitle={Proceedings of the AAAI Conference on Artificial Intelligence},
  year={2020}
}

@article{wsc,
  title={The Winograd schema challenge},
  author={Levesque, Hector and Davis, Ernest and Morgenstern, Leora},
  journal={Thirteenth International Conference on the Principles of Knowledge Representation and Reasoning},
  year={2012}
}

@article{colin2020exploring,
  author  = {Colin Raffel and Noam Shazeer and Adam Roberts and Katherine Lee and Sharan Narang and Michael Matena and Yanqi Zhou and Wei Li and Peter J. Liu},
  title   = {Exploring the Limits of Transfer Learning with a Unified Text-to-Text Transformer},
  journal = {Journal of Machine Learning Research (JMLR)},
  year    = {2020},
  note     = {\url{http://jmlr.org/papers/v21/20-074.html}}
}

@article{touvron2023llama,
  title={Llama: Open and efficient foundation language models},
  author={Touvron, Hugo and Lavril, Thibaut and Izacard, Gautier and Martinet, Xavier and Lachaux, Marie-Anne and Lacroix, Timoth{\'e}e and Rozi{\`e}re, Baptiste and Goyal, Naman and Hambro, Eric and Azhar, Faisal and others},
  journal={arXiv preprint arXiv:2302.13971},
  year={2023}
}

@article{yu2023metamath,
  title={Metamath: Bootstrap your own mathematical questions for large language models},
  author={Yu, Longhui and Jiang, Weisen and Shi, Han and Yu, Jincheng and Liu, Zhengying and Zhang, Yu and Kwok, James T and Li, Zhenguo and Weller, Adrian and Liu, Weiyang},
  journal={arXiv preprint arXiv:2309.12284},
  year={2023}
}

@article{roziere2024code,
      title={Code Llama: Open Foundation Models for Code}, 
      author={Baptiste Rozière and Jonas Gehring and Fabian Gloeckle and Sten Sootla and Itai Gat and Xiaoqing Ellen Tan and Yossi Adi and Jingyu Liu and Romain Sauvestre and Tal Remez and Jérémy Rapin and Artyom Kozhevnikov and Ivan Evtimov and Joanna Bitton and Manish Bhatt and Cristian Canton Ferrer and Aaron Grattafiori and Wenhan Xiong and Alexandre Défossez and Jade Copet and Faisal Azhar and Hugo Touvron and Louis Martin and Nicolas Usunier and Thomas Scialom and Gabriel Synnaeve},
      journal={arXiv preprint arXiv:2308.12950},
      year={2023}
}

@article{li2024cmmlu,
      title={CMMLU: Measuring massive multitask language understanding in Chinese}, 
      author={Haonan Li and Yixuan Zhang and Fajri Koto and Yifei Yang and Hai Zhao and Yeyun Gong and Nan Duan and Timothy Baldwin},
      journal={arXiv preprint arXiv:2306.09212},
      year={2023}
}

@article{cobbe2021training,
      title={Training Verifiers to Solve Math Word Problems}, 
      author={Karl Cobbe and Vineet Kosaraju and Mohammad Bavarian and Mark Chen and Heewoo Jun and Lukasz Kaiser and Matthias Plappert and Jerry Tworek and Jacob Hilton and Reiichiro Nakano and Christopher Hesse and John Schulman},
      journal={arXiv preprint arXiv:2110.14168},
      year={2021}
}

@article{chen2021evaluating,
      title={Evaluating Large Language Models Trained on Code}, 
      author={Chen, Mark and Tworek, Jerry and Jun, Heewoo and Yuan, Qiming and Pinto, Henrique Ponde de Oliveira and Kaplan, Jared and Edwards, Harri and Burda, Yuri and Joseph, Nicholas and Brockman, Greg and others},
      journal={arXiv preprint arXiv:2107.03374},
      year={2021}
}


@inproceedings{huang2019cosmos,
  title={Cosmos QA: Machine Reading Comprehension with Contextual Commonsense Reasoning},
  author={Huang, Lifu and Le Bras, Ronan and Bhagavatula, Chandra and Choi, Yejin},
  booktitle={Proceedings of the 2019 Conference on Empirical Methods in Natural Language Processing and the 9th International Joint Conference on Natural Language Processing (EMNLP-IJCNLP)},
  pages={2391--2401},
  year={2019}
}

@inproceedings{sap2019social,
  title={Social IQa: Commonsense Reasoning about Social Interactions},
  author={Sap, Maarten and Rashkin, Hannah and Chen, Derek and Le Bras, Ronan and Choi, Yejin},
  booktitle={Proceedings of the 2019 Conference on Empirical Methods in Natural Language Processing and the 9th International Joint Conference on Natural Language Processing (EMNLP-IJCNLP)},
  pages={4463--4473},
  year={2019}
}

@inproceedings{quail_dataset,
  author    = {Anna Rogers and
               Olga Kovaleva and
               Matthew Downey and
               Anna Rumshisky},
  title     = {Getting Closer to {AI} Complete Question Answering: {A} Set of Prerequisite
               Real Tasks},
  booktitle = {The Thirty-Fourth {AAAI} Conference on Artificial Intelligence, {AAAI}
               2020, The Thirty-Second Innovative Applications of Artificial Intelligence
               Conference, {IAAI} 2020, The Tenth {AAAI} Symposium on Educational
               Advances in Artificial Intelligence, {EAAI} 2020, New York, NY, USA,
               February 7-12, 2020},
  pages     = {8722--8731},
  publisher = {{AAAI} Press},
  year      = {2020},
  url       = {https://aaai.org/ojs/index.php/AAAI/article/view/6398},
  timestamp = {Thu, 04 Jun 2020 13:18:48 +0200},
  biburl    = {https://dblp.org/rec/conf/aaai/RogersKDR20.bib},
  bibsource = {dblp computer science bibliography, https://dblp.org}
}


@article{copa,
  title={Choice of plausible alternatives: An evaluation of commonsense causal reasoning.},
  author={Roemmele, Melissa and Bejan, Cosmin Adrian and Gordon, Andrew S.},
  journal={2011 AAAI Spring Symposium Series},
  year={2011}
}

@article{zellers2019hellaswag,
  title={{HellaSwag}: Can a machine really finish your sentence?},
  author={Zellers, Rowan and Holtzman, Ari and Bisk, Yonatan and Farhadi, Ali and Choi, Yejin},
  journal={arXiv preprint arXiv:1905.07830},
  year={2019}
}

@article{nan2020dart,
  title={Dart: Open-domain structured data record to text generation},
  author={Nan, Linyong and Radev, Dragomir and Zhang, Rui and Rau, Amrit and Sivaprasad, Abhinand and Hsieh, Chiachun and Tang, Xiangru and Vyas, Aadit and Verma, Neha and Krishna, Pranav and others},
  journal={arXiv preprint arXiv:2007.02871},
  year={2020}
}

@article{novikova2017e2e,
  title={The E2E dataset: New challenges for end-to-end generation},
  author={Novikova, Jekaterina and Du{\v{s}}ek, Ond{\v{r}}ej and Rieser, Verena},
  journal={arXiv preprint arXiv:1706.09254},
  year={2017}
}

@inproceedings{gardent2017webnlg,
  title={The WebNLG challenge: Generating text from RDF data},
  author={Gardent, Claire and Shimorina, Anastasia and Narayan, Shashi and Perez-Beltrachini, Laura},
  booktitle={10th International Conference on Natural Language Generation},
  pages={124--133},
  year={2017},
  organization={ACL Anthology}
}
@Comment{jabref-meta: databaseType:bibtex;}
