@misc{baevski2022data2vecgeneralframeworkselfsupervised,
      title={data2vec: A General Framework for Self-supervised Learning in Speech, Vision and Language}, 
      author={Alexei Baevski and Wei-Ning Hsu and Qiantong Xu and Arun Babu and Jiatao Gu and Michael Auli},
      year={2022},
      eprint={2202.03555},
      archivePrefix={arXiv},
      primaryClass={cs.LG},
      url={https://arxiv.org/abs/2202.03555}, 
}

@article{bardes2021vicreg,
  title={Vicreg: Variance-invariance-covariance regularization for self-supervised learning},
  author={Bardes, Adrien and Ponce, Jean and LeCun, Yann},
  journal={arXiv preprint arXiv:2105.04906},
  year={2021}
}

@inproceedings{bertasius2021space,
  title={Is space-time attention all you need for video understanding?},
  author={Bertasius, Gedas and Wang, Heng and Torresani, Lorenzo},
  booktitle={ICML},
  volume={2},
  number={3},
  pages={4},
  year={2021}
}

@inproceedings{carion2020end,
  title={End-to-end object detection with transformers},
  author={Carion, Nicolas and Massa, Francisco and Synnaeve, Gabriel and Usunier, Nicolas and Kirillov, Alexander and Zagoruyko, Sergey},
  booktitle={European conference on computer vision},
  pages={213--229},
  year={2020},
  organization={Springer}
}

@inproceedings{caron2021emerging,
  title={Emerging properties in self-supervised vision transformers},
  author={Caron, Mathilde and Touvron, Hugo and Misra, Ishan and J{\'e}gou, Herv{\'e} and Mairal, Julien and Bojanowski, Piotr and Joulin, Armand},
  booktitle={Proceedings of the IEEE/CVF international conference on computer vision},
  pages={9650--9660},
  year={2021}
}

@inproceedings{chen2020simple,
  title={A simple framework for contrastive learning of visual representations},
  author={Chen, Ting and Kornblith, Simon and Norouzi, Mohammad and Hinton, Geoffrey},
  booktitle={International conference on machine learning},
  pages={1597--1607},
  year={2020},
  organization={PMLR}
}

@inproceedings{chen2021exploring,
  title={Exploring simple siamese representation learning},
  author={Chen, Xinlei and He, Kaiming},
  booktitle={Proceedings of the IEEE/CVF conference on computer vision and pattern recognition},
  pages={15750--15758},
  year={2021}
}

@misc{choy20194dspatiotemporalconvnetsminkowski,
      title={4D Spatio-Temporal ConvNets: Minkowski Convolutional Neural Networks}, 
      author={Christopher Choy and JunYoung Gwak and Silvio Savarese},
      year={2019},
      eprint={1904.08755},
      archivePrefix={arXiv},
      primaryClass={cs.CV},
      url={https://arxiv.org/abs/1904.08755}, 
}

@article{devlin2018bert,
  title={Bert: Pre-training of deep bidirectional transformers for language understanding},
  author={Devlin, Jacob},
  journal={arXiv preprint arXiv:1810.04805},
  year={2018}
}

@article{dosovitskiy2020image,
  title={An image is worth 16x16 words: Transformers for image recognition at scale},
  author={Dosovitskiy, Alexey},
  journal={arXiv preprint arXiv:2010.11929},
  year={2020}
}

@misc{drielsma2021scalableendtoenddeeplearningbaseddata,
      title={Scalable, End-to-End, Deep-Learning-Based Data Reconstruction Chain for Particle Imaging Detectors}, 
      author={Francois Drielsma and Kazuhiro Terao and Laura Dominé and Dae Heun Koh},
      year={2021},
      eprint={2102.01033},
      archivePrefix={arXiv},
      primaryClass={hep-ex},
      url={https://arxiv.org/abs/2102.01033}, 
}

@inproceedings{fan2021multiscale,
  title={Multiscale vision transformers},
  author={Fan, Haoqi and Xiong, Bo and Mangalam, Karttikeya and Li, Yanghao and Yan, Zhicheng and Malik, Jitendra and Feichtenhofer, Christoph},
  booktitle={Proceedings of the IEEE/CVF international conference on computer vision},
  pages={6824--6835},
  year={2021}
}

@misc{golling2024maskedparticlemodelingsets,
      title={Masked Particle Modeling on Sets: Towards Self-Supervised High Energy Physics Foundation Models}, 
      author={Tobias Golling and Lukas Heinrich and Michael Kagan and Samuel Klein and Matthew Leigh and Margarita Osadchy and John Andrew Raine},
      year={2024},
      eprint={2401.13537},
      archivePrefix={arXiv},
      primaryClass={hep-ph},
      url={https://arxiv.org/abs/2401.13537}, 
}

@article{grill2020bootstrap,
  title={Bootstrap your own latent-a new approach to self-supervised learning},
  author={Grill, Jean-Bastien and Strub, Florian and Altch{\'e}, Florent and Tallec, Corentin and Richemond, Pierre and Buchatskaya, Elena and Doersch, Carl and Avila Pires, Bernardo and Guo, Zhaohan and Gheshlaghi Azar, Mohammad and others},
  journal={Advances in neural information processing systems},
  volume={33},
  pages={21271--21284},
  year={2020}
}

@article{guo2021pct,
  title={Pct: Point cloud transformer},
  author={Guo, Meng-Hao and Cai, Jun-Xiong and Liu, Zheng-Ning and Mu, Tai-Jiang and Martin, Ralph R and Hu, Shi-Min},
  journal={Computational Visual Media},
  volume={7},
  pages={187--199},
  year={2021},
  publisher={Springer}
}

@inproceedings{he2020momentum,
  title={Momentum contrast for unsupervised visual representation learning},
  author={He, Kaiming and Fan, Haoqi and Wu, Yuxin and Xie, Saining and Girshick, Ross},
  booktitle={Proceedings of the IEEE/CVF conference on computer vision and pattern recognition},
  pages={9729--9738},
  year={2020}
}

@misc{he2021maskedautoencodersscalablevision,
      title={Masked Autoencoders Are Scalable Vision Learners}, 
      author={Kaiming He and Xinlei Chen and Saining Xie and Yanghao Li and Piotr Dollár and Ross Girshick},
      year={2021},
      eprint={2111.06377},
      archivePrefix={arXiv},
      primaryClass={cs.CV},
      url={https://arxiv.org/abs/2111.06377}, 
}

@misc{kirillov2023segment,
      title={Segment Anything}, 
      author={Alexander Kirillov and Eric Mintun and Nikhila Ravi and Hanzi Mao and Chloe Rolland and Laura Gustafson and Tete Xiao and Spencer Whitehead and Alexander C. Berg and Wan-Yen Lo and Piotr Dollár and Ross Girshick},
      year={2023},
      eprint={2304.02643},
      archivePrefix={arXiv},
      primaryClass={cs.CV},
      url={https://arxiv.org/abs/2304.02643}, 
}

@inproceedings{landrieu2018large,
  title={Large-scale point cloud semantic segmentation with superpoint graphs},
  author={Landrieu, Loic and Simonovsky, Martin},
  booktitle={Proceedings of the IEEE conference on computer vision and pattern recognition},
  pages={4558--4567},
  year={2018}
}

@article{lecun1998gradient,
  title={Gradient-based learning applied to document recognition},
  author={LeCun, Yann and Bottou, L{\'e}on and Bengio, Yoshua and Haffner, Patrick},
  journal={Proceedings of the IEEE},
  volume={86},
  number={11},
  pages={2278--2324},
  year={1998},
  publisher={Ieee}
}

@inproceedings{li2022exploring,
  title={Exploring plain vision transformer backbones for object detection},
  author={Li, Yanghao and Mao, Hanzi and Girshick, Ross and He, Kaiming},
  booktitle={European conference on computer vision},
  pages={280--296},
  year={2022},
  organization={Springer}
}

@inproceedings{misra2021end,
  title={An end-to-end transformer model for 3d object detection},
  author={Misra, Ishan and Girdhar, Rohit and Joulin, Armand},
  booktitle={Proceedings of the IEEE/CVF international conference on computer vision},
  pages={2906--2917},
  year={2021}
}

@article{oord2018representation,
  title={Representation learning with contrastive predictive coding},
  author={Oord, Aaron van den and Li, Yazhe and Vinyals, Oriol},
  journal={arXiv preprint arXiv:1807.03748},
  year={2018}
}

@misc{pang2022maskedautoencoderspointcloud,
      title={Masked Autoencoders for Point Cloud Self-supervised Learning}, 
      author={Yatian Pang and Wenxiao Wang and Francis E. H. Tay and Wei Liu and Yonghong Tian and Li Yuan},
      year={2022},
      eprint={2203.06604},
      archivePrefix={arXiv},
      primaryClass={cs.CV},
      url={https://arxiv.org/abs/2203.06604}, 
}

@inproceedings{qi2017pointnet,
  title={Pointnet: Deep learning on point sets for 3d classification and segmentation},
  author={Qi, Charles R and Su, Hao and Mo, Kaichun and Guibas, Leonidas J},
  booktitle={Proceedings of the IEEE conference on computer vision and pattern recognition},
  pages={652--660},
  year={2017}
}

@misc{r3sl,
      title={Re-Simulation-based Self-Supervised Learning for Pre-Training Foundation Models}, 
      author={Philip Harris and Michael Kagan and Jeffrey Krupa and Benedikt Maier and Nathaniel Woodward},
      year={2024},
      eprint={2403.07066},
      archivePrefix={arXiv},
      primaryClass={hep-ph},
      url={https://arxiv.org/abs/2403.07066}, 
}

@inproceedings{ranftl2021vision,
  title={Vision transformers for dense prediction},
  author={Ranftl, Ren{\'e} and Bochkovskiy, Alexey and Koltun, Vladlen},
  booktitle={Proceedings of the IEEE/CVF international conference on computer vision},
  pages={12179--12188},
  year={2021}
}

@inproceedings{tian2020contrastive,
  title={Contrastive multiview coding},
  author={Tian, Yonglong and Krishnan, Dilip and Isola, Phillip},
  booktitle={Computer Vision--ECCV 2020: 16th European Conference, Glasgow, UK, August 23--28, 2020, Proceedings, Part XI 16},
  pages={776--794},
  year={2020},
  organization={Springer}
}

@article{tian2020makes,
  title={What makes for good views for contrastive learning?},
  author={Tian, Yonglong and Sun, Chen and Poole, Ben and Krishnan, Dilip and Schmid, Cordelia and Isola, Phillip},
  journal={Advances in neural information processing systems},
  volume={33},
  pages={6827--6839},
  year={2020}
}

@article{van2017neural,
  title={Neural discrete representation learning},
  author={Van Den Oord, Aaron and Vinyals, Oriol and others},
  journal={Advances in neural information processing systems},
  volume={30},
  year={2017}
}

@article{vaswani2017attention,
  title={Attention is all you need},
  author={Vaswani, A},
  journal={Advances in Neural Information Processing Systems},
  year={2017}
}

@misc{wang2019dynamicgraphcnnlearning,
      title={Dynamic Graph CNN for Learning on Point Clouds}, 
      author={Yue Wang and Yongbin Sun and Ziwei Liu and Sanjay E. Sarma and Michael M. Bronstein and Justin M. Solomon},
      year={2019},
      eprint={1801.07829},
      archivePrefix={arXiv},
      primaryClass={cs.CV},
      url={https://arxiv.org/abs/1801.07829}, 
}

@misc{yu2022pointbertpretraining3dpoint,
      title={Point-BERT: Pre-training 3D Point Cloud Transformers with Masked Point Modeling}, 
      author={Xumin Yu and Lulu Tang and Yongming Rao and Tiejun Huang and Jie Zhou and Jiwen Lu},
      year={2022},
      eprint={2111.14819},
      archivePrefix={arXiv},
      primaryClass={cs.CV},
      url={https://arxiv.org/abs/2111.14819}, 
}

@inproceedings{zhao2021point,
  title={Point transformer},
  author={Zhao, Hengshuang and Jiang, Li and Jia, Jiaya and Torr, Philip HS and Koltun, Vladlen},
  booktitle={Proceedings of the IEEE/CVF international conference on computer vision},
  pages={16259--16268},
  year={2021}
}

@misc{zhou2022ibotimagebertpretraining,
      title={iBOT: Image BERT Pre-Training with Online Tokenizer}, 
      author={Jinghao Zhou and Chen Wei and Huiyu Wang and Wei Shen and Cihang Xie and Alan Yuille and Tao Kong},
      year={2022},
      eprint={2111.07832},
      archivePrefix={arXiv},
      primaryClass={cs.CV},
      url={https://arxiv.org/abs/2111.07832}, 
}

