@misc{golling2024maskedparticlemodelingsets,
      title={Masked Particle Modeling on Sets: Towards Self-Supervised High Energy Physics Foundation Models}, 
      author={Tobias Golling and Lukas Heinrich and Michael Kagan and Samuel Klein and Matthew Leigh and Margarita Osadchy and John Andrew Raine},
      year={2024},
      eprint={2401.13537},
      archivePrefix={arXiv},
      primaryClass={hep-ph},
      url={https://arxiv.org/abs/2401.13537}, 
}

@article{PhysRevD.106.056005,
  title = {Self-supervised anomaly detection for new physics},
  author = {Dillon, Barry M. and Mastandrea, Radha and Nachman, Benjamin},
  journal = {Phys. Rev. D},
  volume = {106},
  issue = {5},
  pages = {056005},
  numpages = {12},
  year = {2022},
  month = {Sep},
  publisher = {American Physical Society},
  doi = {10.1103/PhysRevD.106.056005},
  url = {https://link.aps.org/doi/10.1103/PhysRevD.106.056005}
}

@misc{r3sl,
      title={Re-Simulation-based Self-Supervised Learning for Pre-Training Foundation Models}, 
      author={Philip Harris and Michael Kagan and Jeffrey Krupa and Benedikt Maier and Nathaniel Woodward},
      year={2024},
      eprint={2403.07066},
      archivePrefix={arXiv},
      primaryClass={hep-ph},
      url={https://arxiv.org/abs/2403.07066}, 
}

@misc{drielsma2021scalableendtoenddeeplearningbaseddata,
      title={Scalable, End-to-End, Deep-Learning-Based Data Reconstruction Chain for Particle Imaging Detectors}, 
      author={Francois Drielsma and Kazuhiro Terao and Laura Dominé and Dae Heun Koh},
      year={2021},
      eprint={2102.01033},
      archivePrefix={arXiv},
      primaryClass={hep-ex},
      url={https://arxiv.org/abs/2102.01033}, 
}

@misc{he2021maskedautoencodersscalablevision,
      title={Masked Autoencoders Are Scalable Vision Learners}, 
      author={Kaiming He and Xinlei Chen and Saining Xie and Yanghao Li and Piotr Dollár and Ross Girshick},
      year={2021},
      eprint={2111.06377},
      archivePrefix={arXiv},
      primaryClass={cs.CV},
      url={https://arxiv.org/abs/2111.06377}, 
}

@inproceedings{graham20183d,
  title={3d semantic segmentation with submanifold sparse convolutional networks},
  author={Graham, Benjamin and Engelcke, Martin and Van Der Maaten, Laurens},
  booktitle={Proceedings of the IEEE conference on computer vision and pattern recognition},
  pages={9224--9232},
  year={2018}
}

@misc{pang2022maskedautoencoderspointcloud,
      title={Masked Autoencoders for Point Cloud Self-supervised Learning}, 
      author={Yatian Pang and Wenxiao Wang and Francis E. H. Tay and Wei Liu and Yonghong Tian and Li Yuan},
      year={2022},
      eprint={2203.06604},
      archivePrefix={arXiv},
      primaryClass={cs.CV},
      url={https://arxiv.org/abs/2203.06604}, 
}

@misc{yu2022pointbertpretraining3dpoint,
      title={Point-BERT: Pre-training 3D Point Cloud Transformers with Masked Point Modeling}, 
      author={Xumin Yu and Lulu Tang and Yongming Rao and Tiejun Huang and Jie Zhou and Jiwen Lu},
      year={2022},
      eprint={2111.14819},
      archivePrefix={arXiv},
      primaryClass={cs.CV},
      url={https://arxiv.org/abs/2111.14819}, 
}

@article{vincent2010stacked,
  title={Stacked denoising autoencoders: Learning useful representations in a deep network with a local denoising criterion.},
  author={Vincent, Pascal and Larochelle, Hugo and Lajoie, Isabelle and Bengio, Yoshua and Manzagol, Pierre-Antoine and Bottou, L{\'e}on},
  journal={Journal of machine learning research},
  volume={11},
  number={12},
  year={2010}
}

@inproceedings{pathak2016context,
  title={Context encoders: Feature learning by inpainting},
  author={Pathak, Deepak and Krahenbuhl, Philipp and Donahue, Jeff and Darrell, Trevor and Efros, Alexei A},
  booktitle={Proceedings of the IEEE conference on computer vision and pattern recognition},
  pages={2536--2544},
  year={2016}
}

@inproceedings{chen2020generative,
  title={Generative pretraining from pixels},
  author={Chen, Mark and Radford, Alec and Child, Rewon and Wu, Jeffrey and Jun, Heewoo and Luan, David and Sutskever, Ilya},
  booktitle={International conference on machine learning},
  pages={1691--1703},
  year={2020},
  organization={PMLR}
}

@article{bao2021beit,
  title={Beit: Bert pre-training of image transformers},
  author={Bao, Hangbo and Dong, Li and Piao, Songhao and Wei, Furu},
  journal={arXiv preprint arXiv:2106.08254},
  year={2021}
}

@inproceedings{xie2022simmim,
  title={Simmim: A simple framework for masked image modeling},
  author={Xie, Zhenda and Zhang, Zheng and Cao, Yue and Lin, Yutong and Bao, Jianmin and Yao, Zhuliang and Dai, Qi and Hu, Han},
  booktitle={Proceedings of the IEEE/CVF conference on computer vision and pattern recognition},
  pages={9653--9663},
  year={2022}
}

@article{hou2022milan,
  title={Milan: Masked image pretraining on language assisted representation},
  author={Hou, Zejiang and Sun, Fei and Chen, Yen-Kuang and Xie, Yuan and Kung, Sun-Yuan},
  journal={arXiv preprint arXiv:2208.06049},
  year={2022}
}

@inproceedings{qi2017pointnet,
  title={Pointnet: Deep learning on point sets for 3d classification and segmentation},
  author={Qi, Charles R and Su, Hao and Mo, Kaichun and Guibas, Leonidas J},
  booktitle={Proceedings of the IEEE conference on computer vision and pattern recognition},
  pages={652--660},
  year={2017}
}

@article{devlin2018bert,
  title={Bert: Pre-training of deep bidirectional transformers for language understanding},
  author={Devlin, Jacob},
  journal={arXiv preprint arXiv:1810.04805},
  year={2018}
}

@article{van2017neural,
  title={Neural discrete representation learning},
  author={Van Den Oord, Aaron and Vinyals, Oriol and others},
  journal={Advances in neural information processing systems},
  volume={30},
  year={2017}
}

@article{bommasani2021opportunities,
  title={On the opportunities and risks of foundation models},
  author={Bommasani, Rishi and Hudson, Drew A and Adeli, Ehsan and Altman, Russ and Arora, Simran and von Arx, Sydney and Bernstein, Michael S and Bohg, Jeannette and Bosselut, Antoine and Brunskill, Emma and others},
  journal={arXiv preprint arXiv:2108.07258},
  year={2021}
}

@article{brown2020language,
  title={Language models are few-shot learners},
  author={Brown, Tom and Mann, Benjamin and Ryder, Nick and Subbiah, Melanie and Kaplan, Jared D and Dhariwal, Prafulla and Neelakantan, Arvind and Shyam, Pranav and Sastry, Girish and Askell, Amanda and others},
  journal={Advances in neural information processing systems},
  volume={33},
  pages={1877--1901},
  year={2020}
}

@article{Hou2024,
  title = {Using artificial intelligence to document the hidden RNA virosphere},
  volume = {187},
  ISSN = {0092-8674},
  url = {http://dx.doi.org/10.1016/j.cell.2024.09.027},
  DOI = {10.1016/j.cell.2024.09.027},
  number = {24},
  journal = {Cell},
  publisher = {Elsevier BV},
  author = {Hou,  Xin and He,  Yong and Fang,  Pan and Mei,  Shi-Qiang and Xu,  Zan and Wu,  Wei-Chen and Tian,  Jun-Hua and Zhang,  Shun and Zeng,  Zhen-Yu and Gou,  Qin-Yu and Xin,  Gen-Yang and Le,  Shi-Jia and Xia,  Yin-Yue and Zhou,  Yu-Lan and Hui,  Feng-Ming and Pan,  Yuan-Fei and Eden,  John-Sebastian and Yang,  Zhao-Hui and Han,  Chong and Shu,  Yue-Long and Guo,  Deyin and Li,  Jun and Holmes,  Edward C. and Li,  Zhao-Rong and Shi,  Mang},
  year = {2024},
  month = nov,
  pages = {6929--6942.e16}
}

@article{Jumper2021,
  title = {Highly accurate protein structure prediction with AlphaFold},
  volume = {596},
  ISSN = {1476-4687},
  url = {http://dx.doi.org/10.1038/s41586-021-03819-2},
  DOI = {10.1038/s41586-021-03819-2},
  number = {7873},
  journal = {Nature},
  publisher = {Springer Science and Business Media LLC},
  author = {Jumper,  John and Evans,  Richard and Pritzel,  Alexander and Green,  Tim and Figurnov,  Michael and Ronneberger,  Olaf and Tunyasuvunakool,  Kathryn and Bates,  Russ and Žídek,  Augustin and Potapenko,  Anna and Bridgland,  Alex and Meyer,  Clemens and Kohl,  Simon A. A. and Ballard,  Andrew J. and Cowie,  Andrew and Romera-Paredes,  Bernardino and Nikolov,  Stanislav and Jain,  Rishub and Adler,  Jonas and Back,  Trevor and Petersen,  Stig and Reiman,  David and Clancy,  Ellen and Zielinski,  Michal and Steinegger,  Martin and Pacholska,  Michalina and Berghammer,  Tamas and Bodenstein,  Sebastian and Silver,  David and Vinyals,  Oriol and Senior,  Andrew W. and Kavukcuoglu,  Koray and Kohli,  Pushmeet and Hassabis,  Demis},
  year = {2021},
  month = jul,
  pages = {583–589}
}

@article{Irwin2022,
  title = {Chemformer: a pre-trained transformer for computational chemistry},
  volume = {3},
  ISSN = {2632-2153},
  url = {http://dx.doi.org/10.1088/2632-2153/ac3ffb},
  DOI = {10.1088/2632-2153/ac3ffb},
  number = {1},
  journal = {Machine Learning: Science and Technology},
  publisher = {IOP Publishing},
  author = {Irwin,  Ross and Dimitriadis,  Spyridon and He,  Jiazhen and Bjerrum,  Esben Jannik},
  year = {2022},
  month = jan,
  pages = {015022}
}

@article{Ross2022,
  title = {Large-scale chemical language representations capture molecular structure and properties},
  volume = {4},
  ISSN = {2522-5839},
  url = {http://dx.doi.org/10.1038/s42256-022-00580-7},
  DOI = {10.1038/s42256-022-00580-7},
  number = {12},
  journal = {Nature Machine Intelligence},
  publisher = {Springer Science and Business Media LLC},
  author = {Ross,  Jerret and Belgodere,  Brian and Chenthamarakshan,  Vijil and Padhi,  Inkit and Mroueh,  Youssef and Das,  Payel},
  year = {2022},
  month = dec,
  pages = {1256–1264}
}


@inproceedings{lanusse2023astroclip,
  title={Astroclip: Cross-modal pre-training for astronomical foundation models},
  author={Lanusse, Francois and Parker, Liam Holden and Golkar, Siavash and Bietti, Alberto and Cranmer, Miles and Eickenberg, Michael and Krawezik, Geraud and McCabe, Michael and Ohana, Ruben and Pettee, Mariel and others},
  booktitle={NeurIPS 2023 AI for Science Workshop},
  year={2023}
}

@article{dillmann2024representation,
  title={Representation learning for time-domain high-energy astrophysics: Discovery of extragalactic Fast X-ray Transient XRT 200515},
  author={Dillmann, Steven and Mart{\'\i}nez-Galarza, Rafael and Soria, Roberto and Di Stefano, Rosanne and Kashyap, Vinay L},
  journal={arXiv preprint arXiv:2412.01150},
  year={2024}
}

@article{mccabe2023multiple,
  title={Multiple physics pretraining for physical surrogate models},
  author={McCabe, Michael and Blancard, Bruno R{\'e}galdo-Saint and Parker, Liam Holden and Ohana, Ruben and Cranmer, Miles and Bietti, Alberto and Eickenberg, Michael and Golkar, Siavash and Krawezik, Geraud and Lanusse, Francois and others},
  journal={arXiv preprint arXiv:2310.02994},
  year={2023}
}

@article{Price2024,
  title = {Probabilistic weather forecasting with machine learning},
  volume = {637},
  ISSN = {1476-4687},
  url = {http://dx.doi.org/10.1038/s41586-024-08252-9},
  DOI = {10.1038/s41586-024-08252-9},
  number = {8044},
  journal = {Nature},
  publisher = {Springer Science and Business Media LLC},
  author = {Price,  Ilan and Sanchez-Gonzalez,  Alvaro and Alet,  Ferran and Andersson,  Tom R. and El-Kadi,  Andrew and Masters,  Dominic and Ewalds,  Timo and Stott,  Jacklynn and Mohamed,  Shakir and Battaglia,  Peter and Lam,  Remi and Willson,  Matthew},
  year = {2024},
  month = dec,
  pages = {84–90}
}


@article{
doi:10.1126/science.adi2336,
author = {Remi Lam  and Alvaro Sanchez-Gonzalez  and Matthew Willson  and Peter Wirnsberger  and Meire Fortunato  and Ferran Alet  and Suman Ravuri  and Timo Ewalds  and Zach Eaton-Rosen  and Weihua Hu  and Alexander Merose  and Stephan Hoyer  and George Holland  and Oriol Vinyals  and Jacklynn Stott  and Alexander Pritzel  and Shakir Mohamed  and Peter Battaglia },
title = {Learning skillful medium-range global weather forecasting},
journal = {Science},
volume = {382},
number = {6677},
pages = {1416-1421},
year = {2023},
doi = {10.1126/science.adi2336},
URL = {https://www.science.org/doi/abs/10.1126/science.adi2336},
eprint = {https://www.science.org/doi/pdf/10.1126/science.adi2336},
abstract = {Global medium-range weather forecasting is critical to decision-making across many social and economic domains. Traditional numerical weather prediction uses increased compute resources to improve forecast accuracy but does not directly use historical weather data to improve the underlying model. Here, we introduce GraphCast, a machine learning–based method trained directly from reanalysis data. It predicts hundreds of weather variables for the next 10 days at 0.25° resolution globally in under 1 minute. GraphCast significantly outperforms the most accurate operational deterministic systems on 90\% of 1380 verification targets, and its forecasts support better severe event prediction, including tropical cyclone tracking, atmospheric rivers, and extreme temperatures. GraphCast is a key advance in accurate and efficient weather forecasting and helps realize the promise of machine learning for modeling complex dynamical systems. The numerical models used to predict weather are large, complex, and computationally demanding and do not learn from past weather patterns. Lam et al. introduced a machine learning–based method that has been trained directly from reanalysis data of past atmospheric conditions. In this way, the authors were able to quickly predict hundreds of weather variables globally up to 10 days in advance and at high resolution. Their predictions were more accurate than those of traditional weather models in 90\% of tested cases and displayed better severe event prediction for tropical cyclones, atmospheric rivers, and extreme temperatures. —H. Jesse Smith Machine learning leads to better, faster, and cheaper weather forecasting.}}


@article{nguyen2023climax,
  title={ClimaX: A foundation model for weather and climate},
  author={Nguyen, Tung and Brandstetter, Johannes and Kapoor, Ashish and Gupta, Jayesh K and Grover, Aditya},
  journal={arXiv preprint arXiv:2301.10343},
  year={2023}
}

@article{kochkov2023neural,
  title={Neural general circulation models},
  author={Kochkov, Dmitrii and Yuval, Janni and Langmore, Ian and Norgaard, Peter and Smith, Jamie A and Mooers, Griffin and Lottes, James and Rasp, Stephan and D{\"u}ben, Peter D and Kl{\"o}wer, Milan and others},
  journal={CoRR},
  year={2023}
}

@article{Trinh2024,
  title = {Solving olympiad geometry without human demonstrations},
  volume = {625},
  ISSN = {1476-4687},
  url = {http://dx.doi.org/10.1038/s41586-023-06747-5},
  DOI = {10.1038/s41586-023-06747-5},
  number = {7995},
  journal = {Nature},
  publisher = {Springer Science and Business Media LLC},
  author = {Trinh,  Trieu H. and Wu,  Yuhuai and Le,  Quoc V. and He,  He and Luong,  Thang},
  year = {2024},
  month = jan,
  pages = {476–482}
}

@article{xin2024deepseek,
  title={DeepSeek-Prover: Advancing Theorem Proving in LLMs through Large-Scale Synthetic Data},
  author={Xin, Huajian and Guo, Daya and Shao, Zhihong and Ren, Zhizhou and Zhu, Qihao and Liu, Bo and Ruan, Chong and Li, Wenda and Liang, Xiaodan},
  journal={arXiv preprint arXiv:2405.14333},
  year={2024}
}

@misc{herde2024poseidonefficientfoundationmodels,
      title={Poseidon: Efficient Foundation Models for PDEs}, 
      author={Maximilian Herde and Bogdan Raonić and Tobias Rohner and Roger Käppeli and Roberto Molinaro and Emmanuel de Bézenac and Siddhartha Mishra},
      year={2024},
      eprint={2405.19101},
      archivePrefix={arXiv},
      primaryClass={cs.LG},
      url={https://arxiv.org/abs/2405.19101}, 
}

@article{dosovitskiy2020image,
  title={An image is worth 16x16 words: Transformers for image recognition at scale},
  author={Dosovitskiy, Alexey},
  journal={arXiv preprint arXiv:2010.11929},
  year={2020}
}

@inproceedings{bertasius2021space,
  title={Is space-time attention all you need for video understanding?},
  author={Bertasius, Gedas and Wang, Heng and Torresani, Lorenzo},
  booktitle={ICML},
  volume={2},
  number={3},
  pages={4},
  year={2021}
}

@inproceedings{fan2021multiscale,
  title={Multiscale vision transformers},
  author={Fan, Haoqi and Xiong, Bo and Mangalam, Karttikeya and Li, Yanghao and Yan, Zhicheng and Malik, Jitendra and Feichtenhofer, Christoph},
  booktitle={Proceedings of the IEEE/CVF international conference on computer vision},
  pages={6824--6835},
  year={2021}
}

@inproceedings{ranftl2021vision,
  title={Vision transformers for dense prediction},
  author={Ranftl, Ren{\'e} and Bochkovskiy, Alexey and Koltun, Vladlen},
  booktitle={Proceedings of the IEEE/CVF international conference on computer vision},
  pages={12179--12188},
  year={2021}
}

@inproceedings{misra2021end,
  title={An end-to-end transformer model for 3d object detection},
  author={Misra, Ishan and Girdhar, Rohit and Joulin, Armand},
  booktitle={Proceedings of the IEEE/CVF international conference on computer vision},
  pages={2906--2917},
  year={2021}
}

@inproceedings{carion2020end,
  title={End-to-end object detection with transformers},
  author={Carion, Nicolas and Massa, Francisco and Synnaeve, Gabriel and Usunier, Nicolas and Kirillov, Alexander and Zagoruyko, Sergey},
  booktitle={European conference on computer vision},
  pages={213--229},
  year={2020},
  organization={Springer}
}

@inproceedings{li2022exploring,
  title={Exploring plain vision transformer backbones for object detection},
  author={Li, Yanghao and Mao, Hanzi and Girshick, Ross and He, Kaiming},
  booktitle={European conference on computer vision},
  pages={280--296},
  year={2022},
  organization={Springer}
}

@misc{kirillov2023segment,
      title={Segment Anything}, 
      author={Alexander Kirillov and Eric Mintun and Nikhila Ravi and Hanzi Mao and Chloe Rolland and Laura Gustafson and Tete Xiao and Spencer Whitehead and Alexander C. Berg and Wan-Yen Lo and Piotr Dollár and Ross Girshick},
      year={2023},
      eprint={2304.02643},
      archivePrefix={arXiv},
      primaryClass={cs.CV},
      url={https://arxiv.org/abs/2304.02643}, 
}

@article{lecun1998gradient,
  title={Gradient-based learning applied to document recognition},
  author={LeCun, Yann and Bottou, L{\'e}on and Bengio, Yoshua and Haffner, Patrick},
  journal={Proceedings of the IEEE},
  volume={86},
  number={11},
  pages={2278--2324},
  year={1998},
  publisher={Ieee}
}

@article{vaswani2017attention,
  title={Attention is all you need},
  author={Vaswani, A},
  journal={Advances in Neural Information Processing Systems},
  year={2017}
}

@article{guo2021pct,
  title={Pct: Point cloud transformer},
  author={Guo, Meng-Hao and Cai, Jun-Xiong and Liu, Zheng-Ning and Mu, Tai-Jiang and Martin, Ralph R and Hu, Shi-Min},
  journal={Computational Visual Media},
  volume={7},
  pages={187--199},
  year={2021},
  publisher={Springer}
}

@inproceedings{zhao2021point,
  title={Point transformer},
  author={Zhao, Hengshuang and Jiang, Li and Jia, Jiaya and Torr, Philip HS and Koltun, Vladlen},
  booktitle={Proceedings of the IEEE/CVF international conference on computer vision},
  pages={16259--16268},
  year={2021}
}

@inproceedings{landrieu2018large,
  title={Large-scale point cloud semantic segmentation with superpoint graphs},
  author={Landrieu, Loic and Simonovsky, Martin},
  booktitle={Proceedings of the IEEE conference on computer vision and pattern recognition},
  pages={4558--4567},
  year={2018}
}

@misc{choy20194dspatiotemporalconvnetsminkowski,
      title={4D Spatio-Temporal ConvNets: Minkowski Convolutional Neural Networks}, 
      author={Christopher Choy and JunYoung Gwak and Silvio Savarese},
      year={2019},
      eprint={1904.08755},
      archivePrefix={arXiv},
      primaryClass={cs.CV},
      url={https://arxiv.org/abs/1904.08755}, 
}

@misc{wang2019dynamicgraphcnnlearning,
      title={Dynamic Graph CNN for Learning on Point Clouds}, 
      author={Yue Wang and Yongbin Sun and Ziwei Liu and Sanjay E. Sarma and Michael M. Bronstein and Justin M. Solomon},
      year={2019},
      eprint={1801.07829},
      archivePrefix={arXiv},
      primaryClass={cs.CV},
      url={https://arxiv.org/abs/1801.07829}, 
}

@article{grill2020bootstrap,
  title={Bootstrap your own latent-a new approach to self-supervised learning},
  author={Grill, Jean-Bastien and Strub, Florian and Altch{\'e}, Florent and Tallec, Corentin and Richemond, Pierre and Buchatskaya, Elena and Doersch, Carl and Avila Pires, Bernardo and Guo, Zhaohan and Gheshlaghi Azar, Mohammad and others},
  journal={Advances in neural information processing systems},
  volume={33},
  pages={21271--21284},
  year={2020}
}

@inproceedings{chen2020simple,
  title={A simple framework for contrastive learning of visual representations},
  author={Chen, Ting and Kornblith, Simon and Norouzi, Mohammad and Hinton, Geoffrey},
  booktitle={International conference on machine learning},
  pages={1597--1607},
  year={2020},
  organization={PMLR}
}

@inproceedings{he2020momentum,
  title={Momentum contrast for unsupervised visual representation learning},
  author={He, Kaiming and Fan, Haoqi and Wu, Yuxin and Xie, Saining and Girshick, Ross},
  booktitle={Proceedings of the IEEE/CVF conference on computer vision and pattern recognition},
  pages={9729--9738},
  year={2020}
}


@article{oord2018representation,
  title={Representation learning with contrastive predictive coding},
  author={Oord, Aaron van den and Li, Yazhe and Vinyals, Oriol},
  journal={arXiv preprint arXiv:1807.03748},
  year={2018}
}

@inproceedings{tian2020contrastive,
  title={Contrastive multiview coding},
  author={Tian, Yonglong and Krishnan, Dilip and Isola, Phillip},
  booktitle={Computer Vision--ECCV 2020: 16th European Conference, Glasgow, UK, August 23--28, 2020, Proceedings, Part XI 16},
  pages={776--794},
  year={2020},
  organization={Springer}
}

@article{tian2020makes,
  title={What makes for good views for contrastive learning?},
  author={Tian, Yonglong and Sun, Chen and Poole, Ben and Krishnan, Dilip and Schmid, Cordelia and Isola, Phillip},
  journal={Advances in neural information processing systems},
  volume={33},
  pages={6827--6839},
  year={2020}
}

@inproceedings{chen2021exploring,
  title={Exploring simple siamese representation learning},
  author={Chen, Xinlei and He, Kaiming},
  booktitle={Proceedings of the IEEE/CVF conference on computer vision and pattern recognition},
  pages={15750--15758},
  year={2021}
}
@inproceedings{caron2021emerging,
  title={Emerging properties in self-supervised vision transformers},
  author={Caron, Mathilde and Touvron, Hugo and Misra, Ishan and J{\'e}gou, Herv{\'e} and Mairal, Julien and Bojanowski, Piotr and Joulin, Armand},
  booktitle={Proceedings of the IEEE/CVF international conference on computer vision},
  pages={9650--9660},
  year={2021}
}

@article{bardes2021vicreg,
  title={Vicreg: Variance-invariance-covariance regularization for self-supervised learning},
  author={Bardes, Adrien and Ponce, Jean and LeCun, Yann},
  journal={arXiv preprint arXiv:2105.04906},
  year={2021}
}

@misc{zhou2022ibotimagebertpretraining,
      title={iBOT: Image BERT Pre-Training with Online Tokenizer}, 
      author={Jinghao Zhou and Chen Wei and Huiyu Wang and Wei Shen and Cihang Xie and Alan Yuille and Tao Kong},
      year={2022},
      eprint={2111.07832},
      archivePrefix={arXiv},
      primaryClass={cs.CV},
      url={https://arxiv.org/abs/2111.07832}, 
}

@misc{baevski2022data2vecgeneralframeworkselfsupervised,
      title={data2vec: A General Framework for Self-supervised Learning in Speech, Vision and Language}, 
      author={Alexei Baevski and Wei-Ning Hsu and Qiantong Xu and Arun Babu and Jiatao Gu and Michael Auli},
      year={2022},
      eprint={2202.03555},
      archivePrefix={arXiv},
      primaryClass={cs.LG},
      url={https://arxiv.org/abs/2202.03555}, 
}

@misc{zeid2023point2vecselfsupervisedrepresentationlearning,
      title={Point2Vec for Self-Supervised Representation Learning on Point Clouds}, 
      author={Karim Abou Zeid and Jonas Schult and Alexander Hermans and Bastian Leibe},
      year={2023},
      eprint={2303.16570},
      archivePrefix={arXiv},
      primaryClass={cs.CV},
      url={https://arxiv.org/abs/2303.16570}, 
}

@article{ravi2020pytorch3d,
    author = {Nikhila Ravi and Jeremy Reizenstein and David Novotny and Taylor Gordon
                  and Wan-Yen Lo and Justin Johnson and Georgia Gkioxari},
    title = {Accelerating 3D Deep Learning with PyTorch3D},
    journal = {arXiv:2007.08501},
    year = {2020},
}

@article{qi2017pointnet++,
  title={Pointnet++: Deep hierarchical feature learning on point sets in a metric space},
  author={Qi, Charles Ruizhongtai and Yi, Li and Su, Hao and Guibas, Leonidas J},
  journal={Advances in neural information processing systems},
  volume={30},
  year={2017}
}

@article{qian2022pointnext,
  title={Pointnext: Revisiting pointnet++ with improved training and scaling strategies},
  author={Qian, Guocheng and Li, Yuchen and Peng, Houwen and Mai, Jinjie and Hammoud, Hasan and Elhoseiny, Mohamed and Ghanem, Bernard},
  journal={Advances in neural information processing systems},
  volume={35},
  pages={23192--23204},
  year={2022}
}

@misc{ba2016layernormalization,
      title={Layer Normalization}, 
      author={Jimmy Lei Ba and Jamie Ryan Kiros and Geoffrey E. Hinton},
      year={2016},
      eprint={1607.06450},
      archivePrefix={arXiv},
      primaryClass={stat.ML},
      url={https://arxiv.org/abs/1607.06450}, 
}

@article{caron2020unsupervised,
  title={Unsupervised learning of visual features by contrasting cluster assignments},
  author={Caron, Mathilde and Misra, Ishan and Mairal, Julien and Goyal, Priya and Bojanowski, Piotr and Joulin, Armand},
  journal={Advances in neural information processing systems},
  volume={33},
  pages={9912--9924},
  year={2020}
}

@techreport{rubbia1977liquid,
  title={The liquid-argon time projection chamber: a new concept for neutrino detectors},
  author={Rubbia, Carlo},
  year={1977}
}

@misc{adams2020pilarnetpublicdatasetparticle,
      title={PILArNet: Public Dataset for Particle Imaging Liquid Argon Detectors in High Energy Physics}, 
      author={Corey Adams and Kazuhiro Terao and Taritree Wongjirad},
      year={2020},
      eprint={2006.01993},
      archivePrefix={arXiv},
      primaryClass={physics.ins-det},
      url={https://arxiv.org/abs/2006.01993}, 
}

@misc{chang2015shapenetinformationrich3dmodel,
      title={ShapeNet: An Information-Rich 3D Model Repository}, 
      author={Angel X. Chang and Thomas Funkhouser and Leonidas Guibas and Pat Hanrahan and Qixing Huang and Zimo Li and Silvio Savarese and Manolis Savva and Shuran Song and Hao Su and Jianxiong Xiao and Li Yi and Fisher Yu},
      year={2015},
      eprint={1512.03012},
      archivePrefix={arXiv},
      primaryClass={cs.GR},
      url={https://arxiv.org/abs/1512.03012}, 
}

@misc{li2024diffpmaediffusionmaskedautoencoders,
      title={DiffPMAE: Diffusion Masked Autoencoders for Point Cloud Reconstruction}, 
      author={Yanlong Li and Chamara Madarasingha and Kanchana Thilakarathna},
      year={2024},
      eprint={2312.03298},
      archivePrefix={arXiv},
      primaryClass={cs.CV},
      url={https://arxiv.org/abs/2312.03298}, 
}


@misc{lin2018focallossdenseobject,
      title={Focal Loss for Dense Object Detection}, 
      author={Tsung-Yi Lin and Priya Goyal and Ross Girshick and Kaiming He and Piotr Dollár},
      year={2018},
      eprint={1708.02002},
      archivePrefix={arXiv},
      primaryClass={cs.CV},
      url={https://arxiv.org/abs/1708.02002}, 
}

@inproceedings{10.5555/3001460.3001507,
author = {Ester, Martin and Kriegel, Hans-Peter and Sander, J\"{o}rg and Xu, Xiaowei},
title = {A density-based algorithm for discovering clusters in large spatial databases with noise},
year = {1996},
publisher = {AAAI Press},
abstract = {Clustering algorithms are attractive for the task of class identification in spatial databases. However, the application to large spatial databases rises the following requirements for clustering algorithms: minimal requirements of domain knowledge to determine the input parameters, discovery of clusters with arbitrary shape and good efficiency on large databases. The well-known clustering algorithms offer no solution to the combination of these requirements. In this paper, we present the new clustering algorithm DBSCAN relying on a density-based notion of clusters which is designed to discover clusters of arbitrary shape. DBSCAN requires only one input parameter and supports the user in determining an appropriate value for it. We performed an experimental evaluation of the effectiveness and efficiency of DBSCAN using synthetic data and real data of the SEQUOIA 2000 benchmark. The results of our experiments demonstrate that (1) DBSCAN is significantly more effective in discovering clusters of arbitrary shape than the well-known algorithm CLAR-ANS, and that (2) DBSCAN outperforms CLARANS by a factor of more than 100 in terms of efficiency.},
booktitle = {Proceedings of the Second International Conference on Knowledge Discovery and Data Mining},
pages = {226–231},
numpages = {6},
keywords = {arbitrary shape of clusters, clustering algorithms, efficiency on large spatial databases, handling nlj4-275oise},
location = {Portland, Oregon},
series = {KDD'96}
}



@article{Abi2020,
  title = {Volume IV. The DUNE far detector single-phase technology},
  volume = {15},
  ISSN = {1748-0221},
  url = {http://dx.doi.org/10.1088/1748-0221/15/08/T08010},
  DOI = {10.1088/1748-0221/15/08/t08010},
  number = {08},
  journal = {Journal of Instrumentation},
  publisher = {IOP Publishing},
  author = {Abi,  B. and Acciarri,  R. and Acero,  M.A. and Adamov,  G. and Adams,  D. and Adinolfi,  M. and Ahmad,  Z. and Ahmed,  J. and Alion,  T. and Monsalve,  S. Alonso and Alt,  C. and Anderson,  J. and Andreopoulos,  C. and Andrews,  M. and Andrianala,  F. and Andringa,  S. and Ankowski,  A. and Antonova,  M. and Antusch,  S. and Aranda-Fernandez,  A. and Ariga,  A. and Arnold,  L.O. and Arroyave,  M.A. and Asaadi,  J. and Aurisano,  A. and Aushev,  V. and Autiero,  D. and Azfar,  F. and Back,  H. and Back,  J.J. and Backhouse,  C. and Baesso,  P. and Bagby,  L. and Bajou,  R. and Balasubramanian,  S. and Baldi,  P. and Bambah,  B. and Barao,  F. and Barenboim,  G. and Barker,  G. and Barkhouse,  W. and Barnes,  C. and Barr,  G. and Monarca,  J. Barranco and Barros,  N. and Barrow,  J.L. and Bashyal,  A. and Basque,  V. and Bay,  F. and Alba,  J. Bazo and Beacom,  J.F. and Bechetoille,  E. and Behera,  B. and Bellantoni,  L. and Bellettini,  G. and Bellini,  V. and Beltramello,  O. and Belver,  D. and Benekos,  N. and Neves,  F. Bento and Berger,  J. and Berkman,  S. and Bernardini,  P. and Berner,  R.M. and Berns,  H. and Bertolucci,  S. and Betancourt,  M. and Bezawada,  Y. and Bhattacharjee,  M. and Bhuyan,  B. and Biagi,  S. and Bian,  J. and Biassoni,  M. and Biery,  K. and Bilki,  B. and Bishai,  M. and Bitadze,  A. and Blake,  A. and Siffert,  B. Blanco and Blaszczyk,  F. and Blazey,  G. and Blucher,  E. and Boissevain,  J. and Bolognesi,  S. and Bolton,  T. and Bonesini,  M. and Bongrand,  M. and Bonini,  F. and Booth,  A. and Booth,  C. and Bordoni,  S. and Borkum,  A. and Boschi,  T. and Bostan,  N. and Bour,  P. and Boyd,  S. and Boyden,  D. and Bracinik,  J. and Braga,  D. and Brailsford,  D. and Brandt,  A. and Bremer,  J. and Brew,  C. and Brianne,  E. and Brice,  S.J. and Brizzolari,  C. and Bromberg,  C. and Brooijmans,  G. and Brooke,  J. and Bross,  A. and Brunetti,  G. and Buchanan,  N. and Budd,  H. and Caiulo,  D. and Calafiura,  P. and Calcutt,  J. and Calin,  M. and Calvez,  S. and Calvo,  E. and Camilleri,  L. and Caminata,  A. and Campanelli,  M. and Caratelli,  D. and Carini,  G. and Carlus,  B. and Carniti,  P. and Terrazas,  I. Caro and Carranza,  H. and Castillo,  A. and Castromonte,  C. and Cattadori,  C. and Cavalier,  F. and Cavanna,  F. and Centro,  S. and Cerati,  G. and Cervelli,  A. and Villanueva,  A. Cervera and Chalifour,  M. and Chang,  C. and Chardonnet,  E. and Chatterjee,  A. and Chattopadhyay,  S. and Chaves,  J. and Chen,  H. and Chen,  M. and Chen,  Y. and Cherdack,  D. and Chi,  C. and Childress,  S. and Chiriacescu,  A. and Cho,  K. and Choubey,  S. and Christensen,  A. and Christian,  D. and Christodoulou,  G. and Church,  E. and Clarke,  P. and Coan,  T.E. and Cocco,  A.G. and Coelho,  J. and Conley,  E. and Conrad,  J. and Convery,  M. and Corwin,  L. and Cotte,  P. and Cremaldi,  L. and Cremonesi,  L. and Crespo-Anadón,  J.I. and Cristaldo,  E. and Cross,  R. and Cuesta,  C. and Cui,  Y. and Cussans,  D. and Dabrowski,  M. and Motta,  H. Da and Peres,  L. Da Silva and David,  Q. and Davies,  G.S. and Davini,  S. and Dawson,  J. and De,  K. and Almeida,  R.M. De and Debbins,  P. and Bonis,  I. De and Decowski,  M. and Gouvea,  A. De and Holanda,  P.C. De and Astiz,  I.L. De Icaza and Deisting,  A. and Jong,  P. De and Delbart,  A. and Delepine,  D. and Delgado,  M. and Dell’Acqua,  A. and Lurgio,  P. De and Neto,  J.R. De Mello and DeMuth,  D.M. and Dennis,  S. and Densham,  C. and Deptuch,  G. and Roeck,  A. De and Romeri,  V. De and Vries,  J. De and Dharmapalan,  R. and Dias,  M. and Diaz,  F. and Diaz,  J. and Domizio,  S. Di and Giulio,  L. Di and Ding,  P. and Noto,  L. Di and Distefano,  C. and Diurba,  R. and Diwan,  M. and Djurcic,  Z. and Dokania,  N. and Dolinski,  M. and Domine,  L. and Douglas,  D. and Drielsma,  F. and Duchesneau,  D. and Duffy,  K. and Dunne,  P. and Durkin,  T. and Duyang,  H. and Dvornikov,  O. and Dwyer,  D. and Dyshkant,  A. and Eads,  M. and Edmunds,  D. and Eisch,  J. and Emery,  S. and Ereditato,  A. and Escobar,  C. and Sanchez,  L. Escudero and Evans,  J.J. and Ewart,  E. and Ezeribe,  A.C. and Fahey,  K. and Falcone,  A. and Farnese,  C. and Farzan,  Y. and Felix,  J. and Fernandez-Martinez,  E. and Menendez,  P. Fernandez and Ferraro,  F. and Fields,  L. and Filkins,  A. and Filthaut,  F. and Fitzpatrick,  R.S. and Flanagan,  W. and Fleming,  B. and Flight,  R. and Fowler,  J. and Fox,  W. and Franc,  J. and Francis,  K. and Franco,  D. and Freeman,  J. and Freestone,  J. and Fried,  J. and Friedland,  A. and Fuess,  S. and Furic,  I. and Furmanski,  A.P. and Gago,  A. and Gallagher,  H. and Gallego-Ros,  A. and Gallice,  N. and Galymov,  V. and Gamberini,  E. and Gamble,  T. and Gandhi,  R. and Gandrajula,  R. and Gao,  S. and Garcia-Gamez,  D. and García-Peris,  M.Á. and Gardiner,  S. and Gastler,  D. and Ge,  G. and Gelli,  B. and Gendotti,  A. and Gent,  S. and Ghorbani-Moghaddam,  Z. and Gibin,  D. and Gil-Botella,  I. and Girerd,  C. and Giri,  A. and Gnani,  D. and Gogota,  O. and Gold,  M. and Gollapinni,  S. and Gollwitzer,  K. and Gomes,  R.A. and Bermeo,  L. Gomez and Fajardo,  L.S. Gomez and Gonnella,  F. and Gonzalez-Cuevas,  J. and Goodman,  M.C. and Goodwin,  O. and Goswami,  S. and Gotti,  C. and Goudzovski,  E. and Grace,  C. and Graham,  M. and Gramellini,  E. and Gran,  R. and Granados,  E. and Grant,  A. and Grant,  C. and Gratieri,  D. and Green,  P. and Green,  S. and Greenler,  L. and Greenwood,  M. and Greer,  J. and Griffith,  C. and Groh,  M. and Grudzinski,  J. and Grzelak,  K. and Gu,  W. and Guarino,  V. and Guenette,  R. and Guglielmi,  A. and Guo,  B. and Guthikonda,  K. and Gutierrez,  R. and Guzowski,  P. and Guzzo,  M.M. and Gwon,  S. and Habig,  A. and Hackenburg,  A. and Hadavand,  H. and Haenni,  R. and Hahn,  A. and Haigh,  J. and Haiston,  J. and Hamernik,  T. and Hamilton,  P. and Han,  J. and Harder,  K. and Harris,  D.A. and Hartnell,  J. and Hasegawa,  T. and Hatcher,  R. and Hazen,  E. and Heavey,  A. and Heeger,  K.M. and Hennessy,  K. and Henry,  S. and Morquecho,  M. Hernandez and Herner,  K. and Hertel,  L. and Hesam,  A.S. and Hewes,  J. and Pichardo,  A. Higuera and Hill,  T. and Hillier,  S.J. and Himmel,  A. and Hoff,  J. and Hohl,  C. and Holin,  A. and Hoppe,  E. and Horton-Smith,  G.A. and Hostert,  M. and Hourlier,  A. and Howard,  B. and Howell,  R. and Huang,  J. and Huang,  J. and Hugon,  J. and Iles,  G. and Iliescu,  A.M. and Illingworth,  R. and Ioannisian,  A. and Itay,  R. and Izmaylov,  A. and James,  E. and Jargowsky,  B. and Jediny,  F. and Jesús-Valls,  C. and Ji,  X. and Jiang,  L. and Jiménez,  S. and Jipa,  A. and Joglekar,  A. and Johnson,  C. and Johnson,  R. and Jones,  B. and Jones,  S. and Jung,  C. and Junk,  T. and Jwa,  Y. and Kabirnezhad,  M. and Kaboth,  A. and Kadenko,  I. and Kamiya,  F. and Karagiorgi,  G. and Karcher,  A. and Karolak,  M. and Karyotakis,  Y. and Kasai,  S. and Kasetti,  S.P. and Kashur,  L. and Kazaryan,  N. and Kearns,  E. and Keener,  P. and Kelly,  K.J. and Kemp,  E. and Ketchum,  W. and Kettell,  S. and Khabibullin,  M. and Khotjantsev,  A. and Khvedelidze,  A. and Kim,  D. and King,  B. and Kirby,  B. and Kirby,  M. and Klein,  J. and Koehler,  K. and Koerner,  L.W. and Kohn,  S. and Koller,  P.P. and Kordosky,  M. and Kosc,  T. and Kose,  U. and Kostelecky,  V. and Kothekar,  K. and Krennrich,  F. and Kreslo,  I. and Kudenko,  Y. and Kudryavtsev,  V. and Kulagin,  S. and Kumar,  J. and Kumar,  R. and Kuruppu,  C. and Kus,  V. and Kutter,  T. and Lambert,  A. and Lande,  K. and Lane,  C.E. and Lang,  K. and Langford,  T. and Lasorak,  P. and Last,  D. and Lastoria,  C. and Laundrie,  A. and Lawrence,  A. and Lazanu,  I. and LaZur,  R. and Le,  T. and Learned,  J. and LeBrun,  P. and Miotto,  G. Lehmann and Lehnert,  R. and de Oliveira,  M. Leigui and Leitner,  M. and Leyton,  M. and Li,  L. and Li,  S. and Li,  S. and Li,  T. and Li,  Y. and Liao,  H. and Lin,  C. and Lin,  S. and Lister,  A. and Littlejohn,  B.R. and Liu,  J. and Lockwitz,  S. and Loew,  T. and Lokajicek,  M. and Lomidze,  I. and Long,  K. and Loo,  K. and Lorca,  D. and Lord,  T. and LoSecco,  J. and Louis,  W.C. and Luk,  K. and Luo,  X. and Lurkin,  N. and Lux,  T. and Luzio,  V.P. and MacFarland,  D. and Machado,  A. and Machado,  P. and Macias,  C. and Macier,  J. and Maddalena,  A. and Madigan,  P. and Magill,  S. and Mahn,  K. and Maio,  A. and Maloney,  J.A. and Mandrioli,  G. and Maneira,  J.C. and Manenti,  L. and Manly,  S. and Mann,  A. and Manolopoulos,  K. and Plata,  M. Manrique and Marchionni,  A. and Marciano,  W. and Marfatia,  D. and Mariani,  C. and Maricic,  J. and Marinho,  F. and Marino,  A.D. and Marshak,  M. and Marshall,  C. and Marshall,  J. and Marteau,  J. and Martin-Albo,  J. and Martinez,  N. and Caicedo,  D.A. Martinez and Martynenko,  S. and Mason,  K. and Mastbaum,  A. and Masud,  M. and Matsuno,  S. and Matthews,  J. and Mauger,  C. and Mauri,  N. and Mavrokoridis,  K. and Mazza,  R. and Mazzacane,  A. and Mazzucato,  E. and McCluskey,  E. and McConkey,  N. and McFarland,  K.S. and McGrew,  C. and McNab,  A. and Mefodiev,  A. and Mehta,  P. and Melas,  P. and Mellinato,  M. and Mena,  O. and Menary,  S. and Mendez,  H. and Menegolli,  A. and Meng,  G. and Messier,  M. and Metcalf,  W. and Mewes,  M. and Meyer,  H. and Miao,  T. and Michna,  G. and Miedema,  T. and Migenda,  J. and Milincic,  R. and Miller,  W. and Mills,  J. and Milne,  C. and Mineev,  O. and Miranda,  O.G. and Miryala,  S. and Mishra,  C. and Mishra,  S. and Mislivec,  A. and Mladenov,  D. and Mocioiu,  I. and Moffat,  K. and Moggi,  N. and Mohanta,  R. and Mohayai,  T.A. and Mokhov,  N. and Molina,  J.A. and Bueno,  L. Molina and Montanari,  A. and Montanari,  C. and Montanari,  D. and Zetina,  L.M. Montano and Moon,  J. and Mooney,  M. and Moor,  A. and Moreno,  D. and Morgan,  B. and Morris,  C. and Mossey,  C. and Motuk,  E. and Moura,  C.A. and Mousseau,  J. and Mu,  W. and Mualem,  L. and Mueller,  J. and Muether,  M. and Mufson,  S. and Muheim,  F. and Muir,  A. and Mulhearn,  M. and Muramatsu,  H. and Murphy,  S. and Musser,  J. and Nachtman,  J. and Nagu,  S. and Nalbandyan,  M. and Nandakumar,  R. and Naples,  D. and Narita,  S. and Navas-Nicolás,  D. and Nayak,  N. and Nebot-Guinot,  M. and Necib,  L. and Negishi,  K. and Nelson,  J.K. and Nesbit,  J. and Nessi,  M. and Newbold,  D. and Newcomer,  M. and Newhart,  D. and Nichol,  R. and Niner,  E. and Nishimura,  K. and Norman,  A. and Northrop,  R. and Novella,  P. and Nowak,  J.A. and Oberling,  M. and Campo,  A. Olivares Del and Olivier,  A. and Onel,  Y. and Onishchuk,  Y. and Ott,  J. and Pagani,  L. and Pakvasa,  S. and Palamara,  O. and Palestini,  S. and Paley,  J.M. and Pallavicini,  M. and Palomares,  C. and Pantic,  E. and Paolone,  V. and Papadimitriou,  V. and Papaleo,  R. and Papanestis,  A. and Paramesvaran,  S. and Parke,  S. and Parsa,  Z. and Parvu,  M. and Pascoli,  S. and Pasqualini,  L. and Pasternak,  J. and Pater,  J. and Patrick,  C. and Patrizii,  L. and Patterson,  R.B. and Patton,  S. and Patzak,  T. and Paudel,  A. and Paulos,  B. and Paulucci,  L. and Pavlovic,  Z. and Pawloski,  G. and Payne,  D. and Pec,  V. and Peeters,  S.J. and Penichot,  Y. and Pennacchio,  E. and Penzo,  A. and Peres,  O.L. and Perry,  J. and Pershey,  D. and Pessina,  G. and Petrillo,  G. and Petta,  C. and Petti,  R. and Piastra,  F. and Pickering,  L. and Pietropaolo,  F. and Pillow,  J. and Plunkett,  R. and Poling,  R. and Pons,  X. and Poonthottathil,  N. and Pordes,  S. and Potekhin,  M. and Potenza,  R. and Potukuchi,  B.V. and Pozimski,  J. and Pozzato,  M. and Prakash,  S. and Prakash,  T. and Prince,  S. and Prior,  G. and Pugnere,  D. and Qi,  K. and Qian,  X. and Raaf,  J. and Raboanary,  R. and Radeka,  V. and Rademacker,  J. and Radics,  B. and Rafique,  A. and Raguzin,  E. and Rai,  M. and Rajaoalisoa,  M. and Rakhno,  I. and Rakotondramanana,  H. and Rakotondravohitra,  L. and Ramachers,  Y. and Rameika,  R. and Delgado,  M. Ramirez and Ramson,  B. and Rappoldi,  A. and Raselli,  G. and Ratoff,  P. and Ravat,  S. and Razafinime,  H. and Real,  J. and Rebel,  B. and Redondo,  D. and Reggiani-Guzzo,  M. and Rehak,  T. and Reichenbacher,  J. and Reitzner,  S.D. and Renshaw,  A. and Rescia,  S. and Resnati,  F. and Reynolds,  A. and Riccobene,  G. and Rice,  L.C. and Rielage,  K. and Rigaut,  Y. and Rivera,  D. and Rochester,  L. and Roda,  M. and Rodrigues,  P. and Alonso,  M. Rodriguez and Rondon,  J. Rodriguez and Roeth,  A. and Rogers,  H. and Rosauro-Alcaraz,  S. and Rossella,  M. and Rout,  J. and Roy,  S. and Rubbia,  A. and Rubbia,  C. and Russell,  B. and Russell,  J. and Ruterbories,  D. and Saakyan,  R. and Sacerdoti,  S. and Safford,  T. and Sahu,  N. and Sala,  P. and Samios,  N. and Sanchez,  M. and Sanders,  D.A. and Sankey,  D. and Santana,  S. and Santos-Maldonado,  M. and Saoulidou,  N. and Sapienza,  P. and Sarasty,  C. and Sarcevic,  I. and Savage,  G. and Savinov,  V. and Scaramelli,  A. and Scarff,  A. and Scarpelli,  A. and Schaffer,  T. and Schellman,  H. and Schlabach,  P. and Schmitz,  D. and Scholberg,  K. and Schukraft,  A. and Segreto,  E. and Sensenig,  J. and Seong,  I. and Sergi,  A. and Sergiampietri,  F. and Sgalaberna,  D. and Shaevitz,  M. and Shafaq,  S. and Shamma,  M. and Sharma,  H.R. and Sharma,  R. and Shaw,  T. and Shepherd-Themistocleous,  C. and Shin,  S. and Shooltz,  D. and Shrock,  R. and Simard,  L. and Simos,  N. and Sinclair,  J. and Sinev,  G. and Singh,  J. and Singh,  J. and Singh,  V. and Sipos,  R. and Sippach,  F. and Sirri,  G. and Sitraka,  A. and Siyeon,  K. and Smargianaki,  D. and Smith,  A. and Smith,  A. and Smith,  E. and Smith,  P. and Smolik,  J. and Smy,  M. and Snopok,  P. and Nunes,  M. Soares and Sobel,  H. and Soderberg,  M. and Salinas,  C.J. Solano and S\"{o}ldner-Rembold,  S. and Solomey,  N. and Solovov,  V. and Sondheim,  W.E. and Sorel,  M. and Soto-Oton,  J. and Sousa,  A. and Soustruznik,  K. and Spagliardi,  F. and Spanu,  M. and Spitz,  J. and Spooner,  N.J. and Spurgeon,  K. and Staley,  R. and Stancari,  M. and Stanco,  L. and Steiner,  H. and Stewart,  J. and Stillwell,  B. and Stock,  J. and Stocker,  F. and Stokes,  T. and Strait,  M. and Strauss,  T. and Striganov,  S. and Stuart,  A. and Summers,  D. and Surdo,  A. and Susic,  V. and Suter,  L. and Sutera,  C. and Svoboda,  R. and Szczerbinska,  B. and Szelc,  A. and Talaga,  R. and Tanaka,  H. and Oregui,  B. Tapia and Tapper,  A. and Tariq,  S. and Tatar,  E. and Tayloe,  R. and Teklu,  A. and Tenti,  M. and Terao,  K. and Ternes,  C.A. and Terranova,  F. and Testera,  G. and Thea,  A. and Thompson,  J.L. and Thorn,  C. and Timm,  S. and Tonazzo,  A. and Torti,  M. and Tortola,  M. and Tortorici,  F. and Totani,  D. and Toups,  M. and Touramanis,  C. and Trevor,  J. and Trzaska,  W.H. and Tsai,  Y.T. and Tsamalaidze,  Z. and Tsang,  K. and Tsverava,  N. and Tufanli,  S. and Tull,  C. and Tyley,  E. and Tzanov,  M. and Uchida,  M.A. and Urheim,  J. and Usher,  T. and Vagins,  M. and Vahle,  P. and Valdiviesso,  G. and Valencia,  E. and Vallari,  Z. and Valle,  J.W. and Vallecorsa,  S. and Berg,  R. Van and de Water,  R.G. Van and Forero,  D. Vanegas and Varanini,  F. and Vargas,  D. and Varner,  G. and Vasel,  J. and Vasseur,  G. and Vaziri,  K. and Ventura,  S. and Verdugo,  A. and Vergani,  S. and Vermeulen,  M.A. and Verzocchi,  M. and de Souza,  H. Vieira and Vignoli,  C. and Vilela,  C. and Viren,  B. and Vrba,  T. and Wachala,  T. and Waldron,  A.V. and Wallbank,  M. and Wang,  H. and Wang,  J. and Wang,  Y. and Wang,  Y. and Warburton,  K. and Warner,  D. and Wascko,  M. and Waters,  D. and Watson,  A. and Weatherly,  P. and Weber,  A. and Weber,  M. and Wei,  H. and Weinstein,  A. and Wenman,  D. and Wetstein,  M. and While,  M.R. and White,  A. and Whitehead,  L.H. and Whittington,  D. and Wilking,  M.J. and Wilkinson,  C. and Williams,  Z. and Wilson,  F. and Wilson,  R.J. and Wolcott,  J. and Wongjirad,  T. and Wood,  K. and Wood,  L. and Worcester,  E. and Worcester,  M. and Wret,  C. and Wu,  W. and Wu,  W. and Xiao,  Y. and Yang,  G. and Yang,  T. and Yershov,  N. and Yonehara,  K. and Young,  T. and Yu,  B. and Yu,  J. and Zalesak,  J. and Zambelli,  L. and Zamorano,  B. and Zani,  A. and Zazueta,  L. and Zeller,  G. and Zennamo,  J. and Zeug,  K. and Zhang,  C. and Zhao,  M. and Zhivun,  E. and Zhu,  G. and Zimmerman,  E.D. and Zito,  M. and Zucchelli,  S. and Zuklin,  J. and Zutshi,  V. and Zwaska,  R.},
  year = {2020},
  month = aug,
  pages = {T08010–T08010}
}
@misc{mount2017luxzeplinlztechnicaldesign,
      title={LUX-ZEPLIN (LZ) Technical Design Report}, 
      author={B. J. Mount and S. Hans and R. Rosero and M. Yeh and C. Chan and R. J. Gaitskell and D. Q. Huang and J. Makkinje and D. C. Malling and M. Pangilinan and C. A. Rhyne and W. C. Taylor and J. R. Verbus and Y. D. Kim and H. S. Lee and J. Lee and D. S. Leonard and J. Li and J. Belle and A. Cottle and W. H. Lippincott and D. J. Markley and T. J. Martin and M. Sarychev and T. E. Tope and M. Utes and R. Wang and I. Young and H. M. Araújo and A. J. Bailey and D. Bauer and D. Colling and A. Currie and S. Fayer and F. Froborg and S. Greenwood and W. G. Jones and V. Kasey and M. Khaleeq and I. Olcina and B. López Paredes and A. Richards and T. J. Sumner and A. Tomás and A. Vacheret and P. Brás and A. Lindote and M. I. Lopes and F. Neves and J. P. Rodrigues and C. Silva and V. N. Solovov and M. J. Barry and A. Cole and A. Dobi and W. R. Edwards and C. H. Faham and S. Fiorucci and N. J. Gantos and V. M. Gehman and M. G. D. Gilchriese and K. Hanzel and M. D. Hoff and K. Kamdin and K. T. Lesko and C. T. McConnell and K. O'Sullivan and K. C. Oliver-Mallory and S. J. Patton and J. S. Saba and P. Sorensen and K. J. Thomas and C. E. Tull and W. L. Waldron and M. S. Witherell and A. Bernstein and K. Kazkaz and J. Xu and D. Yu. Akimov and A. I. Bolozdynya and A. V. Khromov and A. M. Konovalov and A. V. Kumpan and V. V. Sosnovtsev and C. E. Dahl and D. Temples and M. C. Carmona-Benitez and L. de Viveiros and D. S. Akerib and H. Auyeung and T. P. Biesiadzinski and M. Breidenbach and R. Bramante and R. Conley and W. W. Craddock and A. Fan and A. Hau and C. M. Ignarra and W. Ji and H. J. Krebs and R. Linehan and C. Lee and S. Luitz and E. Mizrachi and M. E. Monzani and F. G. O'Neill and S. Pierson and M. Racine and B. N. Ratcliff and G. W. Shutt and T. A. Shutt and K. Skarpaas and K. Stifter and W. H. To and J. Va'vra and T. J. Whitis and W. J. Wisniewski and X. Bai and R. Bunker and R. Coughlen and C. Hjemfelt and R. Leonard and E. H. Miller and E. Morrison and J. Reichenbacher and R. W. Schnee and M. R. Stark and K. Sundarnath and D. R. Tiedt and M. Timalsina and P. Bauer and B. Carlson and M. Horn and M. Johnson and J. Keefner and C. Maupin and D. J. Taylor and S. Balashov and P. Ford and V. Francis and E. Holtom and A. Khazov and A. Kaboth and P. Majewski and J. A. Nikkel and J. O'Dell and R. M. Preece and M. G. D. van der Grinten and S. D. Worm and R. L. Mannino and T. M. Stiegler and P. A. Terman and R. C. Webb and C. Levy and J. Mock and M. Szydagis and J. K. Busenitz and M. Elnimr and J. Y-K. Hor and Y. Meng and A. Piepke and I. Stancu and L. Kreczko and B. Krikler and B. Penning and E. P. Bernard and R. G. Jacobsen and D. N. McKinsey and R. Watson and J. E. Cutter and S. El-Jurf and R. M. Gerhard and D. Hemer and S. Hillbrand and B. Holbrook and B. G. Lenardo and A. G. Manalaysay and J. A. Morad and S. Stephenson and J. A. Thomson and M. Tripathi and S. Uvarov and S. J. Haselschwardt and S. Kyre and C. Nehrkorn and H. N. Nelson and M. Solmaz and D. T. White and M. Cascella and J. E. Y. Dobson and C. Ghag and X. Liu and L. Manenti and L. Reichhart and S. Shaw and U. Utku and P. Beltrame and T. J. R. Davison and M. F. Marzioni and A. St. J. Murphy and A. Nilima and B. Boxer and S. Burdin and A. Greenall and S. Powell and H. J. Rose and P. Sutcliffe and J. Balajthy and T. K. Edberg and C. R. Hall and J. S. Silk and S. Hertel and C. W. Akerlof and M. Arthurs and W. Lorenzon and K. Pushkin and M. Schubnell and K. E. Boast and C. Carels and T. Fruth and H. Kraus and F. -T. Liao and J. Lin and P. R. Scovell and E. Druszkiewicz and D. Khaitan and M. Koyuncu and W. Skulski and F. L. H. Wolfs and J. Yin and E. V. Korolkova and V. A. Kudryavtsev and P. Rossiter and D. Woodward and A. A. Chiller and C. Chiller and D. -M. Mei and L. Wang and W. -Z. Wei and M. While and C. Zhang and S. K. Alsum and T. Benson and D. L. Carlsmith and J. J. Cherwinka and S. Dasu and G. Gregerson and B. Gomber and A. Pagac and K. J. Palladino and C. O. Vuosalo and Q. Xiao and J. H. Buckley and V. V. Bugaev and M. A. Olevitch and E. M. Boulton and W. T. Emmet and T. W. Hurteau and N. A. Larsen and E. K. Pease and B. P. Tennyson and L. Tvrznikova},
      year={2017},
      eprint={1703.09144},
      archivePrefix={arXiv},
      primaryClass={physics.ins-det},
      url={https://arxiv.org/abs/1703.09144}, 
}