@book{bergman2011introduction,
  title={Introduction to heat transfer},
  author={Bergman, Theodore L and Lavine, Adrienne S and Incropera, Frank P and DeWitt, David P},
  year={2011},
  publisher={John Wiley \& Sons}
}

@article{holst2000common,
  title={Common sense approach to thermal imaging},
  author={Holst, Gerald C},
  journal={(No Title)},
  year={2000}
}

@book{kaplan2007practical,
  title={Practical applications of infrared thermal sensing and imaging equipment},
  author={Kaplan, Herbert},
  volume={75},
  year={2007},
  publisher={SPIE press}
}
@article{zhi2022semantically,
  title={Semantically supervised appearance decomposition for virtual staging from a single panorama},
  author={Zhi, Tiancheng and Chen, Bowei and Boyadzhiev, Ivaylo and Kang, Sing Bing and Hebert, Martial and Narasimhan, Srinivasa G},
  journal={ACM Transactions on Graphics (TOG)},
  volume={41},
  number={4},
  pages={1--15},
  year={2022},
  publisher={ACM New York, NY, USA}
}

@incollection{vollmer2020infrared,
  title={Infrared thermal imaging},
  author={Vollmer, Michael},
  booktitle={Computer Vision: A Reference Guide},
  pages={1--4},
  year={2020},
  publisher={Springer}
}

@inproceedings{ramanagopal2024theory,
  title={A Theory of Joint Light and Heat Transport for Lambertian Scenes},
  author={Ramanagopal, Mani and Narayanan, Sriram and Sankaranarayanan, Aswin C and Narasimhan, Srinivasa G},
  booktitle={Proceedings of the IEEE/CVF Conference on Computer Vision and Pattern Recognition},
  pages={11924--11933},
  year={2024}
}

@inproceedings{shin2023deep,
  title={Deep depth estimation from thermal image},
  author={Shin, Ukcheol and Park, Jinsun and Kweon, In So},
  booktitle={Proceedings of the IEEE/CVF Conference on Computer Vision and Pattern Recognition},
  pages={1043--1053},
  year={2023}
}

@misc{planinsic2011infrared,
  title={Infrared thermal imaging: Fundamentals, research and applications},
  author={Planinsic, Gorazd},
  year={2011},
  publisher={IOP Publishing}
}

@article{eren2009scanning,
  title={Scanning from heating: 3D shape estimation of transparent objects from local surface heating},
  author={Eren, Gonen and Aubreton, Olivier and Meriaudeau, Fabrice and Sanchez Secades, LA and Fofi, David and Teoman Naskali, A and Truchetet, Frederic and Ercil, Aytul},
  journal={Optics express},
  volume={17},
  number={14},
  pages={11457--11468},
  year={2009},
  publisher={Optical Society of America}
}

@article{huo2023glass,
  title={Glass segmentation with RGB-thermal image pairs},
  author={Huo, Dong and Wang, Jian and Qian, Yiming and Yang, Yee-Hong},
  journal={IEEE Transactions on Image Processing},
  volume={32},
  pages={1911--1926},
  year={2023},
  publisher={IEEE}
}

@inproceedings{dashpute2023thermal,
  title={Thermal spread functions (tsf): Physics-guided material classification},
  author={Dashpute, Aniket and Saragadam, Vishwanath and Alexander, Emma and Willomitzer, Florian and Katsaggelos, Aggelos and Veeraraghavan, Ashok and Cossairt, Oliver},
  booktitle={Proceedings of the IEEE/CVF Conference on Computer Vision and Pattern Recognition},
  pages={1641--1650},
  year={2023}
}

@inproceedings{narayanan2025shape,
  title={Shape from Heat Conduction},
  author={Narayanan, Sriram and Ramanagopal, Mani and Sheinin, Mark and Sankaranarayanan, Aswin C and Narasimhan, Srinivasa G},
  booktitle={European Conference on Computer Vision},
  pages={426--444},
  year={2025},
  organization={Springer}
}

@inproceedings{bonneel2017intrinsic,
  title={Intrinsic decompositions for image editing},
  author={Bonneel, Nicolas and Kovacs, Balazs and Paris, Sylvain and Bala, Kavita},
  booktitle={Computer Graphics Forum},
  volume={36},
  pages={593--609},
  year={2017},
  organization={Wiley Online Library}
}


@incollection{carroll2011illumination,
  title={Illumination decomposition for material recoloring with consistent interreflections},
  author={Carroll, Robert and Ramamoorthi, Ravi and Agrawala, Maneesh},
  booktitle={ACM SIGGRAPH 2011 papers},
  pages={1--10},
  year={2011},
  publisher={Association for Computing Machinery (ACM)}
}

@article{garces2022survey,
  title={A survey on intrinsic images: Delving deep into lambert and beyond},
  author={Garces, Elena and Rodriguez-Pardo, Carlos and Casas, Dan and Lopez-Moreno, Jorge},
  journal={International Journal of Computer Vision},
  volume={130},
  number={3},
  pages={836--868},
  year={2022},
  publisher={Springer}
}

@inproceedings{seitz2005theory,
  title={A theory of inverse light transport},
  author={Seitz, Steven M and Matsushita, Yasuyuki and Kutulakos, Kiriakos N},
  booktitle={Tenth IEEE International Conference on Computer Vision (ICCV'05) Volume 1},
  volume={2},
  pages={1440--1447},
  year={2005},
  organization={IEEE}
}

@article{duchene2015multi,
  title={Multi-view intrinsic images of outdoors scenes with an application to relighting},
  author={Duch{\^e}ne, Sylvain and Riant, Clement and Chaurasia, Gaurav and Lopez-Moreno, Jorge and Laffont, Pierre-Yves and Popov, Stefan and Bousseau, Adrien and Drettakis, George},
  journal={ACM Transactions on Graphics},
  pages={16},
  year={2015}
}

@inproceedings{yang2013multi,
  title={Multi-point simultaneous illuminance measurement with high dynamic range photography},
  author={Yang, Xiaoming and Grobe, Lars Oliver and Wittkopf, Stephen},
  booktitle={Proceedings of International Conference CISBAT 2013: Cleantech for Smart Cities \& Buildings-from Nano to Urban Scale},
  volume={1},
  pages={347--352},
  year={2013},
  organization={EPFL}
}

@article{lopez2017thermographic,
  title={Thermographic and mobile indoor mapping for the computation of energy losses in buildings},
  author={L{\'o}pez-Fern{\'a}ndez, L and Lag{\"u}ela, S and Gonz{\'a}lez-Aguilera, D and Lorenzo, H},
  journal={Indoor and Built Environment},
  volume={26},
  number={6},
  pages={771--784},
  year={2017},
  publisher={SAGE Publications Sage UK: London, England}
}

@inproceedings{vidas20133d,
  title={3D thermal mapping of building interiors using an RGB-D and thermal camera},
  author={Vidas, Stephen and Moghadam, Peyman and Bosse, Michael},
  booktitle={2013 IEEE international conference on robotics and automation},
  pages={2311--2318},
  year={2013},
  organization={IEEE}
}

@article{motayyeb2023fusion,
  title={Fusion of UAV-based infrared and visible images for thermal leakage map generation of building facades},
  author={Motayyeb, Soroush and Samadzedegan, Farhad and Javan, Farzaneh Dadrass and Hosseinpour, Hamidreza},
  journal={Heliyon},
  volume={9},
  number={3},
  year={2023},
  publisher={Elsevier}
}

@article{jarzkabek2020supervised,
  title={Supervised detection of fa{\c{c}}ade openings in 3D point clouds with thermal attributes},
  author={Jarz{\k{a}}bek-Rychard, Ma{\l}gorzata and Lin, Dong and Maas, Hans-Gerd},
  journal={Remote Sensing},
  volume={12},
  number={3},
  pages={543},
  year={2020},
  publisher={MDPI}
}

@inproceedings{adan2017fusion,
  title={Fusion of thermal imagery and LiDAR data for generating TBIM models},
  author={Ad{\'a}n, Antonio and Prado, T and Prieto, Samuel A and Quintana, Blanca},
  booktitle={2017 Ieee Sensors},
  pages={1--3},
  year={2017},
  organization={IEEE}
}

@inproceedings{garrido2018autonomous,
  title={Autonomous thermography: towards the automatic detection and classification of building pathologies},
  author={Garrido, I and Lag{\"u}ela, S and Arias, P},
  booktitle={Proceedings of the 14th Quantitative InfraRed Thermography Conference, Berlin, Germany},
  pages={25--29},
  year={2018}
}

@article{schmoll2022method,
  title={Method and experimental investigation of surface heat dissipation measurement using 3D thermography},
  author={Schmoll, Robert and Schramm, Sebastian and Breitenstein, Tom and Kroll, Andreas},
  journal={Journal of Sensors and Sensor Systems},
  volume={11},
  number={1},
  pages={41--49},
  year={2022},
  publisher={Copernicus Publications G{\"o}ttingen, Germany}
}

@inproceedings{adan2020temporal,
  title={Temporal-clustering based technique for identifying thermal regions in buildings},
  author={Ad{\'a}n, Antonio and Garc{\'\i}a, Juan and Quintana, Blanca and Castilla, Francisco J and P{\'e}rez, V{\'\i}ctor},
  booktitle={Advanced Concepts for Intelligent Vision Systems: 20th International Conference, ACIVS 2020, Auckland, New Zealand, February 10--14, 2020, Proceedings 20},
  pages={290--301},
  year={2020},
  organization={Springer}
}

@inproceedings{ji2023virtual,
  title={Virtual home staging: Inverse rendering and editing an indoor panorama under natural illumination},
  author={Ji, Guanzhou and Sawyer, Azadeh O and Narasimhan, Srinivasa G},
  booktitle={International Symposium on Visual Computing},
  pages={329--342},
  year={2023},
  organization={Springer}
}

@article{ji2024virtual,
  title={Virtual home staging and relighting from a single panorama under natural illumination},
  author={Ji, Guanzhou and Sawyer, Azadeh O and Narasimhan, Srinivasa G},
  journal={Machine Vision and Applications},
  volume={35},
  number={4},
  pages={98},
  year={2024},
  publisher={Springer}
}

@misc{iesveTableThermal,
	author = {IESVE},
	title = {{T}able 6 {T}hermal {C}onductivity, {S}pecific {H}eat {C}apacity and {D}ensity --- help.iesve.com},
	howpublished = {\url{https://help.iesve.com/ve2018/table_6_thermal_conductivity__specific_heat_capacity_and_density.htm}},
	year = {2018},
	note = {[Accessed 30-10-2024]},
}

@article{michael2020conversion,
  title={A conversion guide: solar irradiance and lux illuminance},
  author={Michael, Peter R and Johnston, Danvers E and Moreno, Wilfrido},
  journal={Journal of Measurements in Engineering},
  volume={8},
  number={4},
  pages={153--166},
  year={2020},
  publisher={JVE International Ltd.}
}

@misc{flirpyThermalCameras,
	author = {Josh Veitch-Michaelis},
	title = {{T}hermal cameras; flirpy documentation --- flirpy.readthedocs.io},
	howpublished = {\url{https://flirpy.readthedocs.io/en/latest/getting_started/cameras.html#radiometry}},
	year = {2024},
	note = {[Accessed 14-11-2024]},
}


@article{gardner2017learning,
  title={Learning to predict indoor illumination from a single image},
  author={Gardner, Marc-Andr{\'e} and Sunkavalli, Kalyan and Yumer, Ersin and Shen, Xiaohui and Gambaretto, Emiliano and Gagn{\'e}, Christian and Lalonde, Jean-Fran{\c{c}}ois},
  journal={arXiv preprint arXiv:1704.00090},
  year={2017}
}
@inproceedings{gardner2019deep,
  title={Deep parametric indoor lighting estimation},
  author={Gardner, Marc-Andr{\'e} and Hold-Geoffroy, Yannick and Sunkavalli, Kalyan and Gagn{\'e}, Christian and Lalonde, Jean-Fran{\c{c}}ois},
  booktitle={Proceedings of the IEEE/CVF International Conference on Computer Vision},
  pages={7175--7183},
  year={2019}
}
@inproceedings{gkitsas2020deep,
  title={Deep lighting environment map estimation from spherical panoramas},
  author={Gkitsas, Vasileios and Zioulis, Nikolaos and Alvarez, Federico and Zarpalas, Dimitrios and Daras, Petros},
  booktitle={Proceedings of the IEEE/CVF Conference on Computer Vision and Pattern Recognition Workshops},
  pages={640--641},
  year={2020}
}
@inproceedings{legendre2019deeplight,
  title={Deeplight: Learning illumination for unconstrained mobile mixed reality},
  author={LeGendre, Chloe and Ma, Wan-Chun and Fyffe, Graham and Flynn, John and Charbonnel, Laurent and Busch, Jay and Debevec, Paul},
  booktitle={Proceedings of the IEEE/CVF Conference on Computer Vision and Pattern Recognition},
  pages={5918--5928},
  year={2019}
}

@article{rempel2007ldr2hdr,
  title={Ldr2hdr: on-the-fly reverse tone mapping of legacy video and photographs},
  author={Rempel, Allan G and Trentacoste, Matthew and Seetzen, Helge and Young, H David and Heidrich, Wolfgang and Whitehead, Lorne and Ward, Greg},
  journal={ACM transactions on graphics (TOG)},
  volume={26},
  number={3},
  pages={39--es},
  year={2007},
  publisher={ACM New York, NY, USA}
}
@inproceedings{banterle2006inverse,
  title={Inverse tone mapping},
  author={Banterle, Francesco and Ledda, Patrick and Debattista, Kurt and Chalmers, Alan},
  booktitle={Proceedings of the 4th international conference on Computer graphics and interactive techniques in Australasia and Southeast Asia},
  pages={349--356},
  year={2006}
}
@article{banterle2007framework,
  title={A framework for inverse tone mapping},
  author={Banterle, Francesco and Ledda, Patrick and Debattista, Kurt and Chalmers, Alan and Bloj, Marina},
  journal={The Visual Computer},
  volume={23},
  pages={467--478},
  year={2007},
  publisher={Springer}
}
@inproceedings{reinhard2002photographic,
  title={Photographic tone reproduction for digital images},
  author={Reinhard, Erik and Stark, Michael and Shirley, Peter and Ferwerda, James},
  booktitle={Proceedings of the 29th annual conference on Computer graphics and interactive techniques},
  pages={267--276},
  year={2002}
}


@inproceedings{li2022physically,
  title={Physically-based editing of indoor scene lighting from a single image},
  author={Li, Zhengqin and Shi, Jia and Bi, Sai and Zhu, Rui and Sunkavalli, Kalyan and Ha{\v{s}}an, Milo{\v{s}} and Xu, Zexiang and Ramamoorthi, Ravi and Chandraker, Manmohan},
  booktitle={European Conference on Computer Vision},
  pages={555--572},
  year={2022},
  organization={Springer}
}

@inproceedings{yeh2022photoscene,
  title={Photoscene: Photorealistic material and lighting transfer for indoor scenes},
  author={Yeh, Yu-Ying and Li, Zhengqin and Hold-Geoffroy, Yannick and Zhu, Rui and Xu, Zexiang and Ha{\v{s}}an, Milo{\v{s}} and Sunkavalli, Kalyan and Chandraker, Manmohan},
  booktitle={Proceedings of the IEEE/CVF Conference on Computer Vision and Pattern Recognition},
  pages={18562--18571},
  year={2022}
}

@inproceedings{li2020inverse,
  title={Inverse rendering for complex indoor scenes: Shape, spatially-varying lighting and svbrdf from a single image},
  author={Li, Zhengqin and Shafiei, Mohammad and Ramamoorthi, Ravi and Sunkavalli, Kalyan and Chandraker, Manmohan},
  booktitle={Proceedings of the IEEE/CVF Conference on Computer Vision and Pattern Recognition},
  pages={2475--2484},
  year={2020}
}
@inproceedings{garon2019fast,
  title={Fast spatially-varying indoor lighting estimation},
  author={Garon, Mathieu and Sunkavalli, Kalyan and Hadap, Sunil and Carr, Nathan and Lalonde, Jean-Fran{\c{c}}ois},
  booktitle={Proceedings of the IEEE/CVF Conference on Computer Vision and Pattern Recognition},
  pages={6908--6917},
  year={2019}
}
@inproceedings{srinivasan2020lighthouse,
  title={Lighthouse: Predicting lighting volumes for spatially-coherent illumination},
  author={Srinivasan, Pratul P and Mildenhall, Ben and Tancik, Matthew and Barron, Jonathan T and Tucker, Richard and Snavely, Noah},
  booktitle={Proceedings of the IEEE/CVF Conference on Computer Vision and Pattern Recognition},
  pages={8080--8089},
  year={2020}
}
@article{karsch2011rendering,
  title={Rendering synthetic objects into legacy photographs},
  author={Karsch, Kevin and Hedau, Varsha and Forsyth, David and Hoiem, Derek},
  journal={ACM Transactions on graphics (TOG)},
  volume={30},
  number={6},
  pages={1--12},
  year={2011},
  publisher={ACM New York, NY, USA}
}
@article{zhang2016emptying,
  title={Emptying, refurnishing, and relighting indoor spaces},
  author={Zhang, Edward and Cohen, Michael F and Curless, Brian},
  journal={ACM Transactions on Graphics (TOG)},
  volume={35},
  number={6},
  pages={1--14},
  year={2016},
  publisher={ACM New York, NY, USA}
}

@article{perez1993all,
  title={All-weather model for sky luminance distribution—preliminary configuration and validation},
  author={Perez, Richard and Seals, Robert and Michalsky, Joseph},
  journal={Solar energy},
  volume={50},
  number={3},
  pages={235--245},
  year={1993},
  publisher={Elsevier}
}
@article{cie2003spitial,
  title={Spitial Distribution of Daylight-CIE Stndard General Sky},
  author={CIE, Standard},
  journal={CIE S 011.1/E},
  year={2003}
}

@article{darula2002cie,
  title={CIE general sky standard defining luminance distributions},
  author={Darula, Stanislav and Kittler, Richard},
  journal={Proceedings eSim},
  pages={11--13},
  year={2002}
}
@article{hosek2012analytic,
  title={An analytic model for full spectral sky-dome radiance},
  author={Hosek, Lukas and Wilkie, Alexander},
  journal={ACM Transactions on Graphics (TOG)},
  volume={31},
  number={4},
  pages={1--9},
  year={2012},
  publisher={ACM New York, NY, USA}
}

@inproceedings{preetham1999practical,
  title={A practical analytic model for daylight},
  author={Preetham, Arcot J and Shirley, Peter and Smits, Brian},
  booktitle={Proceedings of the 26th annual conference on Computer graphics and interactive techniques},
  pages={91--100},
  year={1999}
}

@article{lalonde2012estimating,
  title={Estimating the natural illumination conditions from a single outdoor image},
  author={Lalonde, Jean-Fran{\c{c}}ois and Efros, Alexei A and Narasimhan, Srinivasa G},
  journal={International Journal of Computer Vision},
  volume={98},
  pages={123--145},
  year={2012},
  publisher={Springer}
}

@inproceedings{hold2017deep,
  title={Deep outdoor illumination estimation},
  author={Hold-Geoffroy, Yannick and Sunkavalli, Kalyan and Hadap, Sunil and Gambaretto, Emiliano and Lalonde, Jean-Fran{\c{c}}ois},
  booktitle={Proceedings of the IEEE conference on computer vision and pattern recognition},
  pages={7312--7321},
  year={2017}
}

@inproceedings{lalonde2014lighting,
  title={Lighting estimation in outdoor image collections},
  author={Lalonde, Jean-Fran{\c{c}}ois and Matthews, Iain},
  booktitle={2014 2nd international conference on 3D vision},
  volume={1},
  pages={131--138},
  year={2014},
  organization={IEEE}
}

@inproceedings{zhang2017learning,
  title={Learning high dynamic range from outdoor panoramas},
  author={Zhang, Jinsong and Lalonde, Jean-Fran{\c{c}}ois},
  booktitle={Proceedings of the IEEE International Conference on Computer Vision},
  pages={4519--4528},
  year={2017}
}

@inproceedings{sunkavalli2008color,
  title={What do color changes reveal about an outdoor scene?},
  author={Sunkavalli, Kalyan and Romeiro, Fabiano and Matusik, Wojciech and Zickler, Todd and Pfister, Hanspeter},
  booktitle={2008 IEEE Conference on Computer Vision and Pattern Recognition},
  pages={1--8},
  year={2008},
  organization={IEEE}
}
@inproceedings{dastjerdi2023everlight,
  title={Everlight: Indoor-outdoor editable hdr lighting estimation},
  author={Dastjerdi, Mohammad Reza Karimi and Eisenmann, Jonathan and Hold-Geoffroy, Yannick and Lalonde, Jean-Fran{\c{c}}ois},
  booktitle={Proceedings of the IEEE/CVF International Conference on Computer Vision},
  pages={7420--7429},
  year={2023}
}

@incollection{debevec2006image,
  title={Image-based lighting},
  author={Debevec, Paul},
  booktitle={ACM SIGGRAPH 2006 Courses},
  pages={4--es},
  year={2006},
  publisher = {Association for Computing Machinery, New York, NY, United States}
}


@article{inanici2006evaluation,
  title={Evaluation of high dynamic range photography as a luminance data acquisition system},
  author={Inanici, Mehlika N},
  journal={Lighting Research \& Technology},
  volume={38},
  number={2},
  pages={123--134},
  year={2006},
  publisher={SAGE Publications Sage UK: London, England}
}

@inproceedings{stumpfel2004direct,
  title={Direct hdr capture of the sun and sky, 2004},
  author={Stumpfel, J and Jones, A and Wenger, A and Tchou, C and Hawkins, T and Debevec, P},
  year={2004},
  booktitle={ACM SIGGRAPH 2006 Courses},
  pages={5-es}
}

@inproceedings{inanici2009applications,
  title={Applications of image based rendering in lighting simulation: Development and evaluation of image based sky models},
  author={Inanici, Mehlika},
  booktitle={Proceedings of the International IBPSA Conference, Glasgow, UK},
  pages={27--30},
  year={2009}
}

@article{inanici2010evalution,
  title={Evalution of high dynamic range image-based sky models in lighting simulation},
  author={Inanici, Mehlika},
  journal={Leukos},
  volume={7},
  number={2},
  pages={69--84},
  year={2010},
  publisher={Taylor \& Francis}
}


