@INPROCEEDINGS{Audebert2018,
  author={Audebert, Nicolas and Le Saux, Bertrand and Lefevre, Sébastien},
  booktitle={IGARSS 2018 - 2018 IEEE International Geoscience and Remote Sensing Symposium}, 
  title={Generative Adversarial Networks for Realistic Synthesis of Hyperspectral Samples}, 
  year={2018},
  volume={},
  number={},
  pages={4359-4362},
  keywords={Hyperspectral imaging;Gallium nitride;Training;Generators;Generative adversarial networks;Interpolation;hyperspectral image classification;generative models;deep learning;data augmentation},
  doi={10.1109/IGARSS.2018.8518321}}

@inproceedings{CLIP2021,
  author       = {Alec Radford and
                  Jong Wook Kim and
                  Chris Hallacy and
                  Aditya Ramesh and
                  Gabriel Goh and
                  Sandhini Agarwal and
                  Girish Sastry and
                  Amanda Askell and
                  Pamela Mishkin and
                  Jack Clark and
                  Gretchen Krueger and
                  Ilya Sutskever},
  title        = {Learning Transferable Visual Models From Natural Language Supervision},
  booktitle    = {Proceedings of the 38th International Conference on Machine Learning,
                  {ICML} 2021, 18-24 July 2021, Virtual Event},
  series       = {Proceedings of Machine Learning Research},
  volume       = {139},
  pages        = {8748--8763},
  publisher    = {{PMLR}},
  year         = {2021},
}

@ARTICLE{Caomx2024,
  author={Cao, Mengxin and Zhao, Guixin and Lv, Guohua and Dong, Aimei and Guo, Ying and Dong, Xiangjun},
  journal={IEEE Transactions on Geoscience and Remote Sensing}, 
  title={Spectral–Spatial–Language Fusion Network for Hyperspectral, LiDAR, and Text Data Classification}, 
  year={2024},
  volume={62},
  number={},
  pages={1-15},
  keywords={Feature extraction;Laser radar;Visualization;Task analysis;Linguistics;Data mining;Semantics;Contrastive learning;hyperspectral image (HSI) classification;image classification;light detection and ranging (LiDAR);multimodal},
  doi={10.1109/TGRS.2023.3346935}}

@ARTICLE{Dangyy2024,
  author={Dang, Yuanyuan and Zhang, Xianhe and Wang, Yongcheng and Liu, Bing},
  journal={IEEE Geoscience and Remote Sensing Letters}, 
  title={LIVEnet: Linguistic-Interact-With-Visual Engager Domain Generalization for Cross-Scene Hyperspectral Imagery Classification}, 
  year={2024},
  volume={21},
  number={},
  pages={1-5},
  keywords={Visualization;Feature extraction;Linguistics;Transformers;Correlation;Convolution;Kernel;Contrastive language-image pretraining (CLIP);contrastive learning;domain generalization (DG);hyperspectral image (HSI) classification;linguistic-visual alignment},
  doi={10.1109/LGRS.2024.3407976}}

@Article{Hexin2021,
AUTHOR = {He, Xin and Chen, Yushi and Lin, Zhouhan},
TITLE = {Spatial-Spectral Transformer for Hyperspectral Image Classification},
JOURNAL = {Remote Sensing},
VOLUME = {13},
YEAR = {2021},
NUMBER = {3},
ARTICLE-NUMBER = {498},
ISSN = {2072-4292},
DOI = {10.3390/rs13030498}
}

@ARTICLE{Huanglb2024,
  author={Huang, Lingbo and Chen, Yushi and He, Xin},
  journal={IEEE Transactions on Geoscience and Remote Sensing}, 
  title={Foundation Model-Based Spectral–Spatial Transformer for Hyperspectral Image Classification}, 
  year={2024},
  volume={62},
  number={},
  pages={1-25},
  keywords={Transformers;Feature extraction;Training;Convolutional neural networks;Adaptation models;Visualization;Image classification;Deep learning;foundation model;hyperspectral image (HSI) classification;transformer;zero-shot learning (ZSL)},
  doi={10.1109/TGRS.2024.3456129}}

@ARTICLE{Lvqinzhe2021,
  author={Lv, Qinzhe and Feng, Wei and Quan, Yinghui and Dauphin, Gabriel and Gao, Lianru and Xing, Mengdao},
  journal={IEEE Journal of Selected Topics in Applied Earth Observations and Remote Sensing}, 
  title={Enhanced-Random-Feature-Subspace-Based Ensemble CNN for the Imbalanced Hyperspectral Image Classification}, 
  year={2021},
  volume={14},
  number={},
  pages={3988-3999},
  keywords={Training;Hyperspectral imaging;Feature extraction;Radio frequency;Deep learning;Convolutional neural networks;Stacking;Convolutional neural network (CNN);enhanced random feature subspace (ERFS);ensemble learning;hyperspectral image (HSI) classification;multiclass imbalance},
  doi={10.1109/JSTARS.2021.3069013}}

@article{REN2012144,
title = {ANN vs. SVM: Which one performs better in classification of MCCs in mammogram imaging},
journal = {Knowledge-Based Systems},
volume = {26},
pages = {144-153},
year = {2012},
issn = {0950-7051},
author = {Jinchang Ren},
}

@article{SMOTE2002,
  title={SMOTE: Synthetic Minority Over-sampling Technique},
  author={ Chawla, Nitesh V.  and  Bowyer, Kevin W.  and  Hall, Lawrence O.  and  Kegelmeyer, W. Philip },
  journal={Journal of Artificial Intelligence Research},
  volume={16},
  number={1},
  pages={321-357},
  year={2002},
}

@INPROCEEDINGS{Sat2Scene2024,

  author={Li, Zuoyue and Li, Zhenqiang and Cui, Zhaopeng and Pollefeys, Marc and Oswald, Martin R.},

  booktitle={2024 IEEE/CVF Conference on Computer Vision and Pattern Recognition (CVPR)}, 

  title={Sat2Scene: 3D Urban Scene Generation from Satellite Images with Diffusion}, 

  year={2024},

  volume={},

  number={},

  pages={7141-7150}}

@INPROCEEDINGS{Scheibenreif2023,
  author={Scheibenreif, Linus and Mommert, Michael and Borth, Damian},
  booktitle={2023 IEEE/CVF Conference on Computer Vision and Pattern Recognition Workshops (CVPRW)}, 
  title={Masked Vision Transformers for Hyperspectral Image Classification}, 
  year={2023},
  volume={},
  number={},
  pages={2166-2176},
  keywords={Solid modeling;Three-dimensional displays;Training data;Computer architecture;Transformers;Data models;Convolutional neural networks},
  doi={10.1109/CVPRW59228.2023.00210}}

@ARTICLE{Tang2024,

  author={Tang, Datao and Cao, Xiangyong and Hou, Xingsong and Jiang, Zhongyuan and Liu, Junmin and Meng, Deyu},

  journal={IEEE Transactions on Geoscience and Remote Sensing}, 

  title={CRS-Diff: Controllable Remote Sensing Image Generation With Diffusion Model}, 

  year={2024},

  volume={62},

  number={},

  pages={1-14}}

@article{dam2020mixture,
  title={Mixture of spectral generative adversarial networks for imbalanced hyperspectral image classification},
  author={Dam, Tanmoy and Anavatti, Sreenatha G and Abbass, Hussein A},
  journal={IEEE Geoscience and Remote Sensing Letters},
  volume={19},
  pages={1--5},
  year={2020},
  publisher={IEEE}
}

@article{ho2020denoising,
  title={Denoising diffusion probabilistic models},
  author={Ho, Jonathan and Jain, Ajay and Abbeel, Pieter},
  journal={Advances in neural information processing systems},
  volume={33},
  pages={6840--6851},
  year={2020}
}

@ARTICLE{jiaolc2017,
  author={Jiao, Licheng and Liang, Miaomiao and Chen, Huan and Yang, Shuyuan and Liu, Hongying and Cao, Xianghai},
  journal={IEEE Transactions on Geoscience and Remote Sensing}, 
  title={Deep Fully Convolutional Network-Based Spatial Distribution Prediction for Hyperspectral Image Classification}, 
  year={2017},
  volume={55},
  number={10},
  pages={5585-5599},
  keywords={Feature extraction;Kernel;Graphical models;Distribution functions;Hyperspectral imaging;Training;Convolution;Deep multiscale feature;feature fusion;fully convolutional network (FCN);hyperspectral image classification (HSIC);spatial distribution prediction},
  doi={10.1109/TGRS.2017.2710079}}

@ARTICLE{lijiaojiao2018,
  author={Li, Jiaojiao and Du, Qian and Li, Yunsong and Li, Wei},
  journal={IEEE Transactions on Geoscience and Remote Sensing}, 
  title={Hyperspectral Image Classification With Imbalanced Data Based on Orthogonal Complement Subspace Projection}, 
  year={2018},
  volume={56},
  number={7},
  pages={3838-3851},
  keywords={Training;Hyperspectral imaging;Collaboration;Testing;Support vector machines;Feature extraction;Collaborative representation;hyperspectral classification;imbalanced data;orthogonal subspace projection;sparse representation},
  doi={10.1109/TGRS.2018.2813366}}

@ARTICLE{liuliqin2023,
  author={Liu, Liqin and Chen, Bowen and Chen, Hao and Zou, Zhengxia and Shi, Zhenwei},
  journal={IEEE Transactions on Geoscience and Remote Sensing}, 
  title={Diverse Hyperspectral Remote Sensing Image Synthesis With Diffusion Models}, 
  year={2023},
  volume={61},
  number={},
  pages={1-16},
  keywords={Hyperspectral imaging;Measurement;Image synthesis;Data models;Noise reduction;Spatial resolution;Codes;Diffusion model;diverse spectral synthesis;hyperspectral image (HSI) synthesis;remote sensing},
  doi={10.1109/TGRS.2023.3335975}}

@INPROCEEDINGS{stablediffusion2022,

  author={Rombach, Robin and Blattmann, Andreas and Lorenz, Dominik and Esser, Patrick and Ommer, Björn},

  booktitle={2022 IEEE/CVF Conference on Computer Vision and Pattern Recognition (CVPR)}, 

  title={High-Resolution Image Synthesis with Latent Diffusion Models}, 

  year={2022},

  volume={},

  number={},

  pages={10674-10685}}

@article{wahabzada2016plant,
  title={Plant phenotyping using probabilistic topic models: uncovering the hyperspectral language of plants},
  author={Wahabzada, Mirwaes and Mahlein, Anne-Katrin and Bauckhage, Christian and Steiner, Ulrike and Oerke, Erich-Christian and Kersting, Kristian},
  journal={Scientific reports},
  volume={6},
  number={1},
  pages={22482},
  year={2016},
  publisher={Nature Publishing Group UK London}
}

@ARTICLE{wangdi2023,
  author={Wang, Di and Zhang, Jing and Du, Bo and Zhang, Liangpei and Tao, Dacheng},
  journal={IEEE Transactions on Image Processing}, 
  title={DCN-T: Dual Context Network With Transformer for Hyperspectral Image Classification}, 
  year={2023},
  volume={32},
  number={},
  pages={2536-2551},
  keywords={Feature extraction;Transformers;Image segmentation;Pipelines;Task analysis;Dimensionality reduction;Semantics;Tri-spectral image;hyperspectral image (HSI) classification;transformer;context capturing},
  doi={10.1109/TIP.2023.3270104}}

@ARTICLE{xibb2023,
  author={Xi, Bobo and Li, Jiaojiao and Diao, Yan and Li, Yunsong and Li, Zan and Huang, Yan and Chanussot, Jocelyn},
  journal={IEEE Transactions on Circuits and Systems for Video Technology}, 
  title={DGSSC: A Deep Generative Spectral-Spatial Classifier for Imbalanced Hyperspectral Imagery}, 
  year={2023},
  volume={33},
  number={4},
  pages={1535-1548},
  keywords={Training;Three-dimensional displays;Hyperspectral imaging;Feature extraction;Data models;Decoding;Benchmark testing;Imbalanced data;deep latent variable model;spectral-spatial features;hyperspectral image classification},
  doi={10.1109/TCSVT.2022.3215513}}

@ARTICLE{zhang-LDGNet2023,
  author={Zhang, Yuxiang and Zhang, Mengmeng and Li, Wei and Wang, Shuai and Tao, Ran},
  journal={IEEE Transactions on Geoscience and Remote Sensing}, 
  title={Language-Aware Domain Generalization Network for Cross-Scene Hyperspectral Image Classification}, 
  year={2023},
  volume={61},
  number={},
  pages={1-12},
  keywords={Feature extraction;Visualization;Linguistics;Semantics;Training;Task analysis;Three-dimensional displays;Contrastive learning;cross-scene;domain generalization;hyperspectral image (HSI) classification;multiple-modality;natural language supervision},
  doi={10.1109/TGRS.2022.3233885}}

@INPROCEEDINGS{zhanglei2023,
  author={Zhang, Lei and Luo, Xiaoyan and Li, Sen and Shi, Xiaofeng},
  booktitle={IGARSS 2023 - 2023 IEEE International Geoscience and Remote Sensing Symposium}, 
  title={R2H-CCD: Hyperspectral Imagery Generation from RGB Images Based on Conditional Cascade Diffusion Probabilistic Models}, 
  year={2023},
  volume={},
  number={},
  pages={7392-7395},
  keywords={Training;Superresolution;Noise reduction;Stochastic processes;Imaging;Probabilistic logic;Market research;Hyperspectral image;spectral super-resolution;image generation;denoising diffusion probability model},
  doi={10.1109/IGARSS52108.2023.10281589}}

@ARTICLE{zhangyuxiang2024,
  author={Zhang, Yuxiang and Li, Wei and Zhang, Mengmeng and Wang, Shuai and Tao, Ran and Du, Qian},
  journal={IEEE Transactions on Neural Networks and Learning Systems}, 
  title={Graph Information Aggregation Cross-Domain Few-Shot Learning for Hyperspectral Image Classification}, 
  year={2024},
  volume={35},
  number={2},
  pages={1912-1925},
  keywords={Training;Task analysis;Testing;Feature extraction;Hyperspectral imaging;Power capacitors;Electronic mail;Cross-scene;distribution alignment;domain adaption;few-shot learning (FSL);graph neural network (GNN);hyperspectral image classification},
  doi={10.1109/TNNLS.2022.3185795}}

@ARTICLE{zhu2018,
  author={Zhu, Lin and Chen, Yushi and Ghamisi, Pedram and Benediktsson, Jón Atli},
  journal={IEEE Transactions on Geoscience and Remote Sensing}, 
  title={Generative Adversarial Networks for Hyperspectral Image Classification}, 
  year={2018},
  volume={56},
  number={9},
  pages={5046-5063},
  doi={10.1109/TGRS.2018.2805286}}

