@article{PAOLETTI2019279,
title = {Deep learning classifiers for hyperspectral imaging: A review},
journal = {ISPRS Journal of Photogrammetry and Remote Sensing},
volume = {158},
pages = {279-317},
year = {2019},
issn = {0924-2716},
author = {M.E. Paoletti and J.M. Haut and J. Plaza and A. Plaza},
keywords = {Deep learning (DL), Hyperspectral imaging (HSI), Earth observation (EO), Classification},
}

@ARTICLE{Ghamisi2017,
  author={Ghamisi, Pedram and Yokoya, Naoto and Li, Jun and Liao, Wenzhi and Liu, Sicong and Plaza, Javier and Rasti, Behnood and Plaza, Antonio},
  journal={IEEE Geoscience and Remote Sensing Magazine}, 
  title={Advances in Hyperspectral Image and Signal Processing: A Comprehensive Overview of the State of the Art}, 
  year={2017},
  volume={5},
  number={4},
  pages={37-78},
  keywords={Hyperspectral imaging;Signal processing;Feature extraction;Image restoration;Spatial resolution;Algorithm design and analysis;Data preprocessing;Data analysis;Tutorials}}


@ARTICLE{Alakian2024,
  author={Alakian, Alexandre},
  journal={IEEE Transactions on Geoscience and Remote Sensing}, 
  title={Cloud Detection in Hyperspectral Images with Atmospheric Column Water Vapor: Application to PRISMA and AVIRIS-NG Images}, 
  year={2024},
  volume={62},
  number={},
  pages={1-24},
  keywords={Clouds;Cloud computing;Hyperspectral imaging;Snow;Ocean temperature;Surface treatment;Optical sensors;Atmospheric column water vapor;cloud;detection;hyperspectral;ice;reflectance;snow;unsupervised},}

@Article{Rouet-Leduc2024,
author={Rouet-Leduc, Bertrand
and Hulbert, Claudia},
title={Automatic detection of methane emissions in multispectral satellite imagery using a vision transformer},
journal={Nature Communications},
year={2024},
month={May},
day={14},
volume={15},
number={1},
pages={3801},
issn={2041-1723},
}

@ARTICLE{Kruse2003,

  author={Kruse, F.A. and Boardman, J.W. and Huntington, J.F.},

  journal={IEEE Transactions on Geoscience and Remote Sensing}, 

  title={Comparison of airborne hyperspectral data and EO-1 Hyperion for mineral mapping}, 

  year={2003},

  volume={41},

  number={6},

  pages={1388-1400},

  keywords={Hyperspectral imaging;Minerals;Hyperspectral sensors;Geology;Infrared spectra;Spatial resolution;Spectroscopy;Information analysis;Earth;Testing},}

@ARTICLE{Acosta2019,

  author={Acosta, Isabel Cecilia Contreras and Khodadadzadeh, Mahdi and Tusa, Laura and Ghamisi, Pedram and Gloaguen, Richard},

  journal={IEEE Journal of Selected Topics in Applied Earth Observations and Remote Sensing}, 

  title={A Machine Learning Framework for Drill-Core Mineral Mapping Using Hyperspectral and High-Resolution Mineralogical Data Fusion}, 

  year={2019},

  volume={12},

  number={12},

  pages={4829-4842},

  keywords={Machine learning;Encryption;Random forests;Support vector machines;Data integration;Data fusion;drill-cores;hyperspectral (HS) data;machine learning;mineral liberation analysis (MLA);random forest (RF);support vector machine (SVM)}}

@article{HAJAJ2024101218,
title = {A review on hyperspectral imagery application for lithological mapping and mineral prospecting: Machine learning techniques and future prospects},
journal = {Remote Sensing Applications: Society and Environment},
volume = {35},
pages = {101218},
year = {2024},
issn = {2352-9385},
author = {Soufiane Hajaj and Abderrazak {El Harti} and Amin Beiranvand Pour and Amine Jellouli and Zakaria Adiri and Mazlan Hashim},
keywords = {Hyperspectral remote sensing imagery, Alteration minerals, Lithological mapping, Machine learning algorithms, Mineral prospectivity mapping},
}

@article{AKHYAR2024112067,
title = {Deep artificial intelligence applications for natural disaster management systems: A methodological review},
journal = {Ecological Indicators},
volume = {163},
pages = {112067},
year = {2024},
issn = {1470-160X},
author = {Akhyar Akhyar and Mohd {Asyraf Zulkifley} and Jaesung Lee and Taekyung Song and Jaeho Han and Chanhee Cho and Seunghyun Hyun and Youngdoo Son and Byung-Woo Hong},
keywords = {Artificial intelligence, Deep learning, Neural network, Convolutional neural network, Semantic segmentation, Forest fire, Flood, Earthquake},
}

@article{ZHENG2021112636,
title = {Building damage assessment for rapid disaster response with a deep object-based semantic change detection framework: From natural disasters to man-made disasters},
journal = {Remote Sensing of Environment},
volume = {265},
pages = {112636},
year = {2021},
issn = {0034-4257},
author = {Zhuo Zheng and Yanfei Zhong and Junjue Wang and Ailong Ma and Liangpei Zhang},
keywords = {Building damage assessment, Change detection, Disaster response, Deep learning, Remote sensing, OBIA},
}


@ARTICLE{Liyuan2023,

  author={Li, Yuan and Wu, Ruoyu and Tan, Qijuan and Yang, Zhengchun and Huang, Hong},

  journal={IEEE Signal Processing Letters}, 

  title={Masked Spectral Bands Modeling With Shifted Windows: An Excellent Self-Supervised Learner for Classification of Medical Hyperspectral Images}, 

  year={2023},

  volume={30},

  number={},

  pages={543-547},

  keywords={Hyperspectral imaging;Feature extraction;Transformers;Training;Solid modeling;Signal processing algorithms;Medical diagnostic imaging;Medical hyperspectral images;classification;self-supervised learning;transformer;shift windows}}

@ARTICLE{pike2016,

  author={Pike, Robert and Lu, Guolan and Wang, Dongsheng and Chen, Zhuo Georgia and Fei, Baowei},

  journal={IEEE Transactions on Biomedical Engineering}, 

  title={A Minimum Spanning Forest-Based Method for Noninvasive Cancer Detection With Hyperspectral Imaging}, 

  year={2016},

  volume={63},

  number={3},

  pages={653-663},

  keywords={Hyperspectral imaging;Support vector machines;Cancer;Classification algorithms;Imaging;Mutual information;Vegetation;Hyperspectral imaging;image classification;mutual information;minimum spanning forest;noninvasive cancer detection;support vector machine;Hyperspectral imaging;image classification;minimum spanning forest;mutual information;noninvasive cancer detection;support vector machine}}


@ARTICLE{yuanhl2017,
  author={Yuan, Haoliang and Tang, Yuan Yan},
  journal={IEEE Transactions on Cybernetics}, 
  title={Spectralâ€“Spatial Shared Linear Regression for Hyperspectral Image Classification}, 
  year={2017},
  volume={47},
  number={4},
  pages={934-945},
  keywords={Linear regression;Feature extraction;Hyperspectral imaging;Computational modeling;Learning systems;Ear;Hyperspectral image (HSI) classification;linear regression;shared model;spatial structure;subspace learning (SL)}}

@ARTICLE{zhangmm2020,

  author={Zhang, Mengmeng and Li, Wei and Du, Qian and Gao, Lianru and Zhang, Bing},

  journal={IEEE Transactions on Cybernetics}, 

  title={Feature Extraction for Classification of Hyperspectral and LiDAR Data Using Patch-to-Patch CNN}, 

  year={2020},

  volume={50},

  number={1},

  pages={100-111},

  keywords={Feature extraction;Laser radar;Decoding;Computer architecture;Hyperspectral imaging;Task analysis;Deep convolutional neural network (CNN);feature extraction;hyperspectral image (HSI) classification;multisensor fusion}}


@ARTICLE{Liulq2022,

  author={Liu, Liqin and Li, Wenyuan and Shi, Zhenwei and Zou, Zhengxia},

  journal={IEEE Transactions on Geoscience and Remote Sensing}, 

  title={Physics-Informed Hyperspectral Remote Sensing Image Synthesis With Deep Conditional Generative Adversarial Networks}, 

  year={2022},

  volume={60},

  number={},

  pages={1-15},

  keywords={Hyperspectral imaging;Superresolution;Atmospheric modeling;Image reconstruction;Absorption;Spatial resolution;Libraries;Generation adversarial networks (GANs);hyperspectral image;imaging model;remote sensing;spectral super-resolution (SSR)}}

@ARTICLE{panbin2017,

  author={Pan, Bin and Shi, Zhenwei and Xu, Xia},

  journal={IEEE Journal of Selected Topics in Applied Earth Observations and Remote Sensing}, 

  title={R-VCANet: A New Deep-Learning-Based Hyperspectral Image Classification Method}, 

  year={2017},

  volume={10},

  number={5},

  pages={1975-1986},

  keywords={Feature extraction;Training;Hyperspectral imaging;Data mining;Principal component analysis;Convolution;Deep learning;hyperspectral image (HSI) classification;limited samples;rolling guidance filter (RGF) and vertex component analysis network (R-VCANet)}}


@ARTICLE{Melgani2004,

  author={Melgani, F. and Bruzzone, L.},

  journal={IEEE Transactions on Geoscience and Remote Sensing}, 

  title={Classification of hyperspectral remote sensing images with support vector machines}, 

  year={2004},

  volume={42},

  number={8},

  pages={1778-1790},

  keywords={Hyperspectral sensors;Hyperspectral imaging;Remote sensing;Support vector machines;Support vector machine classification;Performance analysis;Radial basis function networks;Stability;Computer architecture;Infrared imaging}}


@ARTICLE{chenys2016,

  author={Chen, Yushi and Jiang, Hanlu and Li, Chunyang and Jia, Xiuping and Ghamisi, Pedram},

  journal={IEEE Transactions on Geoscience and Remote Sensing}, 

  title={Deep Feature Extraction and Classification of Hyperspectral Images Based on Convolutional Neural Networks}, 

  year={2016},

  volume={54},

  number={10},

  pages={6232-6251},

  keywords={Feature extraction;Iron;Hyperspectral imaging;Training;Machine learning;Data mining;Convolutional neural network (CNN);deep learning;feature extraction (FE);hyperspectral image (HSI) classification}}


@ARTICLE{zhuxx2017,

  author={Zhu, Xiao Xiang and Tuia, Devis and Mou, Lichao and Xia, Gui-Song and Zhang, Liangpei and Xu, Feng and Fraundorfer, Friedrich},

  journal={IEEE Geoscience and Remote Sensing Magazine}, 

  title={Deep Learning in Remote Sensing: A Comprehensive Review and List of Resources}, 

  year={2017},

  volume={5},

  number={4},

  pages={8-36},

  keywords={Machine learning;Remote sensing;Feature extraction;Hyperspectral imaging;Computer vision;Tutorials;Remote sensing;Climate change}}



@ARTICLE{yangjq2024,

  author={Yang, Jiaqi and Du, Bo and Wang, Di and Zhang, Liangpei},

  journal={IEEE Transactions on Image Processing}, 

  title={ITER: Image-to-Pixel Representation for Weakly Supervised HSI Classification}, 

  year={2024},

  volume={33},

  number={},

  pages={257-272},

  keywords={Annotations;Labeling;Feature extraction;Adaptation models;Supervised learning;Training;Transformers;Weakly supervised learning;image-level annotation;HSI classification;high frequency-aware}}


@ARTICLE{zhuym2023,

  author={Zhu, Yimin and Yuan, Kexin and Zhong, Wenlong and Xu, Linlin},

  journal={IEEE Journal of Selected Topics in Applied Earth Observations and Remote Sensing}, 

  title={Spatialâ€“Spectral ConvNeXt for Hyperspectral Image Classification}, 

  year={2023},

  volume={16},

  number={},

  pages={5453-5463},

  keywords={Transformers;Feature extraction;Task analysis;Convolutional neural networks;Training;Hyperspectral imaging;Data models;ConvNeXt;convolutional neural networks;deep learning;hyperspectral image classification (HSIC);spatialâ€“spectral ConvNeXt (SS-ConvNeXt)}}


@INPROCEEDINGS{Gualtieri2000,
  author={Gualtieri, J.A. and Chettri, S.},
  booktitle={IGARSS 2000. IEEE 2000 International Geoscience and Remote Sensing Symposium. Taking the Pulse of the Planet: The Role of Remote Sensing in Managing the Environment. Proceedings (Cat. No.00CH37120)}, 
  title={Support vector machines for classification of hyperspectral data}, 
  year={2000},
  volume={2},
  number={},
  pages={813-815 vol.2},
  keywords={Support vector machines;Support vector machine classification;Hyperspectral imaging;Kernel;Training data;Hyperspectral sensors;Space technology;NASA;Mathematics;Error correction},
  doi={10.1109/IGARSS.2000.861712}}

@ARTICLE{Lifan2015,
  author={Li, Fan and Xu, Linlin and Siva, Parthipan and Wong, Alexander and Clausi, David A.},
  journal={IEEE Journal of Selected Topics in Applied Earth Observations and Remote Sensing}, 
  title={Hyperspectral Image Classification With Limited Labeled Training Samples Using Enhanced Ensemble Learning and Conditional Random Fields}, 
  year={2015},
  volume={8},
  number={6},
  pages={2427-2438},
  keywords={Training;Hyperspectral imaging;Boosting;Radio frequency;Bagging;AdaBoost;conditional random fields (CRFs);hyperspectral data classification;rotation forests (RoF);AdaBoost;conditional random fields (CRFs);hyperspectral data classification;rotation forests (RoF)},
  doi={10.1109/JSTARS.2015.2414816}}


@Article{Hu2015,
author={Hu, Wei
and Huang, Yangyu
and Wei, Li
and Zhang, Fan
and Li, Hengchao},
title={Deep Convolutional Neural Networks for  Hyperspectral Image Classification},
journal={Journal of Sensors},
year={2015},
month={Jul},
day={30},
publisher={Hindawi Publishing Corporation},
volume={2015},
pages={258619},
issn={1687-725X},
doi={10.1155/2015/258619},
}

@ARTICLE{zhu2018,
  author={Zhu, Lin and Chen, Yushi and Ghamisi, Pedram and Benediktsson, JÃ³n Atli},
  journal={IEEE Transactions on Geoscience and Remote Sensing}, 
  title={Generative Adversarial Networks for Hyperspectral Image Classification}, 
  year={2018},
  volume={56},
  number={9},
  pages={5046-5063},
  doi={10.1109/TGRS.2018.2805286}}


@ARTICLE{Qin2019,

  author={Qin, Anyong and Shang, Zhaowei and Tian, Jinyu and Wang, Yulong and Zhang, Taiping and Tang, Yuan Yan},
  journal={IEEE Geoscience and Remote Sensing Letters}, 
  title={Spectralâ€“Spatial Graph Convolutional Networks for Semisupervised Hyperspectral Image Classification}, 
  year={2019},
  volume={16},
  number={2},
  pages={241-245},
  doi={10.1109/LGRS.2018.2869563}}

@ARTICLE{lianghb2022,

  author={Liang, Hongbo and Bao, Wenxing and Shen, Xiangfei and Zhang, Xiaowu},

  journal={IEEE Geoscience and Remote Sensing Letters}, 

  title={HSI-Mixer: Hyperspectral Image Classification Using the Spectralâ€“Spatial Mixer Representation From Convolutions}, 

  year={2022},

  volume={19},

  number={},

  pages={1-5},

  keywords={Mixers;Transformers;Kernel;Hyperspectral imaging;Convolutional codes;Standards;Neural networks;Convolution neural network (CNN);hybrid measurement;hyperspectral image (HSI) classification;Mixer blocks},

  doi={10.1109/LGRS.2022.3200145}}


@ARTICLE{zhongzl2018,

  author={Zhong, Zilong and Li, Jonathan and Luo, Zhiming and Chapman, Michael},

  journal={IEEE Transactions on Geoscience and Remote Sensing}, 

  title={Spectralâ€“Spatial Residual Network for Hyperspectral Image Classification: A 3-D Deep Learning Framework}, 

  year={2018},

  volume={56},

  number={2},

  pages={847-858},

  doi={10.1109/TGRS.2017.2755542}}



@ARTICLE{HongSpectralFormer2022,

  author={Hong, Danfeng and Han, Zhu and Yao, Jing and Gao, Lianru and Zhang, Bing and Plaza, Antonio and Chanussot, Jocelyn},

  journal={IEEE Transactions on Geoscience and Remote Sensing}, 

  title={SpectralFormer: Rethinking Hyperspectral Image Classification With Transformers}, 

  year={2022},

  volume={60},

  number={},

  pages={1-15},

  doi={10.1109/TGRS.2021.3130716}}


@ARTICLE{Sunle2022,

  author={Sun, Le and Zhao, Guangrui and Zheng, Yuhui and Wu, Zebin},

  journal={IEEE Transactions on Geoscience and Remote Sensing}, 

  title={Spectralâ€“Spatial Feature Tokenization Transformer for Hyperspectral Image Classification}, 

  year={2022},

  volume={60},

  number={},

  pages={1-14},

  doi={10.1109/TGRS.2022.3144158}}

@ARTICLE{zhongzlSSTN2022,
  author={Zhong, Zilong and Li, Ying and Ma, Lingfei and Li, Jonathan and Zheng, Wei-Shi},
  journal={IEEE Transactions on Geoscience and Remote Sensing}, 
  title={Spectralâ€“Spatial Transformer Network for Hyperspectral Image Classification: A Factorized Architecture Search Framework}, 
  year={2022},
  volume={60},
  number={},
  pages={1-15},
  doi={10.1109/TGRS.2021.3115699}}


 @Article{Hexin2021,
AUTHOR = {He, Xin and Chen, Yushi and Lin, Zhouhan},
TITLE = {Spatial-Spectral Transformer for Hyperspectral Image Classification},
JOURNAL = {Remote Sensing},
VOLUME = {13},
YEAR = {2021},
NUMBER = {3},
ARTICLE-NUMBER = {498},
ISSN = {2072-4292},
DOI = {10.3390/rs13030498}
}


@ARTICLE{Roy2023,

  author={Roy, Swalpa Kumar and Deria, Ankur and Hong, Danfeng and Rasti, Behnood and Plaza, Antonio and Chanussot, Jocelyn},

  journal={IEEE Transactions on Geoscience and Remote Sensing}, 

  title={Multimodal Fusion Transformer for Remote Sensing Image Classification}, 

  year={2023},

  volume={61},

  number={},

  pages={1-20},

  keywords={Transformers;Laser radar;Feature extraction;Task analysis;Data mining;Data models;Convolution;Convolutional neural networks (CNNs);multihead cross-patch attention (mCrossPA);remote sensing (RS);vision transformer (ViT)},

  doi={10.1109/TGRS.2023.3286826}}

@ARTICLE{Luxq2017,
  author={Lu, Xiaoqiang and Zheng, Xiangtao and Yuan, Yuan},
  journal={IEEE Transactions on Geoscience and Remote Sensing}, 
  title={Remote Sensing Scene Classification by Unsupervised Representation Learning}, 
  year={2017},
  volume={55},
  number={9},
  pages={5148-5157},
  keywords={Feature extraction;Deconvolution;Remote sensing;Visualization;Learning systems;Encoding;Computational modeling;Adaptive deconvolution network;remote sensing scene classification;unsupervised representation learning},
  doi={10.1109/TGRS.2017.2702596}}

@ARTICLE{Meish2019,
  author={Mei, Shaohui and Ji, Jingyu and Geng, Yunhao and Zhang, Zhi and Li, Xu and Du, Qian},
  journal={IEEE Transactions on Geoscience and Remote Sensing}, 
  title={Unsupervised Spatialâ€“Spectral Feature Learning by 3D Convolutional Autoencoder for Hyperspectral Classification}, 
  year={2019},
  volume={57},
  number={9},
  pages={6808-6820},
  keywords={Three-dimensional displays;Feature extraction;Hyperspectral imaging;Convolution;Task analysis;Principal component analysis;Convolutional neural network (CNN);feature learning;hyperspectral;spatialâ€“spectral},
  doi={10.1109/TGRS.2019.2908756}}

@Article{yaochao2023,
AUTHOR = {Yao, Chao and Zheng, Lingfeng and Feng, Longchao and Yang, Fan and Guo, Zehua and Ma, Miao},
TITLE = {A Collaborative Superpixelwise Autoencoder for Unsupervised Dimension Reduction in Hyperspectral Images},
JOURNAL = {Remote Sensing},
VOLUME = {15},
YEAR = {2023},
NUMBER = {17},
ARTICLE-NUMBER = {4211},
ISSN = {2072-4292},
DOI = {10.3390/rs15174211}
}

@ARTICLE{Linjy2023,
  author={Lin, Junyan and Gao, Feng and Shi, Xiaochen and Dong, Junyu and Du, Qian},
  journal={IEEE Transactions on Geoscience and Remote Sensing}, 
  title={SS-MAE: Spatialâ€“Spectral Masked Autoencoder for Multisource Remote Sensing Image Classification}, 
  year={2023},
  volume={61},
  number={},
  pages={1-14},
  keywords={Image reconstruction;Feature extraction;Transformers;Image classification;Training;Decoding;Self-supervised learning;Deep learning;hyperspectral image (HSI);masked autoencoder (MAE);multisource data},
  doi={10.1109/TGRS.2023.3331717}}


@ARTICLE{jiaolc2017,
  author={Jiao, Licheng and Liang, Miaomiao and Chen, Huan and Yang, Shuyuan and Liu, Hongying and Cao, Xianghai},
  journal={IEEE Transactions on Geoscience and Remote Sensing}, 
  title={Deep Fully Convolutional Network-Based Spatial Distribution Prediction for Hyperspectral Image Classification}, 
  year={2017},
  volume={55},
  number={10},
  pages={5585-5599},
  keywords={Feature extraction;Kernel;Graphical models;Distribution functions;Hyperspectral imaging;Training;Convolution;Deep multiscale feature;feature fusion;fully convolutional network (FCN);hyperspectral image classification (HSIC);spatial distribution prediction},
  doi={10.1109/TGRS.2017.2710079}}


@ARTICLE{wangdi2023,
  author={Wang, Di and Zhang, Jing and Du, Bo and Zhang, Liangpei and Tao, Dacheng},
  journal={IEEE Transactions on Image Processing}, 
  title={DCN-T: Dual Context Network With Transformer for Hyperspectral Image Classification}, 
  year={2023},
  volume={32},
  number={},
  pages={2536-2551},
  keywords={Feature extraction;Transformers;Image segmentation;Pipelines;Task analysis;Dimensionality reduction;Semantics;Tri-spectral image;hyperspectral image (HSI) classification;transformer;context capturing},
  doi={10.1109/TIP.2023.3270104}}



@ARTICLE{hongspectralgpt2024,
  author={Hong, Danfeng and Zhang, Bing and Li, Xuyang and Li, Yuxuan and Li, Chenyu and Yao, Jing and Yokoya, Naoto and Li, Hao and Ghamisi, Pedram and Jia, Xiuping and Plaza, Antonio and Gamba, Paolo and Benediktsson, Jon Atli and Chanussot, Jocelyn},
  journal={IEEE Transactions on Pattern Analysis and Machine Intelligence}, 
  title={SpectralGPT: Spectral Remote Sensing Foundation Model}, 
  year={2024},
  volume={},
  number={},
  pages={1-18},
  keywords={Data models;Task analysis;Computational modeling;Transformers;Image reconstruction;Three-dimensional displays;Visualization;Artificial intelligence;deep learning;downstream;foundation model;tensor masked modeling;progressive;remote sensing;spectral data;transformer},
  doi={10.1109/TPAMI.2024.3362475}}


@article{Imagen2022,
  title={Photorealistic Text-to-Image Diffusion Models with Deep Language Understanding},
  author={Chitwan Saharia and William Chan and Saurabh Saxena and Lala Li and Jay Whang and Emily L. Denton and Seyed Kamyar Seyed Ghasemipour and Burcu Karagol Ayan and Seyedeh Sara Mahdavi and Raphael Gontijo Lopes and Tim Salimans and Jonathan Ho and David J. Fleet and Mohammad Norouzi},
  journal={ArXiv},
  year={2022},
  volume={abs/2205.11487}
}

@article{song2020denoising,
  title={Denoising Diffusion Implicit Models},
  author={Song, Jiaming and Meng, Chenlin and Ermon, Stefano},
  journal={arXiv:2010.02502},
  year={2020},
  month={October},
  abbr={Preprint}
}

@article{ho2020denoising,
  title={Denoising diffusion probabilistic models},
  author={Ho, Jonathan and Jain, Ajay and Abbeel, Pieter},
  journal={Advances in neural information processing systems},
  volume={33},
  pages={6840--6851},
  year={2020}
}

@article{song2019,
  title={Generative modeling by estimating gradients of the data distribution},
  author={Song, Yang and Ermon, Stefano},
  journal={Advances in neural information processing systems},
  volume={32},
  year={2019}
}

@misc{bandara2024ddpmcd,
      title={DDPM-CD: Denoising Diffusion Probabilistic Models as Feature Extractors for Change Detection}, 
      author={Wele Gedara Chaminda Bandara and Nithin Gopalakrishnan Nair and Vishal M. Patel},
      year={2024},
      eprint={2206.11892},
      archivePrefix={arXiv},
      primaryClass={cs.CV}
}

@ARTICLE{chenning2023,
  author={Chen, Ning and Yue, Jun and Fang, Leyuan and Xia, Shaobo},
  journal={IEEE Transactions on Geoscience and Remote Sensing}, 
  title={SpectralDiff: A Generative Framework for Hyperspectral Image Classification With Diffusion Models}, 
  year={2023},
  volume={61},
  number={},
  pages={1-16},
  keywords={Feature extraction;Hyperspectral imaging;Data models;Noise reduction;Mathematical models;Diffusion processes;Analytical models;Deep generative model;deep neural network (DNN);diffusion models;feature extraction;hyperspectral image (HSI) classification;spectralâ€“spatial diffusion},
  doi={10.1109/TGRS.2023.3310023}}


@INPROCEEDINGS{Tanxy2024,
  author={Tan, Xunyan and Zhao, Zhuoyi and Xu, Xiang and Li, Si},
  booktitle={2024 4th Asia Conference on Information Engineering (ACIE)}, 
  title={Multi-scale Diffusion Features Fusion Network For Hyperspectral Image Classification}, 
  year={2024},
  volume={},
  number={},
  pages={65-73},
  keywords={Training;Asia;Benchmark testing;Feature extraction;Data models;Hyperspectral imaging;Image classification;Diffusion feature;Multi-scale;Features fusion;Hyperspectral image classification},
  doi={10.1109/ACIE61839.2024.00018}}


@INPROCEEDINGS{zhangl2023,
  author={Zhang, Lei and Luo, Xiaoyan and Li, Sen and Shi, Xiaofeng},
  booktitle={IGARSS 2023 - 2023 IEEE International Geoscience and Remote Sensing Symposium}, 
  title={R2H-CCD: Hyperspectral Imagery Generation from RGB Images Based on Conditional Cascade Diffusion Probabilistic Models}, 
  year={2023},
  volume={},
  number={},
  pages={7392-7395},
  keywords={Training;Superresolution;Noise reduction;Stochastic processes;Imaging;Probabilistic logic;Market research;Hyperspectral image;spectral super-resolution;image generation;denoising diffusion probability model},
  doi={10.1109/IGARSS52108.2023.10281589}}


@ARTICLE{zhoujy2024,
  author={Zhou, Jingyi and Sheng, Jiamu and Ye, Peng and Fan, Jiayuan and He, Tong and Wang, Bin and Chen, Tao},
  journal={IEEE Transactions on Geoscience and Remote Sensing}, 
  title={Exploring Multi-Timestep Multi-Stage Diffusion Features for Hyperspectral Image Classification}, 
  year={2024},
  volume={62},
  number={},
  pages={1-16},
  keywords={Feature extraction;Semantics;Data mining;Representation learning;Task analysis;Noise reduction;Purification;Denoising diffusion probabilistic model (DDPM);feature purification;feature selection;hyperspectral image (HSI) classification;multi-timestep multi-stage features},
  doi={10.1109/TGRS.2024.3407206}}


@ARTICLE{chenjx2023,
  author={Chen, Jiaxin and Liu, Shujun and Zhang, Zhongbiao and Wang, Huajun},
  journal={IEEE Journal of Selected Topics in Applied Earth Observations and Remote Sensing}, 
  title={Diffusion Subspace Clustering for Hyperspectral Images}, 
  year={2023},
  volume={16},
  number={},
  pages={6517-6530},
  keywords={Feature extraction;Data models;Sparse matrices;Clustering methods;Hyperspectral imaging;Data mining;Representation learning;Diffusion probabilistic model (DPM);feature extraction;hyperspectral image (HSI);representation learning;subspace clustering (SC)},
  doi={10.1109/JSTARS.2023.3294623}}


@ARTICLE{hekaiqi2024,
  author={He, Kaiqi and Cai, Yiheng and Peng, Shengjun and Tan, Meiling},
  journal={IEEE Journal of Selected Topics in Applied Earth Observations and Remote Sensing}, 
  title={A Diffusion Model-Assisted Multiscale Spectral Attention Network for Hyperspectral Image Super-Resolution}, 
  year={2024},
  volume={17},
  number={},
  pages={8612-8625},
  keywords={Superresolution;Feature extraction;Spatial resolution;Hyperspectral imaging;Training;Task analysis;Image reconstruction;Convolutional super-resolution network;diffusion model;image fusion;super-resolution hyperspectral image (HSI)},
  doi={10.1109/JSTARS.2024.3386702}}


@ARTICLE{Lisl2023,
  author={Li, Shuangliang and Li, Siwei and Zhang, Lihao},
  journal={IEEE Transactions on Geoscience and Remote Sensing}, 
  title={Hyperspectral and Panchromatic Images Fusion Based on the Dual Conditional Diffusion Models}, 
  year={2023},
  volume={61},
  number={},
  pages={1-15},
  keywords={Feature extraction;Noise reduction;Spatial resolution;Probabilistic logic;Task analysis;Superresolution;Hyperspectral imaging;Auto-encoder;diffusion model;hyperspectral image (HSI) fusion;residual space;spectral and spatial feature},
  doi={10.1109/TGRS.2023.3321318}}


@article{zhangjj2024,
title = {Data and knowledge-driven deep multiview fusion network based on diffusion model for hyperspectral image classification},
journal = {Expert Systems with Applications},
volume = {249},
pages = {123796},
year = {2024},
issn = {0957-4174},
doi = {https://doi.org/10.1016/j.eswa.2024.123796},
author = {Junjie Zhang and Feng Zhao and Hanqiang Liu and Jun Yu},
keywords = {Hyperspectral image classification, Diffusion model, Deep multiview learning, Vision transformer, Convolution neural network},
}

@ARTICLE{mengqy2023,
  author={Meng, Qingyan and Shi, Wenxu and Li, Sijia and Zhang, Linlin},
  journal={IEEE Transactions on Geoscience and Remote Sensing}, 
  title={PanDiff: A Novel Pansharpening Method Based on Denoising Diffusion Probabilistic Model}, 
  year={2023},
  volume={61},
  number={},
  pages={1-17},
  keywords={Pansharpening;Feature extraction;Spatial resolution;Remote sensing;Transformers;Optimization;Noise reduction;Deep learning (DL);denoising diffusion probabilistic model (DDPM);image fusion;pansharpening;remote sensing},
  doi={10.1109/TGRS.2023.3279864}}

@ARTICLE{xibb2023,
  author={Xi, Bobo and Li, Jiaojiao and Diao, Yan and Li, Yunsong and Li, Zan and Huang, Yan and Chanussot, Jocelyn},
  journal={IEEE Transactions on Circuits and Systems for Video Technology}, 
  title={DGSSC: A Deep Generative Spectral-Spatial Classifier for Imbalanced Hyperspectral Imagery}, 
  year={2023},
  volume={33},
  number={4},
  pages={1535-1548},
  keywords={Training;Three-dimensional displays;Hyperspectral imaging;Feature extraction;Data models;Decoding;Benchmark testing;Imbalanced data;deep latent variable model;spectral-spatial features;hyperspectral image classification},
  doi={10.1109/TCSVT.2022.3215513}}

@article{Senjia2021,
title = {A survey: Deep learning for hyperspectral image classification with few labeled samples},
journal = {Neurocomputing},
volume = {448},
pages = {179-204},
year = {2021},
issn = {0925-2312},
doi = {https://doi.org/10.1016/j.neucom.2021.03.035},
author = {Sen Jia and Shuguo Jiang and Zhijie Lin and Nanying Li and Meng Xu and Shiqi Yu},
keywords = {Hyperspectral image classification, Deep learning, Transfer learning, Few-shot learning},
}




@Article{Johnson2019,
author={Johnson, Justin M.
and Khoshgoftaar, Taghi M.},
title={Survey on deep learning with class imbalance},
journal={Journal of Big Data},
year={2019},
month={Mar},
day={19},
volume={6},
number={1},
pages={27},
issn={2196-1115},
doi={10.1186/s40537-019-0192-5},
}

@ARTICLE{wangxue2020,
  author={Wang, Xue and Tan, Kun and Du, Qian and Chen, Yu and Du, Peijun},
  journal={IEEE Transactions on Geoscience and Remote Sensing}, 
  title={CVA2E: A Conditional Variational Autoencoder With an Adversarial Training Process for Hyperspectral Imagery Classification}, 
  year={2020},
  volume={58},
  number={8},
  pages={5676-5692},
  keywords={Gallium nitride;Generative adversarial networks;Training;Hyperspectral imaging;Data models;Generators;Generative adversarial network (GAN);hyperspectral image (HSI) classification;variational autoencoder (VAE)},
  doi={10.1109/TGRS.2020.2968304}}


@ARTICLE{liuwei2021,
  author={Liu, Wei and You, Jie and Lee, Joonwhoan},
  journal={IEEE Journal of Selected Topics in Applied Earth Observations and Remote Sensing}, 
  title={HSIGAN: A Conditional Hyperspectral Image Synthesis Method With Auxiliary Classifier}, 
  year={2021},
  volume={14},
  number={},
  pages={3330-3344},
  keywords={Gallium nitride;Generative adversarial networks;Generators;Hyperspectral imaging;Deep learning;Training;Task analysis;Classification;generative adversarial network (GAN);hyperspectral image (HSI);synthesis},
  doi={10.1109/JSTARS.2021.3063911}}


@article{bond2021deep,
  title={Deep generative modelling: A comparative review of vaes, gans, normalizing flows, energy-based and autoregressive models},
  author={Bond-Taylor, Sam and Leach, Adam and Long, Yang and Willcocks, Chris G},
  journal={IEEE transactions on pattern analysis and machine intelligence},
  volume={44},
  number={11},
  pages={7327--7347},
  year={2021},
  publisher={IEEE}
}



@INPROCEEDINGS{wangxy2020,

  author={Wang, Xinyue and Lyu, Yilin and Jing, Liping},

  booktitle={2020 IEEE/CVF Conference on Computer Vision and Pattern Recognition (CVPR)}, 

  title={Deep Generative Model for Robust Imbalance Classification}, 

  year={2020},

  volume={},

  number={},

  pages={14112-14121},

  keywords={Perturbation methods;Uncertainty;Conferences;Computer vision;Pattern recognition;Data models},

  doi={10.1109/CVPR42600.2020.01413}}


@inproceedings{han2024latent,
  title={Latent-based Diffusion Model for Long-tailed Recognition},
  author={Han, Pengxiao and Ye, Changkun and Zhou, Jieming and Zhang, Jing and Hong, Jie and Li, Xuesong},
  booktitle={Proceedings of the IEEE/CVF Conference on Computer Vision and Pattern Recognition},
  pages={2639--2648},
  year={2024}
}


@article{shao2024diffult,
  title={Diffult: How to make diffusion model useful for long-tail recognition},
  author={Shao, Jie and Zhu, Ke and Zhang, Hanxiao and Wu, Jianxin},
  journal={arXiv preprint arXiv:2403.05170},
  year={2024}
}

@article{dam2020mixture,
  title={Mixture of spectral generative adversarial networks for imbalanced hyperspectral image classification},
  author={Dam, Tanmoy and Anavatti, Sreenatha G and Abbass, Hussein A},
  journal={IEEE Geoscience and Remote Sensing Letters},
  volume={19},
  pages={1--5},
  year={2020},
  publisher={IEEE}
}


@article{roy2021generative,
  title={Generative adversarial minority oversampling for spectral--spatial hyperspectral image classification},
  author={Roy, Swalpa Kumar and Haut, Juan M and Paoletti, Mercedes E and Dubey, Shiv Ram and Plaza, Antonio},
  journal={IEEE Transactions on Geoscience and Remote Sensing},
  volume={60},
  pages={1--15},
  year={2021},
  publisher={IEEE}
}

@article{lala2018evaluation,
  title={Evaluation of mode collapse in generative adversarial networks},
  author={Lala, Sayeri and Shady, Maha and Belyaeva, Anastasiya and Liu, Molei},
  journal={High performance extreme computing},
  year={2018}
}

@article{fajardo2021oversampling,
  title={On oversampling imbalanced data with deep conditional generative models},
  author={Fajardo, Val Andrei and Findlay, David and Jaiswal, Charu and Yin, Xinshang and Houmanfar, Roshanak and Xie, Honglei and Liang, Jiaxi and She, Xichen and Emerson, David B},
  journal={Expert Systems with Applications},
  volume={169},
  pages={114463},
  year={2021},
  publisher={Elsevier}
}

@article{douzas2018effective,
  title={Effective data generation for imbalanced learning using conditional generative adversarial networks},
  author={Douzas, Georgios and Bacao, Fernando},
  journal={Expert Systems with applications},
  volume={91},
  pages={464--471},
  year={2018},
  publisher={Elsevier}
}


@article{lomurno2024stable,
  title={Stable Diffusion Dataset Generation for Downstream Classification Tasks},
  author={Lomurno, Eugenio and D'Oria, Matteo and Matteucci, Matteo},
  journal={arXiv preprint arXiv:2405.02698},
  year={2024}
}

@inproceedings{qin2023class,
  title={Class-balancing diffusion models},
  author={Qin, Yiming and Zheng, Huangjie and Yao, Jiangchao and Zhou, Mingyuan and Zhang, Ya},
  booktitle={Proceedings of the IEEE/CVF Conference on Computer Vision and Pattern Recognition},
  pages={18434--18443},
  year={2023}
}

@article{REN2012144,
title = {ANN vs. SVM: Which one performs better in classification of MCCs in mammogram imaging},
journal = {Knowledge-Based Systems},
volume = {26},
pages = {144-153},
year = {2012},
issn = {0950-7051},
author = {Jinchang Ren},
}

@article{SMOTE2002,
  title={SMOTE: Synthetic Minority Over-sampling Technique},
  author={ Chawla, Nitesh V.  and  Bowyer, Kevin W.  and  Hall, Lawrence O.  and  Kegelmeyer, W. Philip },
  journal={Journal of Artificial Intelligence Research},
  volume={16},
  number={1},
  pages={321-357},
  year={2002},
}


@ARTICLE{zhanyh2018,
  author={Zhan, Ying and Hu, Dan and Wang, Yuntao and Yu, Xianchuan},
  journal={IEEE Geoscience and Remote Sensing Letters}, 
  title={Semisupervised Hyperspectral Image Classification Based on Generative Adversarial Networks}, 
  year={2018},
  volume={15},
  number={2},
  pages={212-216},
  keywords={Gallium nitride;Training;Hyperspectral imaging;Data models;Generators;Feature extraction;Deep learning;generative adversarial network (GAN);hyperspectral image (HSI) classification;remote sensing;semisupervised learning (SSL)},
  doi={10.1109/LGRS.2017.2780890}}


@ARTICLE{lijiaojiao2018,
  author={Li, Jiaojiao and Du, Qian and Li, Yunsong and Li, Wei},
  journal={IEEE Transactions on Geoscience and Remote Sensing}, 
  title={Hyperspectral Image Classification With Imbalanced Data Based on Orthogonal Complement Subspace Projection}, 
  year={2018},
  volume={56},
  number={7},
  pages={3838-3851},
  keywords={Training;Hyperspectral imaging;Collaboration;Testing;Support vector machines;Feature extraction;Collaborative representation;hyperspectral classification;imbalanced data;orthogonal subspace projection;sparse representation},
  doi={10.1109/TGRS.2018.2813366}}


@ARTICLE{Lvqinzhe2021,
  author={Lv, Qinzhe and Feng, Wei and Quan, Yinghui and Dauphin, Gabriel and Gao, Lianru and Xing, Mengdao},
  journal={IEEE Journal of Selected Topics in Applied Earth Observations and Remote Sensing}, 
  title={Enhanced-Random-Feature-Subspace-Based Ensemble CNN for the Imbalanced Hyperspectral Image Classification}, 
  year={2021},
  volume={14},
  number={},
  pages={3988-3999},
  keywords={Training;Hyperspectral imaging;Feature extraction;Radio frequency;Deep learning;Convolutional neural networks;Stacking;Convolutional neural network (CNN);enhanced random feature subspace (ERFS);ensemble learning;hyperspectral image (HSI) classification;multiclass imbalance},
  doi={10.1109/JSTARS.2021.3069013}}


@ARTICLE{kangxudong2018,
  author={Kang, Xudong and Li, Chengchao and Li, Shutao and Lin, Hui},
  journal={IEEE Journal of Selected Topics in Applied Earth Observations and Remote Sensing}, 
  title={Classification of Hyperspectral Images by Gabor Filtering Based Deep Network}, 
  year={2018},
  volume={11},
  number={4},
  pages={1166-1178},
  keywords={Feature extraction;Training;Hyperspectral imaging;Machine learning;Image reconstruction;Deep learning;Gabor filter;hyperspectral image (HSI) classification;stacked sparse autoencoders (SSAE);virtual samples},
  doi={10.1109/JSTARS.2017.2767185}}

@INPROCEEDINGS{Scheibenreif2023,
  author={Scheibenreif, Linus and Mommert, Michael and Borth, Damian},
  booktitle={2023 IEEE/CVF Conference on Computer Vision and Pattern Recognition Workshops (CVPRW)}, 
  title={Masked Vision Transformers for Hyperspectral Image Classification}, 
  year={2023},
  volume={},
  number={},
  pages={2166-2176},
  keywords={Solid modeling;Three-dimensional displays;Training data;Computer architecture;Transformers;Data models;Convolutional neural networks},
  doi={10.1109/CVPRW59228.2023.00210}}


@ARTICLE{zhangyuxiang2024,
  author={Zhang, Yuxiang and Li, Wei and Zhang, Mengmeng and Wang, Shuai and Tao, Ran and Du, Qian},
  journal={IEEE Transactions on Neural Networks and Learning Systems}, 
  title={Graph Information Aggregation Cross-Domain Few-Shot Learning for Hyperspectral Image Classification}, 
  year={2024},
  volume={35},
  number={2},
  pages={1912-1925},
  keywords={Training;Task analysis;Testing;Feature extraction;Hyperspectral imaging;Power capacitors;Electronic mail;Cross-scene;distribution alignment;domain adaption;few-shot learning (FSL);graph neural network (GNN);hyperspectral image classification},
  doi={10.1109/TNNLS.2022.3185795}}


@ARTICLE{Davari2018,
  author={Davari, Amirabbas and Aptoula, Erchan and Yanikoglu, Berrin and Maier, Andreas and Riess, Christian},
  journal={IEEE Geoscience and Remote Sensing Letters}, 
  title={GMM-Based Synthetic Samples for Classification of Hyperspectral Images With Limited Training Data}, 
  year={2018},
  volume={15},
  number={6},
  pages={942-946},
  keywords={Training data;Principal component analysis;Covariance matrices;Hyperspectral imaging;Standards;Hyperspectral remote sensing (HSRS) image classification;limited training data;synthetic data},
  doi={10.1109/LGRS.2018.2817361}}

@ARTICLE{Davari2019,
  author={Davari, AmirAbbas and Ã–zkan, Hasan Can and Maier, Andreas and Riess, Christian},
  journal={IEEE Journal of Selected Topics in Applied Earth Observations and Remote Sensing}, 
  title={Fast and Efficient Limited Data Hyperspectral Remote Sensing Image Classification via GMM-Based Synthetic Samples}, 
  year={2019},
  volume={12},
  number={7},
  pages={2107-2120},
  keywords={Training data;Remote sensing;Computational modeling;Covariance matrices;Support vector machines;Feature extraction;Principal component analysis;Classifier parameter tuning;HSRS image classification;limited training data;synthetic data;variational EM},
  doi={10.1109/JSTARS.2019.2916495}}

@INPROCEEDINGS{Audebert2018,
  author={Audebert, Nicolas and Le Saux, Bertrand and Lefevre, SÃ©bastien},
  booktitle={IGARSS 2018 - 2018 IEEE International Geoscience and Remote Sensing Symposium}, 
  title={Generative Adversarial Networks for Realistic Synthesis of Hyperspectral Samples}, 
  year={2018},
  volume={},
  number={},
  pages={4359-4362},
  keywords={Hyperspectral imaging;Gallium nitride;Training;Generators;Generative adversarial networks;Interpolation;hyperspectral image classification;generative models;deep learning;data augmentation},
  doi={10.1109/IGARSS.2018.8518321}}


@INPROCEEDINGS{zhanglei2023,
  author={Zhang, Lei and Luo, Xiaoyan and Li, Sen and Shi, Xiaofeng},
  booktitle={IGARSS 2023 - 2023 IEEE International Geoscience and Remote Sensing Symposium}, 
  title={R2H-CCD: Hyperspectral Imagery Generation from RGB Images Based on Conditional Cascade Diffusion Probabilistic Models}, 
  year={2023},
  volume={},
  number={},
  pages={7392-7395},
  keywords={Training;Superresolution;Noise reduction;Stochastic processes;Imaging;Probabilistic logic;Market research;Hyperspectral image;spectral super-resolution;image generation;denoising diffusion probability model},
  doi={10.1109/IGARSS52108.2023.10281589}}


@ARTICLE{liuliqin2023,
  author={Liu, Liqin and Chen, Bowen and Chen, Hao and Zou, Zhengxia and Shi, Zhenwei},
  journal={IEEE Transactions on Geoscience and Remote Sensing}, 
  title={Diverse Hyperspectral Remote Sensing Image Synthesis With Diffusion Models}, 
  year={2023},
  volume={61},
  number={},
  pages={1-16},
  keywords={Hyperspectral imaging;Measurement;Image synthesis;Data models;Noise reduction;Spatial resolution;Codes;Diffusion model;diverse spectral synthesis;hyperspectral image (HSI) synthesis;remote sensing},
  doi={10.1109/TGRS.2023.3335975}}


@ARTICLE{zhang-LDGNet2023,
  author={Zhang, Yuxiang and Zhang, Mengmeng and Li, Wei and Wang, Shuai and Tao, Ran},
  journal={IEEE Transactions on Geoscience and Remote Sensing}, 
  title={Language-Aware Domain Generalization Network for Cross-Scene Hyperspectral Image Classification}, 
  year={2023},
  volume={61},
  number={},
  pages={1-12},
  keywords={Feature extraction;Visualization;Linguistics;Semantics;Training;Task analysis;Three-dimensional displays;Contrastive learning;cross-scene;domain generalization;hyperspectral image (HSI) classification;multiple-modality;natural language supervision},
  doi={10.1109/TGRS.2022.3233885}}


@ARTICLE{Dangyy2024,
  author={Dang, Yuanyuan and Zhang, Xianhe and Wang, Yongcheng and Liu, Bing},
  journal={IEEE Geoscience and Remote Sensing Letters}, 
  title={LIVEnet: Linguistic-Interact-With-Visual Engager Domain Generalization for Cross-Scene Hyperspectral Imagery Classification}, 
  year={2024},
  volume={21},
  number={},
  pages={1-5},
  keywords={Visualization;Feature extraction;Linguistics;Transformers;Correlation;Convolution;Kernel;Contrastive language-image pretraining (CLIP);contrastive learning;domain generalization (DG);hyperspectral image (HSI) classification;linguistic-visual alignment},
  doi={10.1109/LGRS.2024.3407976}}

@ARTICLE{Caomx2024,
  author={Cao, Mengxin and Zhao, Guixin and Lv, Guohua and Dong, Aimei and Guo, Ying and Dong, Xiangjun},
  journal={IEEE Transactions on Geoscience and Remote Sensing}, 
  title={Spectralâ€“Spatialâ€“Language Fusion Network for Hyperspectral, LiDAR, and Text Data Classification}, 
  year={2024},
  volume={62},
  number={},
  pages={1-15},
  keywords={Feature extraction;Laser radar;Visualization;Task analysis;Linguistics;Data mining;Semantics;Contrastive learning;hyperspectral image (HSI) classification;image classification;light detection and ranging (LiDAR);multimodal},
  doi={10.1109/TGRS.2023.3346935}}


@INPROCEEDINGS{stablediffusion2022,

  author={Rombach, Robin and Blattmann, Andreas and Lorenz, Dominik and Esser, Patrick and Ommer, BjÃ¶rn},

  booktitle={2022 IEEE/CVF Conference on Computer Vision and Pattern Recognition (CVPR)}, 

  title={High-Resolution Image Synthesis with Latent Diffusion Models}, 

  year={2022},

  volume={},

  number={},

  pages={10674-10685}}


@INPROCEEDINGS{Sat2Scene2024,

  author={Li, Zuoyue and Li, Zhenqiang and Cui, Zhaopeng and Pollefeys, Marc and Oswald, Martin R.},

  booktitle={2024 IEEE/CVF Conference on Computer Vision and Pattern Recognition (CVPR)}, 

  title={Sat2Scene: 3D Urban Scene Generation from Satellite Images with Diffusion}, 

  year={2024},

  volume={},

  number={},

  pages={7141-7150}}

@ARTICLE{Tang2024,

  author={Tang, Datao and Cao, Xiangyong and Hou, Xingsong and Jiang, Zhongyuan and Liu, Junmin and Meng, Deyu},

  journal={IEEE Transactions on Geoscience and Remote Sensing}, 

  title={CRS-Diff: Controllable Remote Sensing Image Generation With Diffusion Model}, 

  year={2024},

  volume={62},

  number={},

  pages={1-14}}


@inproceedings{
khanna2024diffusionsat,
title={DiffusionSat: A Generative Foundation Model for Satellite Imagery},
author={Samar Khanna and Patrick Liu and Linqi Zhou and Chenlin Meng and Robin Rombach and Marshall Burke and David B. Lobell and Stefano Ermon},
booktitle={The Twelfth International Conference on Learning Representations},
year={2024},
url={https://openreview.net/forum?id=I5webNFDgQ}
}

@inproceedings{
song2021DDIM,
title={Denoising Diffusion Implicit Models},
author={Jiaming Song and Chenlin Meng and Stefano Ermon},
booktitle={International Conference on Learning Representations},
year={2021},
url={https://openreview.net/forum?id=St1giarCHLP}
}

@inproceedings{
dhariwal2021diffusion,
title={Diffusion Models Beat {GAN}s on Image Synthesis},
author={Prafulla Dhariwal and Alexander Quinn Nichol},
booktitle={Advances in Neural Information Processing Systems},
editor={A. Beygelzimer and Y. Dauphin and P. Liang and J. Wortman Vaughan},
year={2021},
url={https://openreview.net/forum?id=AAWuCvzaVt}
}

@ARTICLE{wangyx2021,
  author={Wang, Yuxian and Li, Kui and Xu, Linlin and Wei, Qian and Wang, Fang and Chen, Ye},
  journal={IEEE Journal of Selected Topics in Applied Earth Observations and Remote Sensing}, 
  title={A Depthwise Separable Fully Convolutional ResNet With ConvCRF for Semisupervised Hyperspectral Image Classification}, 
  year={2021},
  volume={14},
  number={},
  pages={4621-4632},
  doi={10.1109/JSTARS.2021.3073661}}

@ARTICLE{Xuyh2024,
  author={Xu, Yonghao and Du, Bo and Zhang, Liangpei},
  journal={IEEE Transactions on Neural Networks and Learning Systems}, 
  title={Robust Self-Ensembling Network for Hyperspectral Image Classification}, 
  year={2024},
  volume={35},
  number={3},
  pages={3780-3793},
  doi={10.1109/TNNLS.2022.3198142}}


@ARTICLE{Wanglg2024,
  author={Wang, Liguo and Wang, Heng and Wang, Peng and Wang, Lifeng},
  journal={IEEE Transactions on Geoscience and Remote Sensing}, 
  title={Regularized Masked Auto-Encoder for Semi-Supervised Hyperspectral Image Classification}, 
  year={2024},
  volume={62},
  number={},
  pages={1-21},
  doi={10.1109/TGRS.2024.3509720}}

@ARTICLE{Liuh2024,
  author={Liu, Huan and Li, Wei and Xia, Xiang-Gen and Zhang, Mengmeng and Guo, Zhengqi and Song, Lujie},
  journal={IEEE Transactions on Image Processing}, 
  title={SegHSI: Semantic Segmentation of Hyperspectral Images With Limited Labeled Pixels}, 
  year={2024},
  volume={33},
  number={},
  pages={6469-6482},
  doi={10.1109/TIP.2024.3492724}}


@inproceedings{CLIP2021,
  author       = {Alec Radford and
                  Jong Wook Kim and
                  Chris Hallacy and
                  Aditya Ramesh and
                  Gabriel Goh and
                  Sandhini Agarwal and
                  Girish Sastry and
                  Amanda Askell and
                  Pamela Mishkin and
                  Jack Clark and
                  Gretchen Krueger and
                  Ilya Sutskever},
  title        = {Learning Transferable Visual Models From Natural Language Supervision},
  booktitle    = {Proceedings of the 38th International Conference on Machine Learning,
                  {ICML} 2021, 18-24 July 2021, Virtual Event},
  series       = {Proceedings of Machine Learning Research},
  volume       = {139},
  pages        = {8748--8763},
  publisher    = {{PMLR}},
  year         = {2021},
}

@INPROCEEDINGS{Guoxin2024,
  author={Guo, Xin and Lao, Jiangwei and Dang, Bo and Zhang, Yingying and Yu, Lei and Ru, Lixiang and Zhong, Liheng and Huang, Ziyuan and Wu, Kang and Hu, Dingxiang and He, Huimei and Wang, Jian and Chen, Jingdong and Yang, Ming and Zhang, Yongjun and Li, Yansheng},
  booktitle={2024 IEEE/CVF Conference on Computer Vision and Pattern Recognition (CVPR)}, 
  title={SkySense: A Multi-Modal Remote Sensing Foundation Model Towards Universal Interpretation for Earth Observation Imagery}, 
  year={2024},
  volume={},
  number={},
  pages={27662-27673}}


@article{Huyuan2023,
  title={RSGPT: A Remote Sensing Vision Language Model and Benchmark},
  author={Yuan Hu and Jianlong Yuan and Congcong Wen and Xiaonan Lu and Xiang Li},
  journal={ArXiv},
  year={2023},
  volume={abs/2307.15266},
  url={https://api.semanticscholar.org/CorpusID:260316172}
}

@misc{ho2022classifierfreediffusionguidance,
      title={Classifier-Free Diffusion Guidance}, 
      author={Jonathan Ho and Tim Salimans},
      year={2022},
      eprint={2207.12598},
      archivePrefix={arXiv},
      primaryClass={cs.LG},
      url={https://arxiv.org/abs/2207.12598}, 
}


@misc{lomurno2024stablediffusiondatasetgeneration,
      title={Stable Diffusion Dataset Generation for Downstream Classification Tasks}, 
      author={Eugenio Lomurno and Matteo D'Oria and Matteo Matteucci},
      year={2024},
      eprint={2405.02698},
      archivePrefix={arXiv},
      primaryClass={cs.LG},
      url={https://arxiv.org/abs/2405.02698}, 
}

@INPROCEEDINGS{chenxq2023,
  author={Chen, Xinquan and Gao, Xitong and Zhao, Juanjuan and Ye, Kejiang and Xu, Cheng-Zhong},
  booktitle={2023 IEEE/CVF International Conference on Computer Vision (ICCV)}, 
  title={AdvDiffuser: Natural Adversarial Example Synthesis with Diffusion Models}, 
  year={2023},
  volume={},
  number={},
  pages={4539-4549},
  keywords={Training;Threat modeling;Measurement;Computer vision;Codes;Perturbation methods;Noise reduction},
  doi={10.1109/ICCV51070.2023.00421}}

@misc{azizi2023syntheticdatadiffusionmodels,
      title={Synthetic Data from Diffusion Models Improves ImageNet Classification}, 
      author={Shekoofeh Azizi and Simon Kornblith and Chitwan Saharia and Mohammad Norouzi and David J. Fleet},
      year={2023},
      eprint={2304.08466},
      archivePrefix={arXiv},
      primaryClass={cs.CV},
      url={https://arxiv.org/abs/2304.08466}, 
}

@ARTICLE{Weifeng2019,
  author={Feng, Wei and Huang, Wenjiang and Bao, Wenxing},
  journal={IEEE Geoscience and Remote Sensing Letters}, 
  title={Imbalanced Hyperspectral Image Classification With an Adaptive Ensemble Method Based on SMOTE and Rotation Forest With Differentiated Sampling Rates}, 
  year={2019},
  volume={16},
  number={12},
  pages={1879-1883},
  keywords={Training;Hyperspectral imaging;Diversity reception;Forestry;Task analysis;Support vector machines;Classification;ensemble learning;hyperspectral image;multiclass imbalance learning;SMOTE},
  doi={10.1109/LGRS.2019.2913387}}


@article{OZDEMIR2021114986,
title = {Classification of imbalanced hyperspectral images using SMOTE-based deep learning methods},
journal = {Expert Systems with Applications},
volume = {178},
pages = {114986},
year = {2021},
issn = {0957-4174},
doi = {https://doi.org/10.1016/j.eswa.2021.114986},
author = {AkÄ±n Ã–zdemir and Kemal Polat and Adi Alhudhaif},
keywords = {Hyperspectral imaging, Deep learning, Image classification, SMOTE, Imbalanced dataset, Imbalanced classification},
}

@inproceedings{yoon-etal-2021-ssmix,
    title = "{SSM}ix: Saliency-Based Span Mixup for Text Classification",
    author = "Yoon, Soyoung  and
      Kim, Gyuwan  and
      Park, Kyumin",
    editor = "Zong, Chengqing  and
      Xia, Fei  and
      Li, Wenjie  and
      Navigli, Roberto",
    booktitle = "Findings of the Association for Computational Linguistics: ACL-IJCNLP 2021",
    month = aug,
    year = "2021",
    address = "Online",
    publisher = "Association for Computational Linguistics",
    url = "https://aclanthology.org/2021.findings-acl.285/",
    doi = "10.18653/v1/2021.findings-acl.285",
    pages = "3225--3234"
}


@article{wahabzada2016plant,
  title={Plant phenotyping using probabilistic topic models: uncovering the hyperspectral language of plants},
  author={Wahabzada, Mirwaes and Mahlein, Anne-Katrin and Bauckhage, Christian and Steiner, Ulrike and Oerke, Erich-Christian and Kersting, Kristian},
  journal={Scientific reports},
  volume={6},
  number={1},
  pages={22482},
  year={2016},
  publisher={Nature Publishing Group UK London}
}

@ARTICLE{Huanglb2024,
  author={Huang, Lingbo and Chen, Yushi and He, Xin},
  journal={IEEE Transactions on Geoscience and Remote Sensing}, 
  title={Foundation Model-Based Spectralâ€“Spatial Transformer for Hyperspectral Image Classification}, 
  year={2024},
  volume={62},
  number={},
  pages={1-25},
  keywords={Transformers;Feature extraction;Training;Convolutional neural networks;Adaptation models;Visualization;Image classification;Deep learning;foundation model;hyperspectral image (HSI) classification;transformer;zero-shot learning (ZSL)},
  doi={10.1109/TGRS.2024.3456129}}

@misc{zhu2025sDiffCRN,
      title={Spatial-Spectral Diffusion Contrastive Representation Network for Hyperspectral Image Classification}, 
      author={Yimin Zhu and Linlin Xu},
      year={2025},
      eprint={2502.19699},
      archivePrefix={arXiv},
      primaryClass={cs.CV},
      url={https://arxiv.org/abs/2502.19699}, 
}