@inproceedings{ACL19a,
	Author = {H. Aziz and H. Chan and B. Li},
	Booktitle = proc # {28h} # ijcai,
	Title = {Weighted Maxmin Fair Share Allocation of Indivisible Chores},
	Year = {2019}}

@inproceedings{Aziz21a,
  title={Achieving envy-freeness and equitability with monetary transfers},
  author={Aziz, Haris},
  booktitle={Proceedings of the AAAI Conference on Artificial Intelligence},
  volume={35},
  number={6},
  pages={5102--5109},
  year={2021}
}

@article{BEF23a,
  title={Fair-share allocations for agents with arbitrary entitlements},
  author={Babaioff, Moshe and Ezra, Tomer and Feige, Uriel},
  journal={Mathematics of Operations Research},
  volume={49},
  number={4},
  pages={2180--2211},
  year={2024},
  publisher={INFORMS}
}

@book{BrTa96a,
  title={Fair Division: From cake-cutting to dispute resolution},
  author={Brams, Steven J and Taylor, Alan D},
  year={1996},
  publisher={Cambridge University Press}
}

@inproceedings{Brustle2020,
  title={One dollar each eliminates envy},
  author={Brustle, Johannes and Dippel, Jack and Narayan, Vishnu V and Suzuki, Mashbat and Vetta, Adrian},
  booktitle={Proceedings of the 21st ACM Conference on Economics and Computation},
  pages={23--39},
  year={2020}
}

@article{CISZ21,
  title={Weighted envy-freeness in indivisible item allocation},
  author={Chakraborty, Mithun and Igarashi, Ayumi and Suksompong, Warut and Zick, Yair},
  journal={ACM Transactions on Economics and Computation (TEAC)},
  volume={9},
  number={3},
  pages={1--39},
  year={2021},
  publisher={ACM New York, NY, USA}
}

@article{Goko2024,
  title={A fair and truthful mechanism with limited subsidy},
  author={Goko, Hiromichi and Igarashi, Ayumi and Kawase, Yasushi and Makino, Kazuhisa and Sumita, Hanna and Tamura, Akihisa and Yokoi, Yu and Yokoo, Makoto},
  journal={Games and Economic Behavior},
  volume={144},
  pages={49--70},
  year={2024},
  publisher={Elsevier}
}

@inproceedings{HaSh19a,
  title={Fair division with subsidy},
  author={Halpern, Daniel and Shah, Nisarg},
  booktitle={Algorithmic Game Theory: 12th International Symposium, SAGT 2019, Athens, Greece, September 30--October 3, 2019, Proceedings 12},
  pages={374--389},
  year={2019},
  organization={Springer}
}

@inproceedings{LLSW24,
  title={Mixed fair division: A survey},
  author={Liu, Shengxin and Lu, Xinhang and Suzuki, Mashbat and Walsh, Toby},
  booktitle={Proceedings of the AAAI Conference on Artificial Intelligence},
  volume={38},
  number={20},
  pages={22641--22649},
  year={2024}
}

@article{Papa03b,
  title={Groves sealed bid auctions of heterogeneous objects with fair prices},
  author={P{\'a}pai, Szilvia},
  journal={Social choice and Welfare},
  volume={20},
  number={3},
  pages={371--385},
  year={2003},
  publisher={Springer}
}

@inproceedings{babaioff2021fair,
  title={Fair and truthful mechanisms for dichotomous valuations},
  author={Babaioff, Moshe and Ezra, Tomer and Feige, Uriel},
  booktitle={Proceedings of the AAAI Conference on Artificial Intelligence},
  volume={35},
  number={6},
  pages={5119--5126},
  year={2021}
}

@inproceedings{barman2022achieving,
  title={Achieving Envy-Freeness with Limited Subsidies under Dichotomous Valuations},
  author={Barman, S and Krishna, A and Narahari, Y and Sadhukan, S},
  booktitle={IJCAI International Joint Conference on Artificial Intelligence},
  pages={60--66},
  year={2022},
  organization={International Joint Conferences on Artificial Intelligence}
}

@inproceedings{caragiannis2020computing,
  title={Computing envy-freeable allocations with limited subsidies},
  author={Caragiannis, Ioannis and Ioannidis, Stavros D},
  booktitle={International Conference on Web and Internet Economics},
  pages={522--539},
  year={2021},
  organization={Springer}
}

@article{chakraborty2021picking,
  title={Picking sequences and monotonicity in weighted fair division},
  author={Chakraborty, Mithun and Schmidt-Kraepelin, Ulrike and Suksompong, Warut},
  journal={Artificial Intelligence},
  volume={301},
  pages={103578},
  year={2021},
  publisher={Elsevier}
}

@article{clarke,
  title={Multipart pricing of public goods},
  author={Clarke, Edward H},
  journal={Public choice},
  pages={17--33},
  year={1971},
  publisher={JSTOR}
}

@book{cramton2006combinatorial,
  title={Combinatorial auctions},
  author={Cramton, Peter C and Shoham, Yoav and Steinberg, Richard and Smith, Vernon L},
  volume={1},
  number={0},
  year={2006},
  publisher={MIT press Cambridge}
}

@article{demange1986multi,
  title={Multi-item auctions},
  author={Demange, Gabrielle and Gale, David and Sotomayor, Marilda},
  journal={Journal of political economy},
  volume={94},
  number={4},
  pages={863--872},
  year={1986},
  publisher={The University of Chicago Press}
}

@book{foley1966resource,
  title={Resource allocation and the public sector},
  author={Foley, Duncan Karl},
  year={1966},
  publisher={Yale University}
}

@article{groves:econometrica:1973,
  title={Incentives in teams},
  author={Groves, Theodore},
  journal={Econometrica: Journal of the Econometric Society},
  pages={617--631},
  year={1973},
  publisher={JSTOR}
}

@inproceedings{kawase2024towards,
  title={Towards optimal subsidy bounds for envy-freeable allocations},
  author={Kawase, Yasushi and Makino, Kazuhisa and Sumita, Hanna and Tamura, Akihisa and Yokoo, Makoto},
  booktitle={Proceedings of the AAAI Conference on Artificial Intelligence},
  volume={38},
  number={9},
  pages={9824--9831},
  year={2024}
}

@inproceedings{montanari2024weighted,
  title={Weighted envy-freeness for submodular valuations},
  author={Montanari, Luisa and Schmidt-Kraepelin, Ulrike and Suksompong, Warut and Teh, Nicholas},
  booktitle={Proceedings of the AAAI Conference on Artificial Intelligence},
  volume={38},
  number={9},
  pages={9865--9873},
  year={2024}
}

@article{schmeidler1971fair,
  title={Fair allocations},
  author={Schmeidler, David and Yaari, Menahem},
  journal={Unpublished Manuscript},
  year={1971}
}

@article{steinhaus1948problem,
  title={The problem of fair division},
  author={Steinhaus, Hugo},
  journal={Econometrica},
  volume={16},
  pages={101--104},
  year={1948}
}

@article{suksompong2022maximum,
  title={On maximum weighted Nash welfare for binary valuations},
  author={Suksompong, Warut and Teh, Nicholas},
  journal={Mathematical Social Sciences},
  volume={117},
  pages={101--108},
  year={2022},
  publisher={Elsevier}
}

@article{vickrey:1961,
  title={Counterspeculation, auctions, and competitive sealed tenders},
  author={Vickrey, William},
  journal={The Journal of finance},
  volume={16},
  number={1},
  pages={8--37},
  year={1961},
  publisher={JSTOR}
}

@inproceedings{viswanathan2022yankee,
  title={Yankee Swap: A Fast and Simple Fair Allocation Mechanism for Matroid Rank Valuations},
  author={Viswanathan, Vignesh and Zick, Yair},
  booktitle={Proceedings of the 2023 International Conference on Autonomous Agents and Multiagent Systems},
  pages={179--187},
  year={2023}
}

@inproceedings{viswanathan2023general,
  title={A general framework for fair allocation under matroid rank valuations},
  author={Viswanathan, Vignesh and Zick, Yair},
  booktitle={Proceedings of the 24th ACM Conference on Economics and Computation},
  pages={1129--1152},
  year={2023}
}

@article{wu2024tree,
  title={Tree Splitting Based Rounding Scheme for Weighted Proportional Allocations with Subsidy},
  author={Wu, Xiaowei and Zhou, Shengwei},
  journal={arXiv preprint arXiv:2404.07707},
  year={2024}
}

