@STRING{tum = {Department for Computer Science, Technical University of Munich (TUM)}}
@STRING{lncs = {Lecture Notes in Computer Science (LNCS)}}
@STRING{lnai = {Lecture Notes in Artificial Intelligence (LNAI)}}
@STRING{proc = {Proceedings of the }}
@STRING{cryptadv = {Advances in Cryptology - Proceedings of the }}
@STRING{ijcai = { International Joint Conference on Artificial Intelligence (IJCAI)}}
@STRING{stoc = { Annual ACM Symposium on Theory of Computing (STOC)}}
@STRING{focs = { Symposium on Foundations of Computer Science (FOCS)}}
@STRING{soda = { Annual ACM-SIAM Symposium on Discrete Algorithms (SODA)}}
@STRING{eurocrypt = { Eurocrypt Conference}}
@STRING{crypto = { Annual International Cryptology Conference (CRYPTO)}}
@STRING{asiacrypt = { Asiacrypt Conference}}
@STRING{aamas = { International Conference on Autonomous Agents and Multi-Agent Systems (AAMAS)}}
@STRING{aaai = { AAAI Conference on Artificial Intelligence (AAAI)}}
@STRING{aaaiold = { National Conference on Artificial Intelligence (AAAI)}}
@STRING{fc = { Annual Conference on Financial Cryptography (FC)}}
@STRING{fcds = { International Conference on Financial Cryptography and Data Security (FC)}}
@STRING{pkc = { International Workshop on Practice and Theory in Public Key Cryptography (PKC)}}
@STRING{acmecold = { ACM Conference on Electronic Commerce (ACM-EC)}}
@STRING{acmec = { ACM Conference on Economics and Computation (ACM-EC)}}
@STRING{stacs = { International Symposium on Theoretical Aspects of Computer Science (STACS)}}
@STRING{uai = { Annual Conference on Uncertainty in Artificial Intelligence (UAI)}}
@STRING{tark = { Conference on Theoretical Aspects of Rationality and Knowledge (TARK)}}
@STRING{ccc = { Annual IEEE Conference on Computational Complexity (CCC)}}
@STRING{sagt = { International Symposium on Algorithmic Game Theory (SAGT)}}
@STRING{wine = { International Workshop on Internet and Network Economics (WINE)}}
@STRING{ciac = { International Conference on Algorithms and Complexity (CIAC)}}
@STRING{ecai = { European Conference on Artificial Intelligence (ECAI)}}
@STRING{kr = { International Conference on Principles of Knowledge Representation and Reasoning (KR)}}
@STRING{cocoon = { Annual International Computing and Combinatorics Conference (COCOON)}}
@STRING{isaim = { International Symposium on Artificial Intelligence and Mathematics (ISAIM)}}
@STRING{isaac = { International Symposium on Algorithms and Computation (ISAAC)}}
@STRING{icml = { International Conference on Machine Learning (ICML)}}
@STRING{adt = { International Conference on Algorithmic Decision Theory (ADT)}}
@STRING{icalp = { International Colloquium on Automata, Languages, and Programming (ICALP)}}
@STRING{comsoc = { International Workshop on Computational Social Choice (COMSOC)}}

@STRING{springer = {Springer-Verlag}}
@STRING{acm = {ACM Press}}
@STRING{ieee = {IEEE Computer Society Press}}
	
@STRING{ip = {In preparation}}
@STRING{ur = {Working paper}}
@STRING{ta = {Forthcoming}}

@STRING{wp = {Working paper}}
@STRING{sb = {Submitted}}

@STRING{path ={http://dss.in.tum.de/files/brandt-research/}}


@inproceedings{WuZZ23,
  title={One Quarter Each (on Average) Ensures Proportionality},
  author={Wu, Xiaowei and Zhang, Cong and Zhou, Shengwei},
  booktitle={International Conference on Web and Internet Economics},
  pages={582--599},
  year={2023}
}

@inproceedings{LLSW24,
  title={Mixed fair division: A survey},
  author={Liu, Shengxin and Lu, Xinhang and Suzuki, Mashbat and Walsh, Toby},
  booktitle={Proceedings of the AAAI Conference on Artificial Intelligence},
  volume={38},
  number={20},
  pages={22641--22649},
  year={2024}
}

@article{BEF23a,
  title={Fair-share allocations for agents with arbitrary entitlements},
  author={Babaioff, Moshe and Ezra, Tomer and Feige, Uriel},
  journal={Mathematics of Operations Research},
  volume={49},
  number={4},
  pages={2180--2211},
  year={2024},
  publisher={INFORMS}
}


@inproceedings{ACL19a,
	Author = {H. Aziz and H. Chan and B. Li},
	Booktitle = proc # {28h} # ijcai,
	Title = {Weighted Maxmin Fair Share Allocation of Indivisible Chores},
	Year = {2019}}

@article{HSV23a,
  title={Best of both worlds: Agents with entitlements},
  author={Hoefer, Martin and Schmalhofer, Marco and Varricchio, Giovanna},
  journal={Journal of Artificial Intelligence Research},
  volume={80},
  pages={559--591},
  year={2024}
}

@inproceedings{AGM23a,
  title={Best of Both Worlds Fairness under Entitlements},
  author={Aziz, Haris and Ganguly, Aditya and Micha, Evi},
  booktitle={Proceedings of the 2023 International Conference on Autonomous Agents and Multiagent Systems},
  pages={941--948},
  year={2023}
}

@article{Arag95a,
  title={A derivation of the money Rawlsian solution},
  author={Aragones, Enriqueta},
  journal={Social Choice and Welfare},
  volume={12},
  number={3},
  pages={267--276},
  year={1995},
  publisher={Springer}
}

@article{Klij00a,
  title={An algorithm for envy-free allocations in an economy with indivisible objects and money},
  author={Klijn, Flip},
  journal={Social Choice and Welfare},
  volume={17},
  number={2},
  pages={201--215},
  year={2000},
  publisher={Springer}
}

@incollection{,
  title={On the fair allocation of indivisible goods},
  author={Maskin, Eric S},
  booktitle={Arrow and the Foundations of the Theory of Economic Policy},
  pages={341--349},
  publisher={Springer}
}

@article{Papa03b,
  title={Groves sealed bid auctions of heterogeneous objects with fair prices},
  author={P{\'a}pai, Szilvia},
  journal={Social choice and Welfare},
  volume={20},
  number={3},
  pages={371--385},
  year={2003},
  publisher={Springer}
}

@inproceedings{Brustle2020,
  title={One dollar each eliminates envy},
  author={Brustle, Johannes and Dippel, Jack and Narayan, Vishnu V and Suzuki, Mashbat and Vetta, Adrian},
  booktitle={Proceedings of the 21st ACM Conference on Economics and Computation},
  pages={23--39},
  year={2020}
}
		

@inproceedings{Aziz21a,
  title={Achieving envy-freeness and equitability with monetary transfers},
  author={Aziz, Haris},
  booktitle={Proceedings of the AAAI Conference on Artificial Intelligence},
  volume={35},
  number={6},
  pages={5102--5109},
  year={2021}
}

@inproceedings{HaSh19a,
  title={Fair division with subsidy},
  author={Halpern, Daniel and Shah, Nisarg},
  booktitle={Algorithmic Game Theory: 12th International Symposium, SAGT 2019, Athens, Greece, September 30--October 3, 2019, Proceedings 12},
  pages={374--389},
  year={2019},
  organization={Springer}
}

@article{CISZ21,
  title={Weighted envy-freeness in indivisible item allocation},
  author={Chakraborty, Mithun and Igarashi, Ayumi and Suksompong, Warut and Zick, Yair},
  journal={ACM Transactions on Economics and Computation (TEAC)},
  volume={9},
  number={3},
  pages={1--39},
  year={2021},
  publisher={ACM New York, NY, USA}
}

@book{BrTa96a,
  title={Fair Division: From cake-cutting to dispute resolution},
  author={Brams, Steven J and Taylor, Alan D},
  year={1996},
  publisher={Cambridge University Press}
}

@article{Goko2024,
  title={A fair and truthful mechanism with limited subsidy},
  author={Goko, Hiromichi and Igarashi, Ayumi and Kawase, Yasushi and Makino, Kazuhisa and Sumita, Hanna and Tamura, Akihisa and Yokoi, Yu and Yokoo, Makoto},
  journal={Games and Economic Behavior},
  volume={144},
  pages={49--70},
  year={2024},
  publisher={Elsevier}
}

@book{cramton2006combinatorial,
  title={Combinatorial auctions},
  author={Cramton, Peter C and Shoham, Yoav and Steinberg, Richard and Smith, Vernon L},
  volume={1},
  number={0},
  year={2006},
  publisher={MIT press Cambridge}
}

@inproceedings{caragiannis2020computing,
  title={Computing envy-freeable allocations with limited subsidies},
  author={Caragiannis, Ioannis and Ioannidis, Stavros D},
  booktitle={International Conference on Web and Internet Economics},
  pages={522--539},
  year={2021},
  organization={Springer}
}

@article{wu2024tree,
  title={Tree Splitting Based Rounding Scheme for Weighted Proportional Allocations with Subsidy},
  author={Wu, Xiaowei and Zhou, Shengwei},
  journal={arXiv preprint arXiv:2404.07707},
  year={2024}
}

@article{vickrey:1961,
  title={Counterspeculation, auctions, and competitive sealed tenders},
  author={Vickrey, William},
  journal={The Journal of finance},
  volume={16},
  number={1},
  pages={8--37},
  year={1961},
  publisher={JSTOR}
}

@article{clarke,
  title={Multipart pricing of public goods},
  author={Clarke, Edward H},
  journal={Public choice},
  pages={17--33},
  year={1971},
  publisher={JSTOR}
}
  

@article{groves:econometrica:1973,
  title={Incentives in teams},
  author={Groves, Theodore},
  journal={Econometrica: Journal of the Econometric Society},
  pages={617--631},
  year={1973},
  publisher={JSTOR}
}

@book{oxley2011matroid,
  title={Matroid theory},
  author={Oxley, James G},
  volume={3},
  year={2006},
  publisher={Oxford University Press, USA}
}

@article{BarmanVermaAAMAS2021,
  title={Existence and computation of maximin fair allocations under matroid-rank valuations},
  author={Barman, Siddharth and Verma, Paritosh},
  journal={arXiv preprint arXiv:2012.12710},
  year={2020}
}
@article{benabbou2020,
  title={Finding fair and efficient allocations for matroid rank valuations},
  author={Benabbou, Nawal and Chakraborty, Mithun and Igarashi, Ayumi and Zick, Yair},
  journal={ACM Transactions on Economics and Computation},
  volume={9},
  number={4},
  pages={1--41},
  year={2021},
  publisher={ACM New York, NY}
}

@article{edmonds1972theoretical,
  title={Theoretical improvements in algorithmic efficiency for network flow problems},
  author={Edmonds, Jack and Karp, Richard M},
  journal={Journal of the ACM (JACM)},
  volume={19},
  number={2},
  pages={248--264},
  year={1972},
  publisher={ACM New York, NY, USA}
}


@article{suksompong2023weighted,
  title={Weighted fair division with matroid-rank valuations: Monotonicity and strategyproofness},
  author={Suksompong, Warut and Teh, Nicholas},
  journal={Mathematical Social Sciences},
  volume={126},
  pages={48--59},
  year={2023},
  publisher={Elsevier}
}

@article{steinhaus1948problem,
  title={The problem of fair division},
  author={Steinhaus, Hugo},
  journal={Econometrica},
  volume={16},
  pages={101--104},
  year={1948}
}

@book{foley1966resource,
  title={Resource allocation and the public sector},
  author={Foley, Duncan Karl},
  year={1966},
  publisher={Yale University}
}

@article{schmeidler1971fair,
  title={Fair allocations},
  author={Schmeidler, David and Yaari, Menahem},
  journal={Unpublished Manuscript},
  year={1971}
}

@article{demange1986multi,
  title={Multi-item auctions},
  author={Demange, Gabrielle and Gale, David and Sotomayor, Marilda},
  journal={Journal of political economy},
  volume={94},
  number={4},
  pages={863--872},
  year={1986},
  publisher={The University of Chicago Press}
}

@book{robertson1998cake,
  title={Cake-cutting algorithms: Be fair if you can},
  author={Robertson, Jack and Webb, William},
  year={1998},
  publisher={AK Peters/CRC Press}
}

@article{zeng2000approximate,
  title={Approximate envy-free procedures},
  author={Zeng, Dao-Zhi},
  journal={Game Practice: Contributions from Applied Game Theory},
  pages={259--271},
  year={2000},
  publisher={Springer}
}

@article{chakraborty2021picking,
  title={Picking sequences and monotonicity in weighted fair division},
  author={Chakraborty, Mithun and Schmidt-Kraepelin, Ulrike and Suksompong, Warut},
  journal={Artificial Intelligence},
  volume={301},
  pages={103578},
  year={2021},
  publisher={Elsevier}
}

@inproceedings{barman2022achieving,
  title={Achieving Envy-Freeness with Limited Subsidies under Dichotomous Valuations},
  author={Barman, S and Krishna, A and Narahari, Y and Sadhukan, S},
  booktitle={IJCAI International Joint Conference on Artificial Intelligence},
  pages={60--66},
  year={2022},
  organization={International Joint Conferences on Artificial Intelligence}
}
@article{suksompong2022maximum,
  title={On maximum weighted Nash welfare for binary valuations},
  author={Suksompong, Warut and Teh, Nicholas},
  journal={Mathematical Social Sciences},
  volume={117},
  pages={101--108},
  year={2022},
  publisher={Elsevier}
}

@article{viswanathan2023weighted,
  title={Weighted notions of fairness with binary supermodular chores},
  author={Viswanathan, Vignesh and Zick, Yair},
  journal={arXiv preprint arXiv:2303.06212},
  year={2023}
}

@inproceedings{viswanathan2022yankee,
  title={Yankee Swap: A Fast and Simple Fair Allocation Mechanism for Matroid Rank Valuations},
  author={Viswanathan, Vignesh and Zick, Yair},
  booktitle={Proceedings of the 2023 International Conference on Autonomous Agents and Multiagent Systems},
  pages={179--187},
  year={2023}
}
@inproceedings{kawase2024towards,
  title={Towards optimal subsidy bounds for envy-freeable allocations},
  author={Kawase, Yasushi and Makino, Kazuhisa and Sumita, Hanna and Tamura, Akihisa and Yokoo, Makoto},
  booktitle={Proceedings of the AAAI Conference on Artificial Intelligence},
  volume={38},
  number={9},
  pages={9824--9831},
  year={2024}
}

@inproceedings{montanari2024weighted,
  title={Weighted envy-freeness for submodular valuations},
  author={Montanari, Luisa and Schmidt-Kraepelin, Ulrike and Suksompong, Warut and Teh, Nicholas},
  booktitle={Proceedings of the AAAI Conference on Artificial Intelligence},
  volume={38},
  number={9},
  pages={9865--9873},
  year={2024}
}

@inproceedings{chakraborty2022weighted,
  title={Weighted fairness notions for indivisible items revisited},
  author={Chakraborty, Mithun and Segal-Halevi, Erel and Suksompong, Warut},
  booktitle={Proceedings of the AAAI Conference on Artificial Intelligence},
  volume={36},
  number={5},
  pages={4949--4956},
  year={2022}
}

@article{leonard1983elicitation,
  title={Elicitation of honest preferences for the assignment of individuals to positions},
  author={Leonard, Herman B},
  journal={Journal of political Economy},
  volume={91},
  number={3},
  pages={461--479},
  year={1983},
  publisher={The University of Chicago Press}
}

@inproceedings{babaioff2021fair,
  title={Fair and truthful mechanisms for dichotomous valuations},
  author={Babaioff, Moshe and Ezra, Tomer and Feige, Uriel},
  booktitle={Proceedings of the AAAI Conference on Artificial Intelligence},
  volume={35},
  number={6},
  pages={5119--5126},
  year={2021}
}
@inproceedings{viswanathan2023general,
  title={A general framework for fair allocation under matroid rank valuations},
  author={Viswanathan, Vignesh and Zick, Yair},
  booktitle={Proceedings of the 24th ACM Conference on Economics and Computation},
  pages={1129--1152},
  year={2023}
}

@article{weisstein2008floyd,
  title={Floyd-warshall algorithm},
  author={Weisstein, Eric W},
  journal={https://mathworld. wolfram. com/},
  year={2008},
  publisher={Wolfram Research, Inc.}
}
@article{wimmer2017floyd,
  title={The floyd-warshall algorithm for shortest paths},
  author={Wimmer, Simon and Lammich, Peter},
  journal={Arch. Formal Proofs},
  volume={2017},
  year={2017}
}

@article{goldberg1989finding,
  title={Finding minimum-cost circulations by canceling negative cycles},
  author={Goldberg, Andrew V and Tarjan, Robert E},
  journal={Journal of the ACM (JACM)},
  volume={36},
  number={4},
  pages={873--886},
  year={1989},
  publisher={ACM New York, NY, USA}
}

@techreport{goldberg1989network,
  title={Network flow algorithm},
  author={Goldberg, Andrew V and Tardos, {\'E}va and Tarjan, Robert},
  year={1989},
  institution={Cornell University Operations Research and Industrial Engineering}
}

@article{aziz2024weighted,
  title={Weighted Envy-free Allocation with Subsidy},
  author={Aziz, Haris and Huang, Xin and Kimura, Kei and Saha, Indrajit and Sun, Zhaohong and Suzuki, Mashbat and Yokoo, Makoto},
  journal={arXiv preprint arXiv:2408.08711},
  year={2024}
}

@article{elmalem2024weighted,
  title={Weighted Envy Freeness With Bounded Subsidies},
  author={Klein Elmalem, Noga and Gonen, Rica and Segal-Halevi, Erel},
  journal={arXiv preprint arXiv:2411.12696},
  year={2024}
}