% Use this file for citations not found in the ACL Anthology (contained in "anthology.bib").

@inproceedings{kim2024does,
    title={Does Incomplete Syntax Influence Korean Language Model? Focusing on Word Order and Case Markers},
    author={Jong Myoung Kim and Young-Jun Lee and Yong-Jin Han and Ho-Jin Choi and Sangkeun Jung},
    booktitle={First Conference on Language Modeling},
    year={2024}
}

@inproceedings{yoon-etal-2023-towards,
    title = {{Towards Standardizing Korean Grammatical Error Correction: Datasets and Annotation}},
    author = "Yoon, Soyoung  and
      Park, Sungjoon  and
      Kim, Gyuwan  and
      Cho, Junhee  and
      Park, Kihyo  and
      Kim, Gyu Tae  and
      Seo, Minjoon  and
      Oh, Alice",
    booktitle = "Proceedings of the 61st Annual Meeting of the Association for Computational Linguistics (ACL 2023)",
    year = "2023",
}

@inproceedings{kim-etal-2022-korean,
    title = "{K}orean Language Modeling via Syntactic Guide",
    author = "Kim, Hyeondey  and
      Kim, Seonhoon  and
      Kang, Inho  and
      Kwak, Nojun  and
      Fung, Pascale",
    booktitle = "Proceedings of the Thirteenth Language Resources and Evaluation Conference (LREC 2022)",
    year = "2022",
}

@inproceedings{choi-etal-2024-optimizing,
    title = "Optimizing Language Augmentation for Multilingual Large Language Models: A Case Study on {K}orean",
    author = "Choi, ChangSu  and
      Jeong, Yongbin  and
      Park, Seoyoon  and
      Won, Inho  and
      Lim, HyeonSeok  and
      Kim, SangMin  and
      Kang, Yejee  and
      Yoon, Chanhyuk  and
      Park, Jaewan  and
      Lee, Yiseul  and
      Lee, HyeJin  and
      Hahm, Younggyun  and
      Kim, Hansaem  and
      Lim, KyungTae",
    booktitle = "Proceedings of the 2024 Joint International Conference on Computational Linguistics, Language Resources and Evaluation (LREC-COLING 2024)",
    year = "2024",
}

@article{research2024exaone,
  title={EXAONE 3.5: Series of Large Language Models for Real-world Use Cases},
  author={Research, LG and An, Soyoung and Bae, Kyunghoon and Choi, Eunbi and Choi, Kibong and Choi, Stanley Jungkyu and Hong, Seokhee and Hwang, Junwon and Jeon, Hyojin and Jo, Gerrard Jeongwon and others},
  journal={arXiv preprint arXiv:2412.04862},
  year={2024}
}

@inproceedings{yuan2021bartscore,
  title={{BARTScore: Evaluating Generated Text as Text Generation}},
  author={Yuan, Weizhe and Neubig, Graham and Liu, Pengfei},
  booktitle={Advances in Neural Information Processing Systems (NeurIPS)},
  year={2021}
}

@inproceedings{gehrmann-etal-2019-gltr,
    title = {{GLTR: Statistical Detection and Visualization of Generated Text}},
    author = "Gehrmann, Sebastian  and
      Strobelt, Hendrik  and
      Rush, Alexander",
    booktitle = "Proceedings of the 57th Annual Meeting of the Association for Computational Linguistics: System Demonstrations",
    year = "2019",
}

@article{solaiman2019release,
  title={{Release Strategies and the Social Impacts of Language Models}},
  author={Solaiman, Irene and Brundage, Miles and Clark, Jack and Askell, Amanda and Herbert-Voss, Ariel and Wu, Jeff and Radford, Alec and Krueger, Gretchen and Kim, Jong Wook and Kreps, Sarah and others},
  journal={arXiv preprint arXiv:1908.09203},
  year={2019}
}

@article{guo2023close,
  title={{How Close is ChatGPT to Human Experts? Comparison Corpus, Evaluation, and Detection}},
  author={Guo, Biyang and Zhang, Xin and Wang, Ziyuan and Jiang, Minqi and Nie, Jinran and Ding, Yuxuan and Yue, Jianwei and Wu, Yupeng},
  journal={arXiv preprint arXiv:2301.07597},
  year={2023}
}

@inproceedings{kirchenbauer2023watermark,
  title={A watermark for large language models},
  author={Kirchenbauer, John and Geiping, Jonas and Wen, Yuxin and Katz, Jonathan and Miers, Ian and Goldstein, Tom},
  booktitle={International Conference on Machine Learning (ICML)},
  year={2023}
}

@inproceedings{guo2024context,
  title={Context-aware Watermark with Semantic Balanced Green-red Lists for Large Language Models},
  author={Guo, Yuxuan and Tian, Zhiliang and Song, Yiping and Liu, Tianlun and Ding, Liang and Li, Dongsheng},
  booktitle={Proceedings of the 2024 Conference on Empirical Methods in Natural Language Processing (EMNLP)},
  year={2024}
}

@article{yoo2024hyperclova,
  title={{HyperCLOVA X Technical Report}},
  author={Yoo, Kang Min and Han, Jaegeun and In, Sookyo and Jeon, Heewon and Jeong, Jisu and Kang, Jaewook and Kim, Hyunwook and Kim, Kyung-Min and Kim, Munhyong and Kim, Sungju and others},
  journal={arXiv preprint arXiv:2404.01954},
  year={2024}
}

@inproceedings{ippolito-etal-2020-automatic,
    title = {{Automatic Detection of Generated Text is Easiest when Humans are Fooled}},
    author = "Ippolito, Daphne  and
      Duckworth, Daniel  and
      Callison-Burch, Chris  and
      Eck, Douglas",
    booktitle = "Proceedings of the 58th Annual Meeting of the Association for Computational Linguistics",
    year = "2020",
}

@book{zipf2016human,
  title={{Human Behavior and the Principle of Least Effort: An Introduction to Human Ecology}},
  author={Zipf, George Kingsley},
  year={2016},
  publisher={Ravenio books}
}

@misc{heaps1978information,
  title={{Information Retrieval: Computational and Theoretical Aspects}},
  author={Heaps, HS},
  year={1978},
  publisher={Academic Press}
}

@article{he2023mgtbench,
  title={{MGTBench: Benchmarking Machine-Generated Text Detection}},
  author={He, Xinlei and Shen, Xinyue and Chen, Zeyuan and Backes, Michael and Zhang, Yang},
  journal={arXiv preprint arXiv:2303.14822},
  year={2023}
}

@article{yang2024qwen2,
  title={{Qwen2 Technical Report}},
  author={Yang, An and Yang, Baosong and Hui, Binyuan and Zheng, Bo and Yu, Bowen and Zhou, Chang and Li, Chengpeng and Li, Chengyuan and Liu, Dayiheng and Huang, Fei and others},
  journal={arXiv preprint arXiv:2407.10671},
  year={2024}
}

@inproceedings{su-etal-2023-detectllm,
    title = {{DetectLLM: Leveraging Log Rank Information for Zero-Shot Detection of Machine-Generated Text}},
    author = "Su, Jinyan  and
      Zhuo, Terry  and
      Wang, Di  and
      Nakov, Preslav",
    booktitle = "Findings of the Association for Computational Linguistics: EMNLP 2023",
    year = "2023",
}

@inproceedings{wang-etal-2024-m4,
    title = {{M4: Multi-generator, Multi-domain, and Multi-lingual Black-Box Machine-Generated Text Detection}},
    author = "Wang, Yuxia  and
      Mansurov, Jonibek  and
      Ivanov, Petar  and
      Su, Jinyan  and
      Shelmanov, Artem  and
      Tsvigun, Akim  and
      Whitehouse, Chenxi  and
      Mohammed Afzal, Osama  and
      Mahmoud, Tarek  and
      Sasaki, Toru  and
      Arnold, Thomas  and
      Aji, Alham  and
      Habash, Nizar  and
      Gurevych, Iryna  and
      Nakov, Preslav",
    booktitle = "Proceedings of the 18th Conference of the European Chapter of the Association for Computational Linguistics (Volume 1: Long Papers)",
    year = "2024",
}

@inproceedings{zhu-etal-2023-beat,
    title = {{Beat LLMs at Their Own Game: Zero-Shot LLM-Generated Text Detection via Querying ChatGPT}},
    author = "Zhu, Biru  and
      Yuan, Lifan  and
      Cui, Ganqu  and
      Chen, Yangyi  and
      Fu, Chong  and
      He, Bingxiang  and
      Deng, Yangdong  and
      Liu, Zhiyuan  and
      Sun, Maosong  and
      Gu, Ming",
    booktitle = "Proceedings of the 2023 Conference on Empirical Methods in Natural Language Processing",
    year = "2023",
}

@inproceedings{mireshghallah-etal-2024-smaller,
    title = {{Smaller Language Models are Better Zero-shot Machine-Generated Text Detectors}},
    author = "Mireshghallah, Niloofar  and
      Mattern, Justus  and
      Gao, Sicun  and
      Shokri, Reza  and
      Berg-Kirkpatrick, Taylor",
    booktitle = "Proceedings of the 18th Conference of the European Chapter of the Association for Computational Linguistics (Volume 2: Short Papers)",
    year = "2024",
}

@inproceedings{mitchell2023detectgpt,
  title={{DetectGPT: Zero-shot Machine-Generated Text Detection using Probability Curvature}},
  author={Mitchell, Eric and Lee, Yoonho and Khazatsky, Alexander and Manning, Christopher D and Finn, Chelsea},
  booktitle={International Conference on Machine Learning},
  year={2023},
}

@inproceedings{bao2023fast,
  title={{Fast-DetectGPT: Efficient Zero-Shot Detection of Machine-Generated Text via Conditional Probability Curvature}},
  author={Bao, Guangsheng and Zhao, Yanbin and Teng, Zhiyang and Yang, Linyi and Zhang, Yue},
  booktitle={The Twelfth International Conference on Learning Representations},
  year={2023},
}

@article{su2023hc3,
  title={{HC3 Plus: A Semantic-Invariant Human ChatGPT Comparison Corpus}},
  author={Su, Zhenpeng and Wu, Xing and Zhou, Wei and Ma, Guangyuan and Hu, Songlin},
  journal={arXiv preprint arXiv:2309.02731},
  year={2023}
}

@inproceedings{zellers2019defending,
  title={{Defending Against Neural Fake News}},
  author={Zellers, Rowan and Holtzman, Ari and Rashkin, Hannah and Bisk, Yonatan and Farhadi, Ali and Roesner, Franziska and Choi, Yejin},
  booktitle={Advances in Neural Information Processing Systems},
  year={2019}
}

@article{fagni2021tweepfake,
  title={{TweepFake: About Detecting Deepfake Tweets}},
  author={Fagni, Tiziano and Falchi, Fabrizio and Gambini, Margherita and Martella, Antonio and Tesconi, Maurizio},
  journal={Plos one},
  year={2021},
}

@article{liu2023argugpt,
  title={{ArguGPT: Evaluating, Understanding and Identifying Argumentative Essays Generated by GPT Models}},
  author={Liu, Yikang and Zhang, Ziyin and Zhang, Wanyang and Yue, Shisen and Zhao, Xiaojing and Cheng, Xinyuan and Zhang, Yiwen and Hu, Hai},
  journal={arXiv preprint arXiv:2304.07666},
  year={2023}
}

@inproceedings{brown2020language,
 title = {{Language Models are Few-Shot Learners}},
 author = {Brown, Tom and Mann, Benjamin and Ryder, Nick and Subbiah, Melanie and Kaplan, Jared D and Dhariwal, Prafulla and Neelakantan, Arvind and Shyam, Pranav and Sastry, Girish and Askell, Amanda and Agarwal, Sandhini and Herbert-Voss, Ariel and Krueger, Gretchen and Henighan, Tom and Child, Rewon and Ramesh, Aditya and Ziegler, Daniel and Wu, Jeffrey and Winter, Clemens and Hesse, Chris and Chen, Mark and Sigler, Eric and Litwin, Mateusz and Gray, Scott and Chess, Benjamin and Clark, Jack and Berner, Christopher and McCandlish, Sam and Radford, Alec and Sutskever, Ilya and Amodei, Dario},
 booktitle = {Advances in Neural Information Processing Systems},
 year = {2020}
}

@inproceedings{gomez-rodriguez-williams-2023-confederacy,
    title = {{A Confederacy of Models: a Comprehensive Evaluation of {LLM}s on Creative Writing}},
    author = "G{\'o}mez-Rodr{\'\i}guez, Carlos  and
      Williams, Paul",
    booktitle = "Findings of the Association for Computational Linguistics: EMNLP 2023",
    year = "2023",
}

@article{xiao2024humanaicollaborativeessayscoring,
      title={{Human-AI Collaborative Essay Scoring: A Dual-Process Framework with LLMs}}, 
      author={Changrong Xiao and Wenxing Ma and Qingping Song and Sean Xin Xu and Kunpeng Zhang and Yufang Wang and Qi Fu},
      journal={arXiv preprint arXiv:2401.06431},
      year={2024},
}

@article{wang2024megafake,
  title={{MegaFake: A Theory-Driven Dataset of Fake News Generated by Large Language Models}},
  author={Wang, Lionel Z and Ma, Yiming and Gao, Renfei and Guo, Beichen and Li, Zhuoran and Zhu, Han and Fan, Wenqi and Lu, Zexin and Ng, Ka Chung},
  journal={arXiv preprint arXiv:2408.11871},
  year={2024}
}

@article{perkins2023academic,
  title={{Academic Integrity considerations of AI Large Language Models in the post-pandemic era: ChatGPT and beyond}},
  author={Perkins, Mike},
  journal={Journal of University Teaching and Learning Practice},
  year={2023}
}

@article{wang2024unveiling,
title={{Unveiling the Misuse Potential of Base Large Language Models via In-Context Learning}},
author={Wang, Xiao and Chen, Tianze and Yang, Xianjun and Zhang, Qi and Zhao, Xun and Lin, Dahua},
journal={arXiv preprint arXiv:2404.10552},
year={2024}
}

@inproceedings{pan2023risk,
title={{On the Risk of Misinformation Pollution with Large Language Models}},
author={Pan, Yikang  and
      Pan, Liangming  and
      Chen, Wenhu  and
      Nakov, Preslav  and
      Kan, Min-Yen  and
      Wang, William},
booktitle={Findings of the Association for Computational Linguistics: EMNLP 2023},
year={2023}
}

@article{wu2023survey,
title={{A Survey on LLM-Generated Text Detection: Necessity, Methods, and Future Directions}},
  author={Wu, Junchao and Yang, Shu and Zhan, Runzhe and Yuan, Yulin and Wong, Derek F and Chao, Lidia S},
  journal={arXiv preprint arXiv:2310.14724},
  year={2023}
}

@inproceedings{orenstrakh2024detecting,
  title={{Detecting LLM-Generated Text in Computing Education: Comparative Study for ChatGPT Cases}},
  author={Orenstrakh, Michael Sheinman and Karnalim, Oscar and Suarez, Carlos Anibal and Liut, Michael},
  booktitle={2024 IEEE 48th Annual Computers, Software, and Applications Conference (COMPSAC)},
  year={2024},
  organization={IEEE}
}

@inproceedings{park-etal-2020-empirical,
    title = {{An Empirical Study of Tokenization Strategies for Various Korean NLP Tasks}},
    author = "Park, Kyubyong  and
      Lee, Joohong  and
      Jang, Seongbo  and
      Jung, Dawoon",
    booktitle = "Proceedings of the 1st Conference of the Asia-Pacific Chapter of the Association for Computational Linguistics and the 10th International Joint Conference on Natural Language Processing",
    year = "2020",
}

@inproceedings{park2014konlpy, 
  title={{KoNLPy: Korean Natural Language Processing in Python}}, 
  author={Park, Eunjeong L. and Cho, Sungzoon}, 
  booktitle={Proceedings of the 26th Annual Conference on Human and Cognitive Language Technology}, 
  address={Chuncheon, Korea}, 
  month={October}, 
  year={2014} 
}

@article{ART001986607,
author={Shin, Hocheol and Kim, Buyeon and Lee, Kyubum},
title={A study on the Hangeul Orthography error status},
journal={Grammar Education},
issn={1738-5296},
year={2015},
volume={23},
pages={63-94}
}

@article{ART001708237,
author={Park, CheongHee},
title={Statistical approach about ellipsis of Korean and English
- Focused on ellipsis of subject and object -},
journal={Journal of The Society of Korean Language and Literature },
issn={1226-6388},
year={2012},
pages={171 - 192},
}

@inproceedings{wendler-etal-2024-llamas,
    title = "Do Llamas Work in {E}nglish? On the Latent Language of Multilingual Transformers",
    author = "Wendler, Chris  and
      Veselovsky, Veniamin  and
      Monea, Giovanni  and
      West, Robert",
    booktitle = "Proceedings of the 62nd Annual Meeting of the Association for Computational Linguistics (ACL 2024)",
    year = "2024",
}