@article{fagni2021tweepfake,
  title={{TweepFake: About Detecting Deepfake Tweets}},
  author={Fagni, Tiziano and Falchi, Fabrizio and Gambini, Margherita and Martella, Antonio and Tesconi, Maurizio},
  journal={Plos one},
  year={2021},
}

@article{guo2023close,
  title={{How Close is ChatGPT to Human Experts? Comparison Corpus, Evaluation, and Detection}},
  author={Guo, Biyang and Zhang, Xin and Wang, Ziyuan and Jiang, Minqi and Nie, Jinran and Ding, Yuxuan and Yue, Jianwei and Wu, Yupeng},
  journal={arXiv preprint arXiv:2301.07597},
  year={2023}
}

@inproceedings{wang-etal-2024-m4,
    title = {{M4: Multi-generator, Multi-domain, and Multi-lingual Black-Box Machine-Generated Text Detection}},
    author = "Wang, Yuxia  and
      Mansurov, Jonibek  and
      Ivanov, Petar  and
      Su, Jinyan  and
      Shelmanov, Artem  and
      Tsvigun, Akim  and
      Whitehouse, Chenxi  and
      Mohammed Afzal, Osama  and
      Mahmoud, Tarek  and
      Sasaki, Toru  and
      Arnold, Thomas  and
      Aji, Alham  and
      Habash, Nizar  and
      Gurevych, Iryna  and
      Nakov, Preslav",
    booktitle = "Proceedings of the 18th Conference of the European Chapter of the Association for Computational Linguistics (Volume 1: Long Papers)",
    year = "2024",
}

@inproceedings{zellers2019defending,
  title={{Defending Against Neural Fake News}},
  author={Zellers, Rowan and Holtzman, Ari and Rashkin, Hannah and Bisk, Yonatan and Farhadi, Ali and Roesner, Franziska and Choi, Yejin},
  booktitle={Advances in Neural Information Processing Systems},
  year={2019}
}

