@inproceedings{akoglu2010oddball,
  title={Oddball: Spotting anomalies in weighted graphs},
  author={Akoglu, Leman and McGlohon, Mary and Faloutsos, Christos},
  booktitle={Advances in Knowledge Discovery and Data Mining: 14th Pacific-Asia Conference, PAKDD 2010, Hyderabad, India, June 21-24, 2010. Proceedings. Part II 14},
  pages={410--421},
  year={2010},
  organization={Springer}
}

@article{akoglu2015graph,
  title={Graph based anomaly detection and description: a survey},
  author={Akoglu, Leman and Tong, Hanghang and Koutra, Danai},
  journal={Data mining and knowledge discovery},
  volume={29},
  pages={626--688},
  year={2015},
  publisher={Springer}
}

@article{chen2022graphtta,
  title={Graphtta: Test time adaptation on graph neural networks},
  author={Chen, Guanzi and Zhang, Jiying and Xiao, Xi and Li, Yang},
  journal={arXiv preprint arXiv:2208.09126},
  year={2022}
}

@article{dai2022graph,
  title={Graph transfer learning via adversarial domain adaptation with graph convolution},
  author={Dai, Quanyu and Wu, Xiao-Ming and Xiao, Jiaren and Shen, Xiao and Wang, Dan},
  journal={IEEE Transactions on Knowledge and Data Engineering},
  volume={35},
  number={5},
  pages={4908--4922},
  year={2022},
  publisher={IEEE}
}

@inproceedings{ding2019deep,
  title={Deep anomaly detection on attributed networks},
  author={Ding, Kaize and Li, Jundong and Bhanushali, Rohit and Liu, Huan},
  booktitle={Proceedings of the 2019 SIAM international conference on data mining},
  pages={594--602},
  year={2019},
  organization={SIAM}
}

@article{ding2021cross,
  title={Cross-domain graph anomaly detection},
  author={Ding, Kaize and Shu, Kai and Shan, Xuan and Li, Jundong and Liu, Huan},
  journal={IEEE Transactions on Neural Networks and Learning Systems},
  volume={33},
  number={6},
  pages={2406--2415},
  year={2021},
  publisher={IEEE}
}

@inproceedings{huang2022hop,
  title={Hop-count based self-supervised anomaly detection on attributed networks},
  author={Huang, Tianjin and Pei, Yulong and Menkovski, Vlado and Pechenizkiy, Mykola},
  booktitle={Joint European conference on machine learning and knowledge discovery in databases},
  pages={225--241},
  year={2022},
  organization={Springer}
}

@article{jin2022empowering,
  title={Empowering graph representation learning with test-time graph transformation},
  author={Jin, Wei and Zhao, Tong and Ding, Jiayuan and Liu, Yozen and Tang, Jiliang and Shah, Neil},
  journal={arXiv preprint arXiv:2210.03561},
  year={2022}
}

@article{li2022out,
  title={Out-of-distribution generalization on graphs: A survey},
  author={Li, Haoyang and Wang, Xin and Zhang, Ziwei and Zhu, Wenwu},
  journal={arXiv preprint arXiv:2202.07987},
  year={2022}
}

@article{liu2021anomaly,
  title={Anomaly detection on attributed networks via contrastive self-supervised learning},
  author={Liu, Yixin and Li, Zhao and Pan, Shirui and Gong, Chen and Zhou, Chuan and Karypis, George},
  journal={IEEE transactions on neural networks and learning systems},
  volume={33},
  number={6},
  pages={2378--2392},
  year={2021},
  publisher={IEEE}
}

@inproceedings{luo2022comga,
  title={Comga: Community-aware attributed graph anomaly detection},
  author={Luo, Xuexiong and Wu, Jia and Beheshti, Amin and Yang, Jian and Zhang, Xiankun and Wang, Yuan and Xue, Shan},
  booktitle={Proceedings of the Fifteenth ACM International Conference on Web Search and Data Mining},
  pages={657--665},
  year={2022}
}

@article{ma2021comprehensive,
  title={A comprehensive survey on graph anomaly detection with deep learning},
  author={Ma, Xiaoxiao and Wu, Jia and Xue, Shan and Yang, Jian and Zhou, Chuan and Sheng, Quan Z and Xiong, Hui and Akoglu, Leman},
  journal={IEEE Transactions on Knowledge and Data Engineering},
  volume={35},
  number={12},
  pages={12012--12038},
  year={2021},
  publisher={IEEE}
}

@article{qiao2024truncated,
  title={Truncated affinity maximization: One-class homophily modeling for graph anomaly detection},
  author={Qiao, Hezhe and Pang, Guansong},
  journal={Advances in Neural Information Processing Systems},
  volume={36},
  year={2024}
}

@article{shi2024graph,
  title={Graph Domain Adaptation: Challenges, Progress and Prospects},
  author={Shi, Boshen and Wang, Yongqing and Guo, Fangda and Xu, Bingbing and Shen, Huawei and Cheng, Xueqi},
  journal={arXiv preprint arXiv:2402.00904},
  year={2024}
}

@article{shu2017user,
  title={User identity linkage across online social networks: A review},
  author={Shu, Kai and Wang, Suhang and Tang, Jiliang and Zafarani, Reza and Liu, Huan},
  journal={Acm Sigkdd Explorations Newsletter},
  volume={18},
  number={2},
  pages={5--17},
  year={2017},
  publisher={ACM New York, NY, USA}
}

@inproceedings{sun2020test,
  title={Test-time training with self-supervision for generalization under distribution shifts},
  author={Sun, Yu and Wang, Xiaolong and Liu, Zhuang and Miller, John and Efros, Alexei and Hardt, Moritz},
  booktitle={International conference on machine learning},
  pages={9229--9248},
  year={2020},
  organization={PMLR}
}

@article{wang2020tent,
  title={Tent: Fully test-time adaptation by entropy minimization},
  author={Wang, Dequan and Shelhamer, Evan and Liu, Shaoteng and Olshausen, Bruno and Darrell, Trevor},
  journal={arXiv preprint arXiv:2006.10726},
  year={2020}
}

@article{wang2022test,
  title={Test-time training for graph neural networks},
  author={Wang, Yiqi and Li, Chaozhuo and Jin, Wei and Li, Rui and Zhao, Jianan and Tang, Jiliang and Xie, Xing},
  journal={arXiv preprint arXiv:2210.08813},
  year={2022}
}

@inproceedings{wang2023cross,
  title={Cross-domain graph anomaly detection via anomaly-aware contrastive alignment},
  author={Wang, Qizhou and Pang, Guansong and Salehi, Mahsa and Buntine, Wray and Leckie, Christopher},
  booktitle={Proceedings of the AAAI Conference on Artificial Intelligence},
  volume={37},
  number={4},
  pages={4676--4684},
  year={2023}
}

@inproceedings{wu2020unsupervised,
  title={Unsupervised domain adaptive graph convolutional networks},
  author={Wu, Man and Pan, Shirui and Zhou, Chuan and Chang, Xiaojun and Zhu, Xingquan},
  booktitle={Proceedings of the web conference 2020},
  pages={1457--1467},
  year={2020}
}

@inproceedings{wu2023non,
  title={Non-iid transfer learning on graphs},
  author={Wu, Jun and He, Jingrui and Ainsworth, Elizabeth},
  booktitle={Proceedings of the AAAI Conference on Artificial Intelligence},
  volume={37},
  number={9},
  pages={10342--10350},
  year={2023}
}

@article{wu2024graph,
  title={Graph Learning under Distribution Shifts: A Comprehensive Survey on Domain Adaptation, Out-of-distribution, and Continual Learning},
  author={Wu, Man and Zheng, Xin and Zhang, Qin and Shen, Xiao and Luo, Xiong and Zhu, Xingquan and Pan, Shirui},
  journal={arXiv preprint arXiv:2402.16374},
  year={2024}
}

@article{you2020graph,
  title={Graph contrastive learning with augmentations},
  author={You, Yuning and Chen, Tianlong and Sui, Yongduo and Chen, Ting and Wang, Zhangyang and Shen, Yang},
  journal={Advances in neural information processing systems},
  volume={33},
  pages={5812--5823},
  year={2020}
}

@inproceedings{you2023graph,
  title={Graph domain adaptation via theory-grounded spectral regularization},
  author={You, Yuning and Chen, Tianlong and Wang, Zhangyang and Shen, Yang},
  booktitle={The eleventh international conference on learning representations},
  year={2023}
}

@article{zhang2024fully,
  title={A Fully Test-Time Training Framework for Semi-Supervised Node Classification on Out-of-Distribution Graphs},
  author={Zhang, Jiaxin and Wang, Yiqi and Yang, Xihong and Zhu, En},
  journal={ACM Transactions on Knowledge Discovery from Data},
  year={2024},
  publisher={ACM New York, NY}
}

@article{zheng2021generative,
  title={Generative and contrastive self-supervised learning for graph anomaly detection},
  author={Zheng, Yu and Jin, Ming and Liu, Yixin and Chi, Lianhua and Phan, Khoa T and Chen, Yi-Ping Phoebe},
  journal={IEEE Transactions on Knowledge and Data Engineering},
  volume={35},
  number={12},
  year={2021},
  publisher={IEEE}
}

