@article{pomeroy2020dynamics,
  title={Dynamics of social network emergence explain network evolution},
  author={Pomeroy, Caleb and Bond, Robert M and Mucha, Peter J and Cranmer, Skyler J},
  journal={Scientific Reports},
  volume={10},
  number={1},
  pages={21876},
  year={2020},
  publisher={Nature Publishing Group UK London}
}

@article{acemoglu2015systemic,
  title={Systemic risk and stability in financial networks},
  author={Acemoglu, Daron and Ozdaglar, Asuman and Tahbaz-Salehi, Alireza},
  journal={American Economic Review},
  volume={105},
  number={2},
  pages={564--608},
  year={2015},
  publisher={American Economic Association 2014 Broadway, Suite 305, Nashville, TN 37203}
}

@article{zhang2022efraudcom,
  title={efraudcom: An e-commerce fraud detection system via competitive graph neural networks},
  author={Zhang, Ge and Li, Zhao and Huang, Jiaming and Wu, Jia and Zhou, Chuan and Yang, Jian and Gao, Jianliang},
  journal={ACM Transactions on Information Systems (TOIS)},
  volume={40},
  number={3},
  pages={1--29},
  year={2022},
  publisher={ACM New York, NY}
}

@article{lin1991divergence,
  title={Divergence measures based on the Shannon entropy},
  author={Lin, Jianhua},
  journal={IEEE Transactions on Information theory},
  volume={37},
  number={1},
  pages={145--151},
  year={1991},
  publisher={IEEE}
}
@inproceedings{chen2020structure,
  title={Structure-aware feature fusion for unsupervised domain adaptation},
  author={Chen, Qingchao and Liu, Yang},
  booktitle={Proceedings of the AAAI Conference on Artificial Intelligence},
  volume={34},
  number={07},
  pages={10567--10574},
  year={2020}
}

@inproceedings{shen2018wasserstein,
  title={Wasserstein distance guided representation learning for domain adaptation},
  author={Shen, Jian and Qu, Yanru and Zhang, Weinan and Yu, Yong},
  booktitle={Proceedings of the AAAI conference on artificial intelligence},
  volume={32},
  number={1},
  year={2018}
}

@inproceedings{wang2023cross,
  title={Cross-domain graph anomaly detection via anomaly-aware contrastive alignment},
  author={Wang, Qizhou and Pang, Guansong and Salehi, Mahsa and Buntine, Wray and Leckie, Christopher},
  booktitle={Proceedings of the AAAI Conference on Artificial Intelligence},
  volume={37},
  number={4},
  pages={4676--4684},
  year={2023}
}

@article{ding2021cross,
  title={Cross-domain graph anomaly detection},
  author={Ding, Kaize and Shu, Kai and Shan, Xuan and Li, Jundong and Liu, Huan},
  journal={IEEE Transactions on Neural Networks and Learning Systems},
  volume={33},
  number={6},
  pages={2406--2415},
  year={2021},
  publisher={IEEE}
}


@inproceedings{jiang2019anomaly,
  title={Anomaly detection with graph convolutional networks for insider threat and fraud detection},
  author={Jiang, Jianguo and Chen, Jiuming and Gu, Tianbo and Choo, Kim-Kwang Raymond and Liu, Chao and Yu, Min and Huang, Weiqing and Mohapatra, Prasant},
  booktitle={MILCOM 2019-2019 IEEE Military Communications Conference (MILCOM)},
  year={2019},
  organization={IEEE}
}

@inproceedings{yin2023coco,
  title={Coco: A coupled contrastive framework for unsupervised domain adaptive graph classification},
  author={Yin, Nan and Shen, Li and Wang, Mengzhu and Lan, Long and Ma, Zeyu and Chen, Chong and Hua, Xian-Sheng and Luo, Xiao},
  booktitle={International Conference on Machine Learning},
  pages={40040--40053},
  year={2023},
  organization={PMLR}
}
@inproceedings{yin2022deal,
  title={Deal: An unsupervised domain adaptive framework for graph-level classification},
  author={Yin, Nan and Shen, Li and Li, Baopu and Wang, Mengzhu and Luo, Xiao and Chen, Chong and Luo, Zhigang and Hua, Xian-Sheng},
  booktitle={Proceedings of the 30th ACM International Conference on Multimedia},
  pages={3470--3479},
  year={2022}
}
@inproceedings{wang2022continual,
  title={Continual test-time domain adaptation},
  author={Wang, Qin and Fink, Olga and Van Gool, Luc and Dai, Dengxin},
  booktitle={Proceedings of the IEEE/CVF Conference on Computer Vision and Pattern Recognition},
  pages={7201--7211},
  year={2022}
}

@article{zhang2024fully,
  title={A Fully Test-Time Training Framework for Semi-Supervised Node Classification on Out-of-Distribution Graphs},
  author={Zhang, Jiaxin and Wang, Yiqi and Yang, Xihong and Zhu, En},
  journal={ACM Transactions on Knowledge Discovery from Data},
  year={2024},
  publisher={ACM New York, NY}
}
@article{zhu2020deep,
  title={Deep graph contrastive representation learning},
  author={Zhu, Yanqiao and Xu, Yichen and Yu, Feng and Liu, Qiang and Wu, Shu and Wang, Liang},
  journal={arXiv preprint arXiv:2006.04131},
  year={2020}
}
@article{cai2024graph,
  title={Graph domain adaptation: A generative view},
  author={Cai, Ruichu and Wu, Fengzhu and Li, Zijian and Wei, Pengfei and Yi, Lingling and Zhang, Kun},
  journal={ACM Transactions on Knowledge Discovery from Data},
  volume={18},
  number={3},
  pages={1--24},
  year={2024},
  publisher={ACM New York, NY}
}
@inproceedings{mao2024source,
  title={Source Free Graph Unsupervised Domain Adaptation},
  author={Mao, Haitao and Du, Lun and Zheng, Yujia and Fu, Qiang and Li, Zelin and Chen, Xu and Han, Shi and Zhang, Dongmei},
  booktitle={Proceedings of the 17th ACM International Conference on Web Search and Data Mining},
  pages={520--528},
  year={2024}
}
@article{xie2022self,
  title={Self-supervised learning of graph neural networks: A unified review},
  author={Xie, Yaochen and Xu, Zhao and Zhang, Jingtun and Wang, Zhengyang and Ji, Shuiwang},
  journal={IEEE transactions on pattern analysis and machine intelligence},
  volume={45},
  number={2},
  pages={2412--2429},
  year={2022},
  publisher={IEEE}
}

@article{wu2021self,
  title={Self-supervised learning on graphs: Contrastive, generative, or predictive},
  author={Wu, Lirong and Lin, Haitao and Tan, Cheng and Gao, Zhangyang and Li, Stan Z},
  journal={IEEE Transactions on Knowledge and Data Engineering},
  volume={35},
  number={4},
  pages={4216--4235},
  year={2021},
  publisher={IEEE}
}
@inproceedings{tzeng2015simultaneous,
  title={Simultaneous deep transfer across domains and tasks},
  author={Tzeng, Eric and Hoffman, Judy and Darrell, Trevor and Saenko, Kate},
  booktitle={Proceedings of the IEEE international conference on computer vision},
  pages={4068--4076},
  year={2015}
}
@article{wang2023tdan,
  title={TDAN: transferable domain adversarial network for link prediction in heterogeneous social networks},
  author={Wang, Huan and Liu, Guoquan and Hu, Po},
  journal={ACM Transactions on Knowledge Discovery from Data},
  volume={18},
  number={1},
  pages={1--22},
  year={2023},
  publisher={ACM New York, NY}
}
@article{ma2021comprehensive,
  title={A comprehensive survey on graph anomaly detection with deep learning},
  author={Ma, Xiaoxiao and Wu, Jia and Xue, Shan and Yang, Jian and Zhou, Chuan and Sheng, Quan Z and Xiong, Hui and Akoglu, Leman},
  journal={IEEE Transactions on Knowledge and Data Engineering},
  volume={35},
  number={12},
  pages={12012--12038},
  year={2021},
  publisher={IEEE}
}

@inproceedings{zheng2019addgraph,
  title={AddGraph: Anomaly Detection in Dynamic Graph Using Attention-based Temporal GCN},
  author={Zheng, Li and Li, Zhenpeng and Li, Jian and Li, Zhao and Gao, Jun},
  booktitle={IJCAI},
  volume={3},
  pages={7},
  year={2019}
}

@article{velivckovic2017graph,
  title={Graph attention networks},
  author={Veli{\v{c}}kovi{\'c}, Petar and Cucurull, Guillem and Casanova, Arantxa and Romero, Adriana and Lio, Pietro and Bengio, Yoshua},
  journal={arXiv preprint arXiv:1710.10903},
  year={2017}
}

@inproceedings{ding2018graph,
  title={Graph adaptive knowledge transfer for unsupervised domain adaptation},
  author={Ding, Zhengming and Li, Sheng and Shao, Ming and Fu, Yun},
  booktitle={Proceedings of the European Conference on Computer Vision (ECCV)},
  pages={37--52},
  year={2018}
}

@inproceedings{ma2024graph,
  title={Graph anomaly detection with few labels: A data-centric approach},
  author={Ma, Xiaoxiao and Li, Ruikun and Liu, Fanzhen and Ding, Kaize and Yang, Jian and Wu, Jia},
  booktitle={Proceedings of the 30th ACM SIGKDD Conference on Knowledge Discovery and Data Mining},
  pages={2153--2164},
  year={2024}
}

@article{wang2021one,
  title={One-class graph neural networks for anomaly detection in attributed networks},
  author={Wang, Xuhong and Jin, Baihong and Du, Ying and Cui, Ping and Tan, Yingshui and Yang, Yupu},
  journal={Neural computing and applications},
  volume={33},
  pages={12073--12085},
  year={2021},
  publisher={Springer}
}

@inproceedings{venkatesan2019graph,
  title={Graph based unsupervised learning methods for edge and node anomaly detection in social network},
  author={Venkatesan, M and Prabhavathy, P},
  booktitle={2019 IEEE 1st International Conference on Energy, Systems and Information Processing (ICESIP)},
  pages={1--5},
  year={2019},
  organization={IEEE}
}

@article{gandelsman2022test,
  title={Test-time training with masked autoencoders},
  author={Gandelsman, Yossi and Sun, Yu and Chen, Xinlei and Efros, Alexei},
  journal={Advances in Neural Information Processing Systems},
  volume={35},
  pages={29374--29385},
  year={2022}
}

@inproceedings{luo2022comga,
  title={Comga: Community-aware attributed graph anomaly detection},
  author={Luo, Xuexiong and Wu, Jia and Beheshti, Amin and Yang, Jian and Zhang, Xiankun and Wang, Yuan and Xue, Shan},
  booktitle={Proceedings of the Fifteenth ACM International Conference on Web Search and Data Mining},
  pages={657--665},
  year={2022}
}

@inproceedings{rayana2015collective,
  title={Collective opinion spam detection: Bridging review networks and metadata},
  author={Rayana, Shebuti and Akoglu, Leman},
  booktitle={Proceedings of the 21th acm sigkdd international conference on knowledge discovery and data mining},
  pages={985--994},
  year={2015}
}

@inproceedings{kumar2018community,
  title={Community interaction and conflict on the web},
  author={Kumar, Srijan and Hamilton, William L and Leskovec, Jure and Jurafsky, Dan},
  booktitle={Proceedings of the 2018 world wide web conference},
  pages={933--943},
  year={2018}
}

@article{leskovec2012learning,
  title={Learning to discover social circles in ego networks},
  author={Leskovec, Jure and Mcauley, Julian},
  journal={Advances in neural information processing systems},
  volume={25},
  year={2012}
}

@inproceedings{mcauley2013amateurs,
  title={From amateurs to connoisseurs: modeling the evolution of user expertise through online reviews},
  author={McAuley, Julian John and Leskovec, Jure},
  booktitle={Proceedings of the 22nd international conference on World Wide Web},
  pages={897--908},
  year={2013}
}

@inproceedings{perozzi2016scalable,
  title={Scalable anomaly ranking of attributed neighborhoods},
  author={Perozzi, Bryan and Akoglu, Leman},
  booktitle={Proceedings of the 2016 SIAM International Conference on Data Mining},
  pages={207--215},
  year={2016},
  organization={SIAM}
}
@article{you2020graph,
  title={Graph contrastive learning with augmentations},
  author={You, Yuning and Chen, Tianlong and Sui, Yongduo and Chen, Ting and Wang, Zhangyang and Shen, Yang},
  journal={Advances in neural information processing systems},
  volume={33},
  pages={5812--5823},
  year={2020}
}
@inproceedings{akoglu2010oddball,
  title={Oddball: Spotting anomalies in weighted graphs},
  author={Akoglu, Leman and McGlohon, Mary and Faloutsos, Christos},
  booktitle={Advances in Knowledge Discovery and Data Mining: 14th Pacific-Asia Conference, PAKDD 2010, Hyderabad, India, June 21-24, 2010. Proceedings. Part II 14},
  pages={410--421},
  year={2010},
  organization={Springer}
}

@inproceedings{ding2019deep,
  title={Deep anomaly detection on attributed networks},
  author={Ding, Kaize and Li, Jundong and Bhanushali, Rohit and Liu, Huan},
  booktitle={Proceedings of the 2019 SIAM international conference on data mining},
  pages={594--602},
  year={2019},
  organization={SIAM}
}

@article{wu2024graph,
  title={Graph Learning under Distribution Shifts: A Comprehensive Survey on Domain Adaptation, Out-of-distribution, and Continual Learning},
  author={Wu, Man and Zheng, Xin and Zhang, Qin and Shen, Xiao and Luo, Xiong and Zhu, Xingquan and Pan, Shirui},
  journal={arXiv preprint arXiv:2402.16374},
  year={2024}
}

@article{li2022out,
  title={Out-of-distribution generalization on graphs: A survey},
  author={Li, Haoyang and Wang, Xin and Zhang, Ziwei and Zhu, Wenwu},
  journal={arXiv preprint arXiv:2202.07987},
  year={2022}
}

@inproceedings{sun2020test,
  title={Test-time training with self-supervision for generalization under distribution shifts},
  author={Sun, Yu and Wang, Xiaolong and Liu, Zhuang and Miller, John and Efros, Alexei and Hardt, Moritz},
  booktitle={International conference on machine learning},
  pages={9229--9248},
  year={2020},
  organization={PMLR}
}
@article{jin2022empowering,
  title={Empowering graph representation learning with test-time graph transformation},
  author={Jin, Wei and Zhao, Tong and Ding, Jiayuan and Liu, Yozen and Tang, Jiliang and Shah, Neil},
  journal={arXiv preprint arXiv:2210.03561},
  year={2022}
}

@article{wang2022test,
  title={Test-time training for graph neural networks},
  author={Wang, Yiqi and Li, Chaozhuo and Jin, Wei and Li, Rui and Zhao, Jianan and Tang, Jiliang and Xie, Xing},
  journal={arXiv preprint arXiv:2210.08813},
  year={2022}
}

@article{chen2022graphtta,
  title={Graphtta: Test time adaptation on graph neural networks},
  author={Chen, Guanzi and Zhang, Jiying and Xiao, Xi and Li, Yang},
  journal={arXiv preprint arXiv:2208.09126},
  year={2022}
}

@inproceedings{liu2024improved,
  title={Improved graph contrastive learning for short text classification},
  author={Liu, Yonghao and Huang, Lan and Giunchiglia, Fausto and Feng, Xiaoyue and Guan, Renchu},
  booktitle={Proceedings of the AAAI Conference on Artificial Intelligence},
  volume={38},
  number={17},
  pages={18716--18724},
  year={2024}
}

@article{zhang2024test,
  title={Test-Time Training on Graphs with Large Language Models (LLMs)},
  author={Zhang, Jiaxin and Wang, Yiqi and Yang, Xihong and Wang, Siwei and Feng, Yu and Shi, Yu and Ren, Ruicaho and Zhu, En and Liu, Xinwang},
  journal={arXiv preprint arXiv:2404.13571},
  year={2024}
}

@article{shi2024graph,
  title={Graph Domain Adaptation: Challenges, Progress and Prospects},
  author={Shi, Boshen and Wang, Yongqing and Guo, Fangda and Xu, Bingbing and Shen, Huawei and Cheng, Xueqi},
  journal={arXiv preprint arXiv:2402.00904},
  year={2024}
}

@inproceedings{wu2023non,
  title={Non-iid transfer learning on graphs},
  author={Wu, Jun and He, Jingrui and Ainsworth, Elizabeth},
  booktitle={Proceedings of the AAAI Conference on Artificial Intelligence},
  volume={37},
  number={9},
  pages={10342--10350},
  year={2023}
}

@inproceedings{you2023graph,
  title={Graph domain adaptation via theory-grounded spectral regularization},
  author={You, Yuning and Chen, Tianlong and Wang, Zhangyang and Shen, Yang},
  booktitle={The eleventh international conference on learning representations},
  year={2023}
}

@inproceedings{tomar2023tesla,
  title={Tesla: Test-time self-learning with automatic adversarial augmentation},
  author={Tomar, Devavrat and Vray, Guillaume and Bozorgtabar, Behzad and Thiran, Jean-Philippe},
  booktitle={Proceedings of the IEEE/CVF Conference on Computer Vision and Pattern Recognition},
  pages={20341--20350},
  year={2023}
}

@inproceedings{liu2021ttt++,
  title={TTT++: When Does Self-Supervised Test-Time Training Fail or Thrive?},
  author={Liu, Yuejiang and Kothari, Parth and van Delft, Bastien Germain and Bellot-Gurlet, Baptiste and Mordan, Taylor and Alahi, Alexandre},
  booktitle={Thirty-Fifth Conference on Neural Information Processing Systems},
  year={2021}
}
@article{hamilton2017inductive,
  title={Inductive representation learning on large graphs},
  author={Hamilton, Will and Ying, Zhitao and Leskovec, Jure},
  journal={Advances in neural information processing systems},
  volume={30},
  year={2017}
}

@article{qiao2024truncated,
  title={Truncated affinity maximization: One-class homophily modeling for graph anomaly detection},
  author={Qiao, Hezhe and Pang, Guansong},
  journal={Advances in Neural Information Processing Systems},
  volume={36},
  year={2024}
}

@article{dai2022graph,
  title={Graph transfer learning via adversarial domain adaptation with graph convolution},
  author={Dai, Quanyu and Wu, Xiao-Ming and Xiao, Jiaren and Shen, Xiao and Wang, Dan},
  journal={IEEE Transactions on Knowledge and Data Engineering},
  volume={35},
  number={5},
  pages={4908--4922},
  year={2022},
  publisher={IEEE}
}

@inproceedings{wu2020unsupervised,
  title={Unsupervised domain adaptive graph convolutional networks},
  author={Wu, Man and Pan, Shirui and Zhou, Chuan and Chang, Xiaojun and Zhu, Xingquan},
  booktitle={Proceedings of the web conference 2020},
  pages={1457--1467},
  year={2020}
}

@article{wang2020tent,
  title={Tent: Fully test-time adaptation by entropy minimization},
  author={Wang, Dequan and Shelhamer, Evan and Liu, Shaoteng and Olshausen, Bruno and Darrell, Trevor},
  journal={arXiv preprint arXiv:2006.10726},
  year={2020}
}

@article{liu2021anomaly,
  title={Anomaly detection on attributed networks via contrastive self-supervised learning},
  author={Liu, Yixin and Li, Zhao and Pan, Shirui and Gong, Chen and Zhou, Chuan and Karypis, George},
  journal={IEEE transactions on neural networks and learning systems},
  volume={33},
  number={6},
  pages={2378--2392},
  year={2021},
  publisher={IEEE}
}

@article{zheng2021generative,
  title={Generative and contrastive self-supervised learning for graph anomaly detection},
  author={Zheng, Yu and Jin, Ming and Liu, Yixin and Chi, Lianhua and Phan, Khoa T and Chen, Yi-Ping Phoebe},
  journal={IEEE Transactions on Knowledge and Data Engineering},
  volume={35},
  number={12},
  year={2021},
  publisher={IEEE}
}

@inproceedings{huang2022hop,
  title={Hop-count based self-supervised anomaly detection on attributed networks},
  author={Huang, Tianjin and Pei, Yulong and Menkovski, Vlado and Pechenizkiy, Mykola},
  booktitle={Joint European conference on machine learning and knowledge discovery in databases},
  pages={225--241},
  year={2022},
  organization={Springer}
}

@inproceedings{davis2006relationship,
  title={The relationship between Precision-Recall and ROC curves},
  author={Davis, Jesse and Goadrich, Mark},
  booktitle={Proceedings of the 23rd international conference on Machine learning},
  pages={233--240},
  year={2006}
}

@inproceedings{boyd2013area,
  title={Area under the precision-recall curve: point estimates and confidence intervals},
  author={Boyd, Kendrick and Eng, Kevin H and Page, C David},
  booktitle={Machine Learning and Knowledge Discovery in Databases: European Conference, ECML PKDD 2013, Prague, Czech Republic, September 23-27, 2013, Proceedings, Part III 13},
  pages={451--466},
  year={2013},
  organization={Springer}
}

@inproceedings{jeni2013facing,
  title={Facing imbalanced data--recommendations for the use of performance metrics},
  author={Jeni, L{\'a}szl{\'o} A and Cohn, Jeffrey F and De La Torre, Fernando},
  booktitle={2013 Humaine association conference on affective computing and intelligent interaction},
  pages={245--251},
  year={2013},
  organization={IEEE}
}

@article{kingma2014adam,
  title={Adam: A method for stochastic optimization},
  author={Kingma, Diederik P and Ba, Jimmy},
  journal={arXiv preprint arXiv:1412.6980},
  year={2014}
}

@inproceedings{chen2024consistency,
  title={Consistency Training with Learnable Data Augmentation for Graph Anomaly Detection with Limited Supervision},
  author={Chen, Nan and Liu, Zemin and Hooi, Bryan and He, Bingsheng and Fathony, Rizal and Hu, Jun and Chen, Jia},
  booktitle={The Twelfth International Conference on Learning Representations},
  year={2024}
}


@article{akoglu2015graph,
  title={Graph based anomaly detection and description: a survey},
  author={Akoglu, Leman and Tong, Hanghang and Koutra, Danai},
  journal={Data mining and knowledge discovery},
  volume={29},
  pages={626--688},
  year={2015},
  publisher={Springer}
}

@inproceedings{lazarevic2003comparative,
  title={A comparative study of anomaly detection schemes in network intrusion detection},
  author={Lazarevic, Aleksandar and Ertoz, Levent and Kumar, Vipin and Ozgur, Aysel and Srivastava, Jaideep},
  booktitle={Proceedings of the 2003 SIAM international conference on data mining},
  pages={25--36},
  year={2003},
  organization={SIAM}
}

@article{shu2017user,
  title={User identity linkage across online social networks: A review},
  author={Shu, Kai and Wang, Suhang and Tang, Jiliang and Zafarani, Reza and Liu, Huan},
  journal={Acm Sigkdd Explorations Newsletter},
  volume={18},
  number={2},
  pages={5--17},
  year={2017},
  publisher={ACM New York, NY, USA}
}

@article{tsai2009intrusion,
  title={Intrusion detection by machine learning: A review},
  author={Tsai, Chih-Fong and Hsu, Yu-Feng and Lin, Chia-Ying and Lin, Wei-Yang},
  journal={expert systems with applications},
  volume={36},
  number={10},
  pages={11994--12000},
  year={2009},
  publisher={Elsevier}
}

@article{kilincer2021machine,
  title={Machine learning methods for cyber security intrusion detection: Datasets and comparative study},
  author={Kilincer, Ilhan Firat and Ertam, Fatih and Sengur, Abdulkadir},
  journal={Computer Networks},
  volume={188},
  pages={107840},
  year={2021},
  publisher={Elsevier}
}