@article{1,
  title={Prediction of urban human mobility using large-scale taxi traces and its applications},
  author={Li, Xiaolong and Pan, Gang and Wu, Zhaohui and Qi, Guande and Li, Shijian and Zhang, Daqing and Zhang, Wangsheng and Wang, Zonghui},
  journal={Frontiers of Computer Science},
  volume={6},
  number={1},
  pages={111--121},
  year={2012},
  publisher={Springer}
}

@article{2,
  title={Predicting taxi--passenger demand using streaming data},
  author={Moreira-Matias, Luis and Gama, Joao and Ferreira, Michel and Mendes-Moreira, Joao and Damas, Luis},
  journal={IEEE Transactions on Intelligent Transportation Systems},
  volume={14},
  number={3},
  pages={1393--1402},
  year={2013},
  publisher={IEEE}
}

@article{3,
  title={Enhancing transportation systems via deep learning: a survey},
  author={Wang, Yuan and Zhang, Dongxiang and Liu, Ying and Dai, Bo and Lee, Loo Hay},
  journal={Transportation research part C: emerging technologies},
  volume={99},
  pages={144-163},
  year={2019},
  publisher={Elsevier}
}

@article{4,
  title={Deep learning},
  author={LeCun, Yann and Bengio, Yoshua and Hinton, Geoffrey},
  journal={nature},
  volume={521},
  number={7553},
  pages={436-444},
  year={2015},
  publisher={Nature Publishing Group}
}

@article{5,
  title={Deep architecture for traffic flow prediction: deep belief networks with multitask learning},
  author={Huang, Wenhao and Song, Guojie and Hong, Haikun and Xie, Kunqing},
  journal={IEEE Transactions on Intelligent Transportation Systems},
  volume={15},
  number={5},
  pages={2191--2201},
  year={2014},
  publisher={IEEE}
}

@inproceedings{6,
  title={Traffic speed prediction using deep learning method},
  author={Jia, Yuhan and Wu, Jianping and Du, Yiman},
  booktitle={2016 IEEE 19th International Conference on Intelligent Transportation Systems (ITSC)},
  pages={1217--1222},
  year={2016}
}

@article{7,
  title={Traffic flow prediction with big data: a deep learning approach},
  author={Lv, Yisheng and Duan, Yanjie and Kang, Wenwen and Li, Zhengxi and Wang, Fei-Yue},
  journal={IEEE Transactions on Intelligent Transportation Systems},
  volume={16},
  number={2},
  pages={865--873},
  year={2014},
  publisher={IEEE}
}

@article{8,
  title={Learning traffic as images: a deep convolutional neural network for large-scale transportation network speed prediction},
  author={Ma, Xiaolei and Dai, Zhuang and He, Zhengbing and Ma, Jihui and Wang, Yong and Wang, Yunpeng},
  doi={10.3390/s17040818},
  journal={Sensors},
  volume={17},
  number={4},
  pages={818},
  year={2017},
  publisher={Multidisciplinary Digital Publishing Institute},
  
}

@article{9,
  title={Spatiotemporal recurrent convolutional networks for traffic prediction in transportation networks},
  author={Yu, Haiyang and Wu, Zhihai and Wang, Shuqin and Wang, Yunpeng and Ma, Xiaolei},
  journal={Sensors},
  volume={17},
  number={7},
  pages={1501},
  year={Jun. 2017},
  publisher={Multidisciplinary Digital Publishing Institute}
}

@inproceedings{10,
  title={Traffic speed prediction and congestion source exploration: A deep learning method},
  author={Wang, Jingyuan and Gu, Qian and Wu, Junjie and Liu, Guannan and Xiong, Zhang},
  booktitle={2016 IEEE 16th International Conference on Data Mining (ICDM)},
  pages={499--508},
  year={2016}
}

@article{11,
  title={Spectral networks and locally connected networks on graphs},
  author={Bruna, Joan and Zaremba, Wojciech and Szlam, Arthur and LeCun, Yann},
  journal={arXiv preprint arXiv:1312.6203},
  year={2013}
}

@article{12,
  title={Semi-supervised classification with graph convolutional networks},
  author={Kipf, Thomas N and Welling, Max},
  journal={arXiv preprint arXiv:1609.02907},
  year={2016}
}


@inproceedings{13,
  title={Diffusion Convolutional Recurrent Neural Network: Data-Driven Traffic Forecasting},
  author={Li, Yaguang and Yu, Rose and Shahabi, Cyrus and Liu, Yan},
  booktitle={International Conference on Learning Representations},
  year={2018}
}

@inproceedings{14,
  title={Spatio-temporal graph convolutional networks: a deep learning framework for traffic forecasting},
  author={Yu, Bing and Yin, Haoteng and Zhu, Zhanxing},
  booktitle={Proceedings of the 27th International Joint Conference on Artificial Intelligence},
  pages={3634--3640},
  year={2018}
}

@article{15,
  title={Graph attention networks},
  author={Veli{\v{c}}kovi{\'c}, Petar and Cucurull, Guillem and Casanova, Arantxa and Romero, Adriana and Lio, Pietro and Bengio, Yoshua},
  journal={arXiv preprint arXiv:1710.10903},
  year={2017}
}

@incollection{16,
title = {Attention is All you Need},
author = {Vaswani, Ashish and Shazeer, Noam and Parmar, Niki and Uszkoreit, Jakob and Jones, Llion and Gomez, Aidan N and Kaiser, \L ukasz and Polosukhin, Illia},
booktitle = {Advances in Neural Information Processing Systems 30},
pages = {5998--6008},
year = {2017},
publisher = {Curran Associates, Inc.},
url = {http://papers.nips.cc/paper/7181-attention-is-all-you-need.pdf}
}

@inproceedings{17,
  title={GRAM: graph-based attention model for healthcare representation learning},
  author={Choi, Edward and Bahadori, Mohammad Taha and Song, Le and Stewart, Walter F and Sun, Jimeng},
  booktitle={Proceedings of the 23rd ACM SIGKDD International Conference on Knowledge Discovery and Data Mining},
  pages={787--795},
  year={2017},
  organization={ACM}
}

@inproceedings{18,
  title={GAKE: graph aware knowledge embedding},
  author={Feng, Jun and Huang, Minlie and Yang, Yang and others},
  booktitle={Proceedings of COLING 2016, the 26th International Conference on Computational Linguistics: Technical Papers},
  pages={641--651},
  year={2016}
}

@inproceedings{19,
  title={Commonsense Knowledge Aware Conversation Generation with Graph Attention.},
  author={Zhou, Hao and Young, Tom and Huang, Minlie and Zhao, Haizhou and Xu, Jingfang and Zhu, Xiaoyan},
  booktitle={IJCAI},
  pages={4623--4629},
  year={2018}
}

@incollection{20,
title = {Sequence to Sequence Learning with Neural Networks},
author = {Sutskever, Ilya and Vinyals, Oriol and Le, Quoc V},
booktitle = {Advances in Neural Information Processing Systems 27},
pages = {3104--3112},
year = {2014},
publisher = {Curran Associates, Inc.},
url = {http://papers.nips.cc/paper/5346-sequence-to-sequence-learning-with-neural-networks.pdf}
}

@inproceedings{glorot2010understanding,
  title={Understanding the difficulty of training deep feedforward neural networks},
  author={Glorot, Xavier and Bengio, Yoshua},
  booktitle={Proceedings of the thirteenth international conference on artificial intelligence and statistics},
  pages={249--256},
  year={2010}
}

@article{srivastava2014dropout,
  title={Dropout: a simple way to prevent neural networks from overfitting},
  author={Srivastava, Nitish and Hinton, Geoffrey and Krizhevsky, Alex and Sutskever, Ilya and Salakhutdinov, Ruslan},
  journal={The journal of machine learning research},
  volume={15},
  number={1},
  pages={1929--1958},
  year={2014},
  publisher={JMLR. org}
}

@article{ioffe2015batch,
  title={Batch normalization: Accelerating deep network training by reducing internal covariate shift},
  author={Ioffe, Sergey and Szegedy, Christian},
  journal={arXiv preprint arXiv:1502.03167},
  year={2015}
}

@article{kingma2014adam,
  title={Adam: A method for stochastic optimization},
  author={Kingma, Diederik P and Ba, Jimmy},
  journal={arXiv preprint arXiv:1412.6980},
  year={2014}
}

@article{guo2014adaptive,
  title={Adaptive Kalman filter approach for stochastic short-term traffic flow rate prediction and uncertainty quantification},
  author={Guo, Jianhua and Huang, Wei and Williams, Billy M},
  journal={Transportation Research Part C: Emerging Technologies},
  volume={43},
  pages={50--64},
  year={2014},
  publisher={Elsevier}
}

@inproceedings{hosseini2012short,
  title={Short-term traffic flow forecasting by mutual information and artificial neural networks},
  author={Hosseini, Seyed Hadi and Moshiri, Behzad and Rahimi-Kian, Ashkan and Araabi, Babak N},
  booktitle={2012 IEEE International Conference on Industrial Technology},
  pages={1136--1141},
  year={2012}
}

@article{chang2012dynamic,
  title={Dynamic near-term traffic flow prediction: system-oriented approach based on past experiences},
  author={Chang, H and Lee, Youngjoo and Yoon, B and Baek, Sanghoon},
  journal={IET intelligent transport systems},
  volume={6},
  number={3},
  pages={292--305},
  year={2012},
  publisher={IET}
}

@article{castro2009online,
  title={Online-SVR for short-term traffic flow prediction under typical and atypical traffic conditions},
  author={Castro-Neto, Manoel and Jeong, Young-Seon and Jeong, Myong-Kee and Han, Lee D},
  journal={Expert systems with applications},
  volume={36},
  number={3},
  pages={6164--6173},
  year={2009},
  publisher={Elsevier}
}

@article{xu2015empirical,
  title={Empirical evaluation of rectified activations in convolutional network},
  author={Xu, Bing and Wang, Naiyan and Chen, Tianqi and Li, Mu},
  journal={arXiv preprint arXiv:1505.00853},
  year={2015}
}

@article{busbridge2019relational,
  title={Relational Graph Attention Networks},
  author={Busbridge, Dan and Sherburn, Dane and Cavallo, Pietro and Hammerla, Nils Y},
  journal={arXiv preprint arXiv:1904.05811},
  year={2019}
}

@article{wu2018hybrid,
  title={A hybrid deep learning based traffic flow prediction method and its understanding},
  author={Wu, Yuankai and Tan, Huachun and Qin, Lingqiao and Ran, Bin and Jiang, Zhuxi},
  journal={Transportation Research Part C: Emerging Technologies},
  volume={90},
  pages={166--180},
  year={2018},
  publisher={Elsevier}
}

@inproceedings{gers1999learning,
  title={Learning to forget: Continual prediction with {LSTM}},
  author={Gers, Felix A and Schmidhuber, J{\"u}rgen and Cummins, Fred},
  year={1999},
  booktitle={Artificial Neural Networks, 1999},
  volume={2},
  pages = {850-855(5)},
  year={1999}
}

@article{cui2018deep,
  title={Deep bidirectional and unidirectional {LSTM} recurrent neural network for network-wide traffic speed prediction},
  author={Cui, Zhiyong and Ke, Ruimin and Wang, Yinhai},
  journal={arXiv preprint arXiv:1801.02143},
  year={2018}
}

@book{cascetta2013transportation,
  title={Transportation systems engineering: theory and methods},
  author={Cascetta, Ennio},
  volume={49},
  year={2013},
  publisher={Springer Science \& Business Media}
}

@article{xia2016map,
  title={A map reduce-based nearest neighbor approach for big-data-driven traffic flow prediction},
  author={Xia, Dawen and Li, Huaqing and Wang, Binfeng and Li, Yantao and Zhang, Zili},
  journal={IEEE access},
  volume={4},
  pages={2920--2934},
  year={2016},
  publisher={IEEE}
}

@article{al2004new,
  title={New algorithms for filtering and imputation of real-time and archived dual-loop detector data in I-4 data warehouse},
  author={Al-Deek, Haitham M and Venkata, Chilakamarri and Chandra, Srinivasa Ravi},
  journal={Transportation research record},
  volume={1867},
  number={1},
  pages={116--126},
  year={2004},
  publisher={SAGE Publications Sage CA: Los Angeles, CA}
}

@inproceedings{ma2007effective,
  title={Effective missing data prediction for collaborative filtering},
  author={Ma, Hao and King, Irwin and Lyu, Michael R},
  booktitle={Proceedings of the 30th annual international ACM SIGIR conference on Research and development in information retrieval},
  pages={39--46},
  year={2007},
  organization={ACM}
}

@article{zou2012improved,
  title={An improved distance metric for the interpolation of link-based traffic data using kriging: a case study of a large-scale urban road network},
  author={Zou, Haixiang and Yue, Yang and Li, Qingquan and Yeh, Anthony GO},
  journal={International Journal of Geographical Information Science},
  volume={26},
  number={4},
  pages={667--689},
  year={2012},
  publisher={Taylor \& Francis}
}

@inproceedings{yao2018deep,
  title={Deep multi-view spatial-temporal network for taxi demand prediction},
  author={Yao, Huaxiu and Wu, Fei and Ke, Jintao and Tang, Xianfeng and Jia, Yitian and Lu, Siyu and Gong, Pinghua and Ye, Jieping and Li, Zhenhui},
  booktitle={Thirty-Second AAAI Conference on Artificial Intelligence},
  year={2018}
}

@article{gao2013ieee,
  title={The IEEE 1857 standard: Empowering smart video surveillance systems},
  author={Gao, Wen and Tian, Yonghong and Huang, Tiejun and Ma, Siwei and Zhang, Xianguo},
  journal={IEEE Intelligent Systems},
  volume={29},
  number={5},
  pages={30--39},
  year={2013},
  publisher={IEEE}
}

@Misc{statista,
howpublished = {\url{https://www.statista.com/topics/1197/car-drivers/}},
note = {Accessed July 4, 2019},
title = {Car Drivers - Statistics and Facts},
author = {I.Wagner}
}

@article{veres2019deep,
  title={Deep Learning for Intelligent Transportation Systems: A Survey of Emerging Trends},
  author={Veres, Matthew and Moussa, Medhat},
  journal={IEEE Transactions on Intelligent Transportation Systems},
  year={2019, in press},
  publisher={IEEE}
}

@article{zhang2011data,
  title={Data-driven intelligent transportation systems: A survey},
  author={Zhang, Junping and Wang, Fei-Yue and Wang, Kunfeng and Lin, Wei-Hua and Xu, Xin and Chen, Cheng},
  journal={IEEE Transactions on Intelligent Transportation Systems},
  volume={12},
  number={4},
  pages={1624--1639},
  year={2011},
  publisher={IEEE}
}

@inproceedings{ben1998dynamit,
  title={DynaMIT: a simulation-based system for traffic prediction},
  author={Ben-Akiva, Moshe and Bierlaire, Michel and Koutsopoulos, Haris and Mishalani, Rabi},
  booktitle={DACCORD Short Term Forecasting Workshop},
  pages={1--12},
  year={1998},
  organization={Delft, The Netherlands}
}

@article{li2019can,
  title={Can GCNs Go as Deep as CNNs?},
  author={Li, Guohao and M{\"u}ller, Matthias and Thabet, Ali and Ghanem, Bernard},
  journal={arXiv preprint arXiv:1904.03751},
  year={2019}
}

@article{bronstein2017geometric,
  title={Geometric deep learning: going beyond euclidean data},
  author={Bronstein, Michael M and Bruna, Joan and LeCun, Yann and Szlam, Arthur and Vandergheynst, Pierre},
  journal={IEEE Signal Processing Magazine},
  volume={34},
  number={4},
  pages={18--42},
  year={2017},
  publisher={IEEE}
}

@article{do2019effective,
  title={An effective spatial-temporal attention based neural network for traffic flow prediction},
  author={Do, Loan NN and Vu, Hai L and Vo, Bao Q and Liu, Zhiyuan and Phung, Dinh},
  journal={Transportation Research Part C: Emerging Technologies},
  volume={108},
  pages={12--28},
  year={2019},
  publisher={Elsevier}
}

@article{hochreiter1997long,
  title={Long short-term memory},
  author={Hochreiter, Sepp and Schmidhuber, J{\"u}rgen},
  journal={Neural computation},
  volume={9},
  number={8},
  pages={1735--1780},
  year={1997},
  publisher={MIT Press}
}

@incollection{vlahogianni2015computational,
  title={Computational intelligence and optimization for transportation big data: challenges and opportunities},
  author={Vlahogianni, Eleni I},
  booktitle={Engineering and Applied Sciences Optimization},
  pages={107--128},
  year={2015},
  publisher={Springer}
}

@article{wu2020vnf,
  title={VNF chain placement for large scale IoT of intelligent transportation},
  author={Wu, Xing and Duan, Jing and Zhong, Mingyu and Li, Peng and Wang, Jianjia},
  journal={Sensors},
  volume={20},
  number={14},
  pages={3819},
  year={2020},
  publisher={Multidisciplinary Digital Publishing Institute}
}

@article{mallick2019graph,
  title={Graph-partitioning-based diffusion convolutional recurrent neural network for large-scale traffic forecasting},
  author={Mallick, Tanwi and Balaprakash, Prasanna and Rask, Eric and Macfarlane, Jane},
  journal={Transportation Research Record},
  volume={2674},
  number={9},
  pages={473--488},
  year={2020},
  publisher={SAGE Publications Sage CA: Los Angeles, CA}
}

@article{williams2001multivariate,
  title={Multivariate vehicular traffic flow prediction: evaluation of ARIMAX modeling},
  author={Williams, Billy M},
  journal={Transportation Research Record},
  volume={1776},
  number={1},
  pages={194--200},
  year={2001},
  publisher={SAGE Publications Sage CA: Los Angeles, CA}
}

@article{zhang2013improved,
  title={An improved k-nearest neighbor model for short-term traffic flow prediction},
  author={Zhang, Lun and Liu, Qiuchen and Yang, Wenchen and Wei, Nai and Dong, Decun},
  journal={Procedia-Social and Behavioral Sciences},
  volume={96},
  pages={653--662},
  year={2013},
  publisher={Elsevier}
}

@article{yu2016k,
  title={k-Nearest neighbor model for multiple-time-step prediction of short-term traffic condition},
  author={Yu, Bin and Song, Xiaolin and Guan, Feng and Yang, Zhiming and Yao, Baozhen},
  journal={Journal of Transportation Engineering},
  volume={142},
  number={6},
  pages={04016018},
  year={2016},
  publisher={American Society of Civil Engineers}
}

@article{luo2019traffic,
  title={Traffic Flow Prediction during the Holidays Based on DFT and SVR},
  author={Luo, Xianglong and Li, Danyang and Zhang, Shengrui},
  journal={Journal of Sensors},
  volume={2019},
  year={2019},
  publisher={Hindawi Limited}
}

@phdthesis{huang2003application,
  title={An application of neural network on traffic speed prediction under adverse weather condition},
  author={Huang, Shan-Huen and Ran, Bin},
  year={2003},
  school={University of Wisconsin--Madison}
}

@article{nagy2018survey,
  title={Survey on traffic prediction in smart cities},
  author={Nagy, Attila M and Simon, Vilmos},
  journal={Pervasive and Mobile Computing},
  volume={50},
  pages={148--163},
  year={2018},
  publisher={Elsevier}
}

@incollection{tan2016comparison,
  title={A comparison of traffic flow prediction methods based on DBN},
  author={Tan, Huachun and Xuan, Xuan and Wu, Yuankai and Zhong, Zhiyu and Ran, Bin},
  booktitle={CICTP 2016},
  pages={273--283},
  year={2016}
}

@inproceedings{lemieux2015vehicle,
  title={Vehicle speed prediction using deep learning},
  author={Lemieux, Joe and Ma, Yuan},
  booktitle={2015 IEEE Vehicle Power and Propulsion Conference (VPPC)},
  pages={1--5},
  year={2015},
  organization={IEEE}
}

@article{tarwani2017survey,
  title={Survey on recurrent neural network in natural language processing},
  author={Tarwani, Kanchan M and Edem, Swathi},
  journal={Int. J. Eng. Trends Technol},
  volume={48},
  pages={301--304},
  year={2017}
}

@article{ma2015long,
  title={Long short-term memory neural network for traffic speed prediction using remote microwave sensor data},
  author={Ma, Xiaolei and Tao, Zhimin and Wang, Yinhai and Yu, Haiyang and Wang, Yunpeng},
  journal={Transportation Research Part C: Emerging Technologies},
  volume={54},
  pages={187--197},
  year={2015},
  publisher={Elsevier}
}

@article{zhang2018combining,
  title={Combining weather condition data to predict traffic flow: a GRU-based deep learning approach},
  author={Zhang, Da and Kabuka, Mansur R},
  journal={IET Intelligent Transport Systems},
  volume={12},
  number={7},
  pages={578--585},
  year={2018},
  publisher={IET}
}

@inproceedings{james2019online,
  title={Online Traffic Speed Estimation for Urban Road Networks with Few Data: A Transfer Learning Approach},
  author={Yu, James JQ},
  booktitle={2019 IEEE Intelligent Transportation Systems Conference (ITSC)},
  pages={4024--4029},
  year={2019},
  organization={IEEE}
}

@article{wang2019development,
  title={Development of convolutional neural network and its application in image classification: a survey},
  author={Wang, Wei and Yang, Yujing and Wang, Xin and Wang, Weizheng and Li, Ji},
  journal={Optical Engineering},
  volume={58},
  number={4},
  pages={040901},
  year={2019},
  publisher={International Society for Optics and Photonics}
}

@inproceedings{zhang2017deep,
  title={Deep spatio-temporal residual networks for citywide crowd flows prediction},
  author={Zhang, Junbo and Zheng, Yu and Qi, Dekang},
  booktitle={Thirty-First AAAI Conference on Artificial Intelligence},
  year={2017}
}

@ARTICLE{zhang2018deep,
  author={Z. {Zhang} and P. {Cui} and W. {Zhu}},
  journal={IEEE Transactions on Knowledge and Data Engineering}, 
  title={Deep Learning on Graphs: A Survey}, 
  year={2020},
  volume={},
  number={},
  pages={1-1}
}


@article{jia2017rainfall,
  title={Rainfall-integrated traffic speed prediction using deep learning method},
  author={Jia, Yuhan and Wu, Jianping and Ben-Akiva, Moshe and Seshadri, Ravi and Du, Yiman},
  journal={IET Intelligent Transport Systems},
  volume={11},
  number={9},
  pages={531--536},
  year={2017},
  publisher={IET}
}

@article{cui2019traffic,
  title={Traffic graph convolutional recurrent neural network: A deep learning framework for network-scale traffic learning and forecasting},
  author={Cui, Zhiyong and Henrickson, Kristian and Ke, Ruimin and Wang, Yinhai},
  journal={IEEE Transactions on Intelligent Transportation Systems},
  year={2019},
  publisher={IEEE}
}

@article{henaff2015deep,
  title={Deep convolutional networks on graph-structured data},
  author={Henaff, Mikael and Bruna, Joan and LeCun, Yann},
  journal={arXiv preprint arXiv:1506.05163},
  year={2015}
}

@incollection{hegde2016parallel,
  title={Parallel and distributed deep learning},
  author={Hegde, Vishakh and Usmani, Sheema},
  booktitle={Tech. report, Stanford University},
  year={2016}
}

@article{zhang2019spatial,
  title={Spatial-Temporal Graph Attention Networks: A Deep Learning Approach for Traffic Forecasting},
  author={Zhang, Chenhan and Yu, James JQ and Liu, Yi},
  journal={IEEE Access},
  volume={7},
  pages={166246--166256},
  year={2019},
  publisher={IEEE}
}

@article{jia2020predicting,
  title={Predicting Citywide Road Traffic Flow Using Deep Spatiotemporal Neural Networks},
  author={Jia, Tao and Yan, Penggao},
  journal={IEEE Transactions on Intelligent Transportation Systems},
  year={2020},
  publisher={IEEE}
}

@inproceedings{li2019edmot,
  title={EdMot: An Edge Enhancement Approach for Motif-aware Community Detection},
  author={Li, Pei-Zhen and Huang, Ling and Wang, Chang-Dong and Lai, Jian-Huang},
  booktitle={Proceedings of the 25th ACM SIGKDD International Conference on Knowledge Discovery \& Data Mining},
  pages={479--487},
  year={2019}
}

@article{prat2016put,
  title={Put three and three together: Triangle-driven community detection},
  author={Prat-P{\'e}rez, Arnau and Dominguez-Sal, David and Brunat, Josep-M and Larriba-Pey, Josep-Lluis},
  journal={ACM Transactions on Knowledge Discovery from Data (TKDD)},
  volume={10},
  number={3},
  pages={1--42},
  year={2016},
  publisher={ACM New York, NY, USA}
}

@article{blondel2008fast,
  title={Fast unfolding of communities in large networks},
  author={Blondel, Vincent D and Guillaume, Jean-Loup and Lambiotte, Renaud and Lefebvre, Etienne},
  journal={Journal of statistical mechanics: theory and experiment},
  volume={2008},
  number={10},
  pages={P10008},
  year={2008},
  publisher={IOP Publishing}
}

@article{newman2006modularity,
  title={Modularity and community structure in networks},
  author={Newman, Mark EJ},
  journal={Proceedings of the national academy of sciences},
  volume={103},
  number={23},
  pages={8577--8582},
  year={2006},
  publisher={National Acad Sciences}
}

@article{hammond2011wavelets,
  title={Wavelets on graphs via spectral graph theory},
  author={Hammond, David K and Vandergheynst, Pierre and Gribonval, R{\'e}mi},
  journal={Applied and Computational Harmonic Analysis},
  volume={30},
  number={2},
  pages={129--150},
  year={2011},
  publisher={Elsevier}
}

@article{karypis1998fast,
  title={A fast and high quality multilevel scheme for partitioning irregular graphs},
  author={Karypis, George and Kumar, Vipin},
  journal={SIAM Journal on scientific Computing},
  volume={20},
  number={1},
  pages={359--392},
  year={1998},
  publisher={SIAM}
}

@article{shuman2013emerging,
  title={The emerging field of signal processing on graphs: Extending high-dimensional data analysis to networks and other irregular domains},
  author={Shuman, David I and Narang, Sunil K and Frossard, Pascal and Ortega, Antonio and Vandergheynst, Pierre},
  journal={IEEE signal processing magazine},
  volume={30},
  number={3},
  pages={83--98},
  year={2013},
  publisher={IEEE}
}

@inproceedings{fu2016using,
  title={Using {LSTM} and {GRU} neural network methods for traffic flow prediction},
  author={Fu, Rui and Zhang, Zuo and Li, Li},
  booktitle={2016 31st Youth Academic Annual Conference of Chinese Association of Automation (YAC)},
  pages={324--328},
  year={2016},
  organization={IEEE}
}

@inproceedings{ning2017detection,
  title={Detection of four-node motif in complex networks},
  author={Ning, Zhaolong and Liu, Lei and Yu, Shuo and Xia, Feng},
  booktitle={International Conference on Complex Networks and their Applications},
  pages={453--462},
  year={2017},
  organization={Springer}
}

@article{liu2020privacy,
  title={Privacy-preserving Traffic Flow Prediction: A Federated Learning Approach},
  author={Liu, Yi and Yu, James JQ and Kang, Jiawen and Niyato, Dusit and Zhang, Shuyu},
  journal={arXiv preprint arXiv:2003.08725},
  year={2020}
}

@inproceedings{yao2019revisiting,
  title={Revisiting spatial-temporal similarity: A deep learning framework for traffic prediction},
  author={Yao, Huaxiu and Tang, Xianfeng and Wei, Hua and Zheng, Guanjie and Li, Zhenhui},
  booktitle={Proceedings of the AAAI Conference on Artificial Intelligence},
  volume={33},
  pages={5668--5675},
  year={2019}
}

@article{yin2020comprehensive,
  title={A Comprehensive Survey on Traffic Prediction},
  author={Yin, Xueyan and Wu, Genze and Wei, Jinze and Shen, Yanming and Qi, Heng and Yin, Baocai},
  journal={arXiv preprint arXiv:2004.08555},
  year={2020}
}

@ARTICLE{zhao2019t,
  author={L. {Zhao} and Y. {Song} and C. {Zhang} and Y. {Liu} and P. {Wang} and T. {Lin} and M. {Deng} and H. {Li}},
  journal={IEEE Transactions on Intelligent Transportation Systems}, 
  title={T-GCN: A Temporal Graph Convolutional Network for Traffic Prediction}, 
  year={2019},
  volume={},
  number={},
  pages={1--11}
}


@book{fjallstrom1998algorithms,
  title={Algorithms for graph partitioning: A survey},
  author={Fj{\"a}llstr{\"o}m, Per-Olof},
  volume={3},
  year={1998},
  publisher={Link{\"o}ping University Electronic Press Link{\"o}ping}
}


@article{kernighan1970efficient,
  title={An efficient heuristic procedure for partitioning graphs},
  author={Kernighan, Brian W and Lin, Shen},
  journal={The Bell system technical journal},
  volume={49},
  number={2},
  pages={291--307},
  year={1970},
  publisher={Nokia Bell Labs}
}

@inproceedings{fiduccia1982linear,
  title={A linear-time heuristic for improving network partitions},
  author={Fiduccia, Charles M and Mattheyses, Robert M},
  booktitle={19th Design Automation Conference},
  pages={175--181},
  year={1982},
  organization={IEEE}
}

@article{bui1996genetic,
  title={Genetic algorithm and graph partitioning},
  author={Bui, Thang Nguyen and Moon, Byung Ro},
  journal={IEEE Transactions on computers},
  volume={45},
  number={7},
  pages={841--855},
  year={1996},
  publisher={IEEE}
}

@article{johnson1989optimization,
  title={Optimization by simulated annealing: An experimental evaluation; part I, graph partitioning},
  author={Johnson, David S and Aragon, Cecilia R and McGeoch, Lyle A and Schevon, Catherine},
  journal={Operations research},
  volume={37},
  number={6},
  pages={865--892},
  year={1989},
  publisher={INFORMS}
}


@inproceedings{bui1993heuristic,
  author = {Thang Nguyen Bui and Curt Jones},
  title = {A Heuristic for Reducing Fill-In in Sparse Matrix Factorization},
  booktitle = {Proceedings of the Sixth {SIAM} Conference on Parallel Processing for Scientific Computing},
  pages     = {445--452},
  publisher = {SIAM},
  year      = {1993}
}

@article{hendrickson1995multi,
  title={A Multi-Level Algorithm For Partitioning Graphs.},
  author={Hendrickson, Bruce and Leland, Robert W},
  journal={SC},
  volume={95},
  number={28},
  pages={1--14},
  year={1995}
}

@incollection{bulucc2016recent,
  title={Recent advances in graph partitioning},
  author={Bulu{\c{c}}, Ayd{\i}n and Meyerhenke, Henning and Safro, Ilya and Sanders, Peter and Schulz, Christian},
  booktitle={Algorithm Engineering},
  pages={117--158},
  year={2016},
  publisher={Springer}
}

@misc{bader201110th,
  title={10th DIMACS Implementation Challenge-Graph Partitioning and Graph Clustering},
  author={Bader, David A and Meyerhenke, Henning and Sanders, Peter and Wagner, Dorothea},
  year={2011}
}

@inproceedings{delling2014graph,
  author    = {Daniel Delling and
               Andrew V. Goldberg and
               Ilya P. Razenshteyn and
               Renato Fonseca F. Werneck},
  title     = {Graph Partitioning with Natural Cuts},
  booktitle = {25th {IEEE} International Symposium on Parallel and Distributed Processing},
  pages     = {1135--1146},
  publisher = {{IEEE}},
  year      = {2011},
  doi       = {10.1109/IPDPS.2011.108}
}

@article{guo2020optimized,
  title={Optimized graph convolution recurrent neural network for traffic prediction},
  author={Guo, Kan and Hu, Yongli and Qian, Zhen and Liu, Hao and Zhang, Ke and Sun, Yanfeng and Gao, Junbin and Yin, Baocai},
  journal={IEEE Transactions on Intelligent Transportation Systems},
    year={2020},
  volume={},
  number={},
  pages={1-12},
  publisher={IEEE}
}

@article{lammer2006scaling,
title={Scaling laws in the spatial structure of urban road networks},
author={Lammer, Stefan and Gehlsen, Bjorn and Helbing, Dirk},
journal={Physica A-statistical Mechanics and Its Applications},
volume={363},
number={1},
pages={89--95},
year={2006}}

@article{brandes2001faster,
  title={A faster algorithm for betweenness centrality},
  author={Brandes, Ulrik},
  journal={Journal of mathematical sociology},
  volume={25},
  number={2},
  pages={163--177},
  year={2001},
  publisher={Taylor \& Francis}
}

@article{brandes2007centrality,
  title={Centrality estimation in large networks},
  author={Brandes, Ulrik and Pich, Christian},
  journal={International Journal of Bifurcation and Chaos},
  volume={17},
  number={07},
  pages={2303--2318},
  year={2007},
  publisher={World Scientific}
}

@article{karypiskumar,
  title={METIS: Unstructured graph partitioning and sparse matrix ordering system},
  author={Karypis, George},
  journal={Technical report},
  year={1997},
  publisher={Department of Computer Science, University of Minnesota}
}

@inproceedings{moayedi2008arima,
  title={Arima model for network traffic prediction and anomaly detection},
  author={Moayedi, H Zare and Masnadi-Shirazi, MA},
  booktitle={2008 International Symposium on Information Technology},
  volume={4},
  pages={1--6},
  year={2008},
  organization={IEEE}
}

@article{yu2019real,
  title={Real-time traffic speed estimation with graph convolutional generative autoencoder},
  author={Yu, James Jian Qiao and Gu, Jiatao},
  journal={IEEE Transactions on Intelligent Transportation Systems},
  volume={20},
  number={10},
  pages={3940--3951},
  year={2019},
  publisher={IEEE}
}

@article{lv2020temporal,
  title={Temporal Multi-Graph Convolutional Network for Traffic Flow Prediction},
  author={Lv, Mingqi and Hong, Zhaoxiong and Chen, Ling and Chen, Tieming and Zhu, Tiantian and Ji, Shouling},
  journal={IEEE Transactions on Intelligent Transportation Systems},
  year={2020},
  publisher={IEEE}
}

@inproceedings{zheng2020gman,
  title={Gman: A graph multi-attention network for traffic prediction},
  author={Zheng, Chuanpan and Fan, Xiaoliang and Wang, Cheng and Qi, Jianzhong},
  booktitle={Proceedings of the AAAI Conference on Artificial Intelligence},
  volume={34},
  number={01},
  pages={1234--1241},
  year={2020}
}

@article{paszke2017automatic,
  title={Automatic differentiation in pytorch},
  author={Paszke, Adam and Gross, Sam and Chintala, Soumith and Chanan, Gregory and Yang, Edward and DeVito, Zachary and Lin, Zeming and Desmaison, Alban and Antiga, Luca and Lerer, Adam},
  year={2017}
}

@misc{ba2016layer,
    title={Layer Normalization},
    author={Jimmy Lei Ba and Jamie Ryan Kiros and Geoffrey E. Hinton},
    year={2016},
    eprint={1607.06450},
    archivePrefix={arXiv},
    primaryClass={stat.ML}
}

@article{sarle1996stopped,
  title={Stopped training and other remedies for overfitting},
  author={Sarle, Warren S},
  journal={Computing science and statistics},
  pages={352--360},
  year={1996}
}

@article{zhu2018big,
  title={Big data analytics in intelligent transportation systems: A survey},
  author={Zhu, Li and Yu, Fei Richard and Wang, Yige and Ning, Bin and Tang, Tao},
  journal={IEEE Transactions on Intelligent Transportation Systems},
  volume={20},
  number={1},
  pages={383--398},
  year={2018},
  publisher={IEEE}
}

@article{zhang2020deep,
  title={Deep learning on graphs: A survey},
  author={Zhang, Ziwei and Cui, Peng and Zhu, Wenwu},
  journal={IEEE Transactions on Knowledge and Data Engineering},
  year={2020},
  publisher={IEEE}
}

@inproceedings{zhang2018kernel,
  title={Kernel-weighted graph convolutional network: A deep learning approach for traffic forecasting},
  author={Zhang, Qi and Jin, Qizhao and Chang, Jianlong and Xiang, Shiming and Pan, Chunhong},
  booktitle={2018 24th International Conference on Pattern Recognition (ICPR)},
  pages={1018--1023},
  year={2018},
  organization={IEEE}
}

@inproceedings{shi2019survey,
  title={A Survey of Hybrid Deep Learning Methods for Traffic Flow Prediction},
  author={Shi, Yan and Feng, Haoran and Geng, Xiongfei and Tang, Xingui and Wang, Yongcai},
  booktitle={Proceedings of the 2019 3rd International Conference on Advances in Image Processing},
  pages={133--138},
  year={2019}
}

@article{saedi2020estimating,
  title={Estimating network travel time reliability with network partitioning},
  author={Saedi, Ramin and Saeedmanesh, Mohammadreza and Zockaie, Ali and Saberi, Meead and Geroliminis, Nikolas and Mahmassani, Hani S},
  journal={Transportation Research Part C: Emerging Technologies},
  volume={112},
  pages={46--61},
  year={2020},
  publisher={Elsevier}
}

@inproceedings{chiang2019cluster,
  title={Cluster-GCN: An efficient algorithm for training deep and large graph convolutional networks},
  author={Chiang, Wei-Lin and Liu, Xuanqing and Si, Si and Li, Yang and Bengio, Samy and Hsieh, Cho-Jui},
  booktitle={Proceedings of the 25th ACM SIGKDD International Conference on Knowledge Discovery \& Data Mining},
  pages={257--266},
  year={2019}
}

@article{nava2012temporal,
  title={A temporal domain decomposition algorithmic scheme for large-scale dynamic traffic assignment},
  author={Nava, Eric J and Chiu, Yi-Chang},
  journal={International Journal of Transportation Science and Technology},
  volume={1},
  number={1},
  pages={1--24},
  year={2012},
  publisher={Elsevier}
}

@article{lau2019survey,
  title={A survey of data fusion in smart city applications},
  author={Lau, Billy Pik Lik and Marakkalage, Sumudu Hasala and Zhou, Yuren and Hassan, Naveed Ul and Yuen, Chau and Zhang, Meng and Tan, U-Xuan},
  journal={Information Fusion},
  volume={52},
  pages={357--374},
  year={2019},
  publisher={Elsevier}
}

@article{liufedgru,
  title={FedGRU: Privacy-preserving Traffic Flow Prediction via Federated Learning},
  author={Liu, Yi and Zhang, Shuyu and Zhang, Chenhan and Yu, James J. Q.}
 }
  
@article{hulagu2020environment,
  title={Environment-Friendly School Bus Routing Problem With Heterogeneous Fleet: A Large-Scale Real Case},
  author={Hulagu, Selin and Celikoglu, Hilmi Berk},
  journal={IEEE Transactions on Intelligent Transportation Systems},
  year={2020},
  publisher={IEEE}
}

@inproceedings{wu2019graph,
  title={Graph WaveNet for deep spatial-temporal graph modeling},
  author={Wu, Zonghan and Pan, Shirui and Long, Guodong and Jiang, Jing and Zhang, Chengqi},
  booktitle={International Joint Conference on Artificial Intelligence 2019},
  pages={1907--1913},
  year={2019},
  organization={International Joint Conferences on Artificial Intelligence}
}

@article{asif2013spatiotemporal,
  title={Spatiotemporal patterns in large-scale traffic speed prediction},
  author={Asif, Muhammad Tayyab and Dauwels, Justin and Goh, Chong Yang and Oran, Ali and Fathi, Esmail and Xu, Muye and Dhanya, Menoth Mohan and Mitrovic, Nikola and Jaillet, Patrick},
  journal={IEEE Transactions on Intelligent Transportation Systems},
  volume={15},
  number={2},
  pages={794--804},
  year={2013},
  publisher={IEEE}
}

@ARTICLE{9003261,
  author={Zhou, Fan and Yang, Qing and Zhang, Kunpeng and Trajcevski, Goce and Zhong, Ting and Khokhar, Ashfaq},
  journal={IEEE Internet of Things Journal}, 
  title={Reinforced Spatiotemporal Attentive Graph Neural Networks for Traffic Forecasting}, 
  year={2020},
  volume={7},
  number={7},
  pages={6414--6428},
  doi={10.1109/JIOT.2020.2974494}
}


@ARTICLE{ferdowsi2020interdependence,
  author={Ferdowsi, Aidin and Eldosouky, Abdelrahman and Saad, Walid},
  journal={IEEE Internet of Things Journal}, 
  title={Interdependence-Aware Game-Theoretic Framework for Secure Intelligent Transportation Systems}, 
  year={2020},
  volume={},
  number={},
  pages={1--1},
  doi={10.1109/JIOT.2020.3020899}}

@article{lei2017blockchain,
  title={Blockchain-based dynamic key management for heterogeneous intelligent transportation systems},
  author={Lei, Ao and Cruickshank, Haitham and Cao, Yue and Asuquo, Philip and Ogah, Chibueze P Anyigor and Sun, Zhili},
  journal={IEEE Internet of Things Journal},
  volume={4},
  number={6},
  pages={1832--1843},
  year={2017},
  publisher={IEEE}
}

@article{jia2017data,
  title={Data driven congestion trends prediction of urban transportation},
  author={Jia, Rui and Jiang, Pengcheng and Liu, Lei and Cui, Lizhen and Shi, Yuliang},
  journal={IEEE Internet of Things Journal},
  volume={5},
  number={2},
  pages={581--591},
  year={2017},
  publisher={IEEE}
}

@article{shao2017traveling,
  title={Traveling officer problem: Managing car parking violations efficiently using sensor data},
  author={Shao, Wei and Salim, Flora D and Gu, Tao and Dinh, Ngoc-Thanh and Chan, Jeffrey},
  journal={IEEE Internet of Things Journal},
  volume={5},
  number={2},
  pages={802--810},
  year={2017},
  publisher={IEEE}
}

@article{lin2020spatiotemporal,
  title={Spatiotemporal Congestion-Aware Path Planning Toward Intelligent Transportation Systems in Software-Defined Smart City IoT},
  author={Lin, Chuan and Han, Guangjie and Du, Jiaxin and Xu, Tiantian and Shu, Lei and Lv, Zhihan},
  journal={IEEE Internet of Things Journal},
  volume={7},
  number={9},
  pages={8012--8024},
  year={2020},
  publisher={IEEE}
}

@article{zhang2021fastgnn,
  title={FASTGNN: A Topological Information Protected Federated Learning Approach For Traffic Speed Forecasting},
  author={Zhang, Chenhan and Zhang, Shuyu and James, JQ and Yu, Shui},
  journal={IEEE Transactions on Industrial Informatics},
  year={2021},
  publisher={IEEE}
}



@ARTICLE{7802596,
  author={Qi, Liang and Zhou, MengChu and Luan, WenJing},
  journal={IEEE Transactions on Intelligent Transportation Systems}, 
  title={A Two-level Traffic Light Control Strategy for Preventing Incident-Based Urban Traffic Congestion}, 
  year={2018},
  volume={19},
  number={1},
  pages={13-24},
  doi={10.1109/TITS.2016.2625324}}
  
@article{yahia2018network,
  title={Network partitioning algorithms for solving the traffic assignment problem using a decomposition approach},
  author={Yahia, Cesar N and Pandey, Venktesh and Boyles, Stephen D},
  journal={Transportation Research Record},
  volume={2672},
  number={48},
  pages={116--126},
  year={2018},
  publisher={SAGE Publications Sage CA: Los Angeles, CA}
}

@inproceedings{ushijima2017graph,
  title={Graph partitioning using quantum annealing on the d-wave system},
  author={Ushijima-Mwesigwa, Hayato and Negre, Christian FA and Mniszewski, Susan M},
  booktitle={Proceedings of the Second International Workshop on Post Moores Era Supercomputing},
  pages={22--29},
  year={2017}
}

@article{kim2019comparison,
  title={A comparison study of harmony search and genetic algorithm for the max-cut problem},
  author={Kim, Yong-Hyuk and Yoon, Yourim and Geem, Zong Woo},
  journal={Swarm and evolutionary computation},
  volume={44},
  pages={130--135},
  year={2019},
  publisher={Elsevier}
}

@article{kara2019algorithm,
  title={Algorithm 1002: Graph Coloring Based Parallel Push-relabel Algorithm for the Maximum Flow Problem},
  author={Kara, G{\"o}k{\c{c}}ehan and {\"O}zturan, Can},
  journal={ACM Transactions on Mathematical Software (TOMS)},
  volume={45},
  number={4},
  pages={1--28},
  year={2019},
  publisher={ACM New York, NY, USA}
}

@incollection{benhamed2017optimization,
  title={Optimization of RDF Data Preprocessing for METIS Partitioning},
  author={Benhamed, Siham and Nait-Bahloul, Safia},
  booktitle={Europe and MENA Cooperation Advances in Information and Communication Technologies},
  pages={245--253},
  year={2017},
  publisher={Springer}
}

@inproceedings{yuan2019distributed,
  title={Distributed in-memory trajectory similarity search and join on road network},
  author={Yuan, Haitao and Li, Guoliang},
  booktitle={2019 IEEE 35th international conference on data engineering (ICDE)},
  pages={1262--1273},
  year={2019},
  organization={IEEE}
}

@inproceedings{furno2017two,
  title={Two-level clustering fast betweenness centrality computation for requirement-driven approximation},
  author={Furno, Angelo and El Faouzi, Nour-Eddin and Sharma, Rajesh and Zimeo, Eugenio},
  booktitle={2017 IEEE International Conference on Big Data (Big Data)},
  pages={1289--1294},
  year={2017},
  organization={IEEE}
}

@article{kirkley2018betweenness,
  title={From the betweenness centrality in street networks to structural invariants in random planar graphs},
  author={Kirkley, Alec and Barbosa, Hugo and Barthelemy, Marc and Ghoshal, Gourab},
  journal={Nature communications},
  volume={9},
  number={1},
  pages={1--12},
  year={2018},
  publisher={Nature Publishing Group}
}

@article{hanocka2019meshcnn,
  title={Meshcnn: a network with an edge},
  author={Hanocka, Rana and Hertz, Amir and Fish, Noa and Giryes, Raja and Fleishman, Shachar and Cohen-Or, Daniel},
  journal={ACM Transactions on Graphics (TOG)},
  volume={38},
  number={4},
  pages={1--12},
  year={2019},
  publisher={ACM New York, NY, USA}
}

@article{johnson2016large,
  title={Large-scale network partitioning for decentralized traffic management and other transportation applications},
  author={Johnson, Paul and Nguyen, Duc and Ng, ManWo},
  journal={Journal of Intelligent Transportation Systems},
  volume={20},
  number={5},
  pages={461--473},
  year={2016},
  publisher={Taylor \& Francis}
}

@article{an2017network,
  title={A network partitioning algorithmic approach for macroscopic fundamental diagram-based hierarchical traffic network management},
  author={An, Kang and Chiu, Yi-Chang and Hu, Xianbiao and Chen, Xiaohong},
  journal={IEEE Transactions on Intelligent Transportation Systems},
  volume={19},
  number={4},
  pages={1130--1139},
  year={2017},
  publisher={IEEE}
}

@article{ambuhl2019approximative,
  title={Approximative network partitioning for MFDs from stationary sensor data},
  author={Amb{\"u}hl, Lukas and Loder, Allister and Zheng, Nan and Axhausen, Kay W and Menendez, Monica},
  journal={Transportation Research Record},
  volume={2673},
  number={6},
  pages={94--103},
  year={2019},
  publisher={SAGE Publications Sage CA: Los Angeles, CA}
}

@inproceedings{garcia2019graph,
  title={Graph Partitioning for FEM Applications: Reducing the Communication Volume with DSHEM},
  author={Garc{\'\i}a, Jos{\'e} Luis Gonz{\'a}lez and Yahyapour, Ramin and Tchernykh, Andrei},
  booktitle={2019 International Conference on High Performance Computing \& Simulation (HPCS)},
  pages={779--786},
  year={2019},
  organization={IEEE}
}

@book{hammersley2013monte,
  title={Monte carlo methods},
  author={Hammersley, John},
  year={2013},
  publisher={Springer Science \& Business Media}
}