@article{acerbi2023large,
  title={Large language models show human-like content biases in transmission chain experiments},
  author={Acerbi, Alberto and Stubbersfield, Joseph M},
  journal={Proceedings of the National Academy of Sciences},
  volume={120},
  number={44},
  pages={e2313790120},
  year={2023},
  publisher={National Acad Sciences}
}

@inproceedings{aher2023using,
  title={Using large language models to simulate multiple humans and replicate human subject studies},
  author={Aher, Gati V and Arriaga, Rosa I and Kalai, Adam Tauman},
  booktitle={International Conference on Machine Learning},
  pages={337--371},
  year={2023},
  organization={PMLR}
}

@article{axtell2022agent,
  title={Agent-based modeling in economics and finance: Past, present, and future},
  author={Axtell, Robert L and Farmer, J Doyne},
  journal={Journal of Economic Literature},
  pages={1--101},
  year={2022},
  publisher={American Economic Association}
}

@article{boiko2023autonomous,
  title={Autonomous chemical research with large language models},
  author={Boiko, Daniil A and MacKnight, Robert and Kline, Ben and Gomes, Gabe},
  journal={Nature},
  volume={624},
  number={7992},
  pages={570--578},
  year={2023},
  publisher={Nature Publishing Group UK London}
}

@article{chen2012agent,
  title={Agent-based economic models and econometrics},
  author={Chen, Shu-Heng and Chang, Chia-Ling and Du, Ye-Rong},
  journal={The Knowledge Engineering Review},
  volume={27},
  number={2},
  pages={187--219},
  year={2012},
  publisher={Cambridge University Press}
}

@article{conway1970game,
  title={The game of life},
  author={Conway, John and others},
  journal={Scientific American},
  volume={223},
  number={4},
  pages={4},
  year={1970}
}

@book{epstein1996growing,
  title={Growing Artificial Societies: Social Science from the Bottom Up},
  author={Epstein, Joshua M},
  year={1996},
  publisher={The Brookings Institution Press}
}

@article{figari2021empirical,
  title={Empirical evidence using microsimulation models in the social sciences},
  author={Figari, Francesco and Lezzi, Emanuela and others},
  journal={New Horizons in Modeling and Simulation for Social Epidemiology and Public Health},
  pages={107--148},
  year={2021},
  publisher={John Wiley \& Sons}
}

@article{gallegati2012reconstructing,
  title={Reconstructing economics: Agent based models and complexity},
  author={Gallegati, Mauro and Kirman, Alan},
  journal={Complexity Economics},
  volume={1},
  number={1},
  pages={5--31},
  year={2012}
}

@article{gao2023s,
  title={S3: Social-network Simulation System with Large Language Model-Empowered Agents},
  author={Gao, Chen and Lan, Xiaochong and Lu, Zhihong and Mao, Jinzhu and Piao, Jinghua and Wang, Huandong and Jin, Depeng and Li, Yong},
  journal={arXiv preprint arXiv:2307.14984},
  year={2023}
}

@article{gao2024large,
  title={Large language models empowered agent-based modeling and simulation: A survey and perspectives},
  author={Gao, Chen and Lan, Xiaochong and Li, Nian and Yuan, Yuan and Ding, Jingtao and Zhou, Zhilun and Xu, Fengli and Li, Yong},
  journal={Humanities and Social Sciences Communications},
  volume={11},
  number={1},
  pages={1--24},
  year={2024},
  publisher={Palgrave}
}

@article{goldstone2005computational,
  title={Computational models of collective behavior},
  author={Goldstone, Robert L and Janssen, Marco A},
  journal={Trends in cognitive sciences},
  volume={9},
  number={9},
  pages={424--430},
  year={2005},
  publisher={Elsevier}
}

@article{guo2023empowering,
  title={Empowering Working Memory for Large Language Model Agents},
  author={Guo, Jing and Li, Nan and Qi, Jianchuan and Yang, Hang and Li, Ruiqiao and Feng, Yuzhen and Zhang, Si and Xu, Ming},
  journal={arXiv preprint arXiv:2312.17259},
  year={2023}
}

@inproceedings{huang2023benchmarking,
  title={Benchmarking large language models as ai research agents},
  author={Huang, Qian and Vora, Jian and Liang, Percy and Leskovec, Jure},
  booktitle={NeurIPS 2023 Foundation Models for Decision Making Workshop},
  year={2023}
}

@article{huang2024social,
  title={Social Science Meets LLMs: How Reliable Are Large Language Models in Social Simulations?},
  author={Huang, Yue and Yuan, Zhengqing and Zhou, Yujun and Guo, Kehan and Wang, Xiangqi and Zhuang, Haomin and Sun, Weixiang and Sun, Lichao and Wang, Jindong and Ye, Yanfang and others},
  journal={arXiv preprint arXiv:2410.23426},
  year={2024}
}

@inproceedings{kavak2018big,
  title={Big data, agents, and machine learning: towards a data-driven agent-based modeling approach},
  author={Kavak, Hamdi and Padilla, Jose J and Lynch, Christopher J and Diallo, Saikou Y},
  booktitle={Proceedings of the Annual Simulation Symposium},
  pages={1--12},
  year={2018}
}

@inproceedings{kwon2023efficient,
  title={Efficient memory management for large language model serving with pagedattention},
  author={Kwon, Woosuk and Li, Zhuohan and Zhuang, Siyuan and Sheng, Ying and Zheng, Lianmin and Yu, Cody Hao and Gonzalez, Joseph and Zhang, Hao and Stoica, Ion},
  booktitle={Proceedings of the 29th Symposium on Operating Systems Principles},
  pages={611--626},
  year={2023}
}

@article{lampinen2024language,
  title={Language models, like humans, show content effects on reasoning tasks},
  author={Lampinen, Andrew K and Dasgupta, Ishita and Chan, Stephanie CY and Sheahan, Hannah R and Creswell, Antonia and Kumaran, Dharshan and McClelland, James L and Hill, Felix},
  journal={PNAS nexus},
  volume={3},
  number={7},
  pages={pgae233},
  year={2024},
  publisher={Oxford University Press US}
}

@inproceedings{li2024econagent,
  title={Econagent: large language model-empowered agents for simulating macroeconomic activities},
  author={Li, Nian and Gao, Chen and Li, Mingyu and Li, Yong and Liao, Qingmin},
  booktitle={Proceedings of the 62nd Annual Meeting of the Association for Computational Linguistics (Volume 1: Long Papers)},
  pages={15523--15536},
  year={2024}
}

@article{liu2023training,
  title={Training socially aligned language models on simulated social interactions},
  author={Liu, Ruibo and Yang, Ruixin and Jia, Chenyan and Zhang, Ge and Zhou, Denny and Dai, Andrew M and Yang, Diyi and Vosoughi, Soroush},
  journal={arXiv preprint arXiv:2305.16960},
  year={2023}
}

@book{namatame2016agent,
  title={Agent-based modeling and network dynamics},
  author={Namatame, Akira and Chen, Shu-Heng},
  year={2016},
  publisher={Oxford University Press}
}

@article{orru2023human,
  title={Human-like problem-solving abilities in large language models using ChatGPT},
  author={Orr{\`u}, Graziella and Piarulli, Andrea and Conversano, Ciro and Gemignani, Angelo},
  journal={Frontiers in artificial intelligence},
  volume={6},
  pages={1199350},
  year={2023},
  publisher={Frontiers Media SA}
}

@inproceedings{pang2024self,
  title={Self-alignment of large language models via multi-agent social simulation},
  author={Pang, Xianghe and Tang, Shuo and Ye, Rui and Xiong, Yuxin and Zhang, Bolun and Wang, Yanfeng and Chen, Siheng},
  booktitle={ICLR 2024 Workshop on Large Language Model (LLM) Agents},
  year={2024}
}

@inproceedings{park2023generative,
  title={Generative agents: Interactive simulacra of human behavior},
  author={Park, Joon Sung and O'Brien, Joseph and Cai, Carrie Jun and Morris, Meredith Ringel and Liang, Percy and Bernstein, Michael S},
  booktitle={Proceedings of the 36th annual acm symposium on user interface software and technology},
  pages={1--22},
  year={2023}
}

@article{park2024generative,
  title={Generative agent simulations of 1,000 people},
  author={Park, Joon Sung and Zou, Carolyn Q and Shaw, Aaron and Hill, Benjamin Mako and Cai, Carrie and Morris, Meredith Ringel and Willer, Robb and Liang, Percy and Bernstein, Michael S},
  journal={arXiv preprint arXiv:2411.10109},
  year={2024}
}

@inproceedings{ruan2023tptu,
  title={Tptu: Task planning and tool usage of large language model-based ai agents},
  author={Ruan, Jingqing and Chen, Yihong and Zhang, Bin and Xu, Zhiwei and Bao, Tianpeng and Mao, Hangyu and Li, Ziyue and Zeng, Xingyu and Zhao, Rui and others},
  booktitle={NeurIPS 2023 Foundation Models for Decision Making Workshop},
  year={2023}
}

@article{tang2024gensim,
  title={GenSim: A General Social Simulation Platform with Large Language Model based Agents},
  author={Tang, Jiakai and Gao, Heyang and Pan, Xuchen and Wang, Lei and Tan, Haoran and Gao, Dawei and Chen, Yushuo and Chen, Xu and Lin, Yankai and Li, Yaliang and others},
  journal={arXiv preprint arXiv:2410.04360},
  year={2024}
}

@book{troitzsch1996social,
  title={Social science microsimulation},
  author={Troitzsch, Klaus G},
  year={1996},
  publisher={Springer Science \& Business Media}
}

@article{van2017deep,
  title={Deep learning in (and of) agent-based models: A prospectus},
  author={van der Hoog, Sander},
  journal={arXiv preprint arXiv:1706.06302},
  year={2017}
}

@article{wang2024survey,
  title={A survey on large language model based autonomous agents},
  author={Wang, Lei and Ma, Chen and Feng, Xueyang and Zhang, Zeyu and Yang, Hao and Zhang, Jingsen and Chen, Zhiyuan and Tang, Jiakai and Chen, Xu and Lin, Yankai and others},
  journal={Frontiers of Computer Science},
  volume={18},
  number={6},
  pages={186345},
  year={2024},
  publisher={Springer}
}

@article{wang2024user,
  title={User Behavior Simulation with Large Language Model-based Agents for Recommender Systems},
  author={Wang, Lei and Zhang, Jingsen and Yang, Hao and Chen, Zhi-Yuan and Tang, Jiakai and Zhang, Zeyu and Chen, Xu and Lin, Yankai and Sun, Hao and Song, Ruihua and others},
  journal={ACM Transactions on Information Systems},
  year={2024},
  publisher={ACM New York, NY}
}

@article{wolfram1983cellular,
  title={Cellular automata},
  author={Wolfram, Stephen},
  journal={Los Alamos Science},
  pages={09--01},
  year={1983},
  publisher={Springer}
}

@article{xi2023rise,
  title={The rise and potential of large language model based agents: A survey},
  author={Xi, Zhiheng and Chen, Wenxiang and Guo, Xin and He, Wei and Ding, Yiwen and Hong, Boyang and Zhang, Ming and Wang, Junzhe and Jin, Senjie and Zhou, Enyu and others},
  journal={arXiv preprint arXiv:2309.07864},
  year={2023}
}

@article{yang2024oasis,
  title={Oasis: Open agents social interaction simulations on one million agents},
  author={Yang, Ziyi and Zhang, Zaibin and Zheng, Zirui and Jiang, Yuxian and Gan, Ziyue and Wang, Zhiyu and Ling, Zijian and Chen, Jinsong and Ma, Martz and Dong, Bowen and others},
  journal={arXiv preprint arXiv:2411.11581},
  year={2024}
}

@article{zhang2024electionsim,
  title={Electionsim: Massive population election simulation powered by large language model driven agents},
  author={Zhang, Xinnong and Lin, Jiayu and Sun, Libo and Qi, Weihong and Yang, Yihang and Chen, Yue and Lyu, Hanjia and Mou, Xinyi and Chen, Siming and Luo, Jiebo and others},
  journal={arXiv preprint arXiv:2410.20746},
  year={2024}
}

@inproceedings{zhang2024generative,
  title={On generative agents in recommendation},
  author={Zhang, An and Chen, Yuxin and Sheng, Leheng and Wang, Xiang and Chua, Tat-Seng},
  booktitle={Proceedings of the 47th international ACM SIGIR conference on research and development in Information Retrieval},
  pages={1807--1817},
  year={2024}
}

@article{zhang2024large,
  title={Large language model-brained gui agents: A survey},
  author={Zhang, Chaoyun and He, Shilin and Qian, Jiaxu and Li, Bowen and Li, Liqun and Qin, Si and Kang, Yu and Ma, Minghua and Lin, Qingwei and Rajmohan, Saravan and others},
  journal={arXiv preprint arXiv:2411.18279},
  year={2024}
}

@article{zhang2024survey,
  title={A survey on the memory mechanism of large language model based agents},
  author={Zhang, Zeyu and Bo, Xiaohe and Ma, Chen and Li, Rui and Chen, Xu and Dai, Quanyu and Zhu, Jieming and Dong, Zhenhua and Wen, Ji-Rong},
  journal={arXiv preprint arXiv:2404.13501},
  year={2024}
}

