%% Journal article
@article{abdurahman2024perils,
  title={Perils and opportunities in using large language models in psychological research},
  author={Abdurahman, Suhaib and Atari, Mohammad and Karimi-Malekabadi, Farzan and Xue, Mona J and Trager, Jackson and Park, Peter S and Golazizian, Preni and Omrani, Ali and Dehghani, Morteza},
  journal={PNAS nexus},
  volume={3},
  number={7},
  pages={pgae245},
  year={2024},
  publisher={Oxford University Press US}
}

@article{al2023chatgpt,
  title={ChatGPT and the rise of semi-humans},
  author={Al Lily, Abdulrahman Essa and Ismail, Abdelrahim Fathy and Abunaser, Fathi M and Al-Lami, Firass and Abdullatif, Ali Khalifa Atwa},
  journal={Humanities and Social Sciences Communications},
  volume={10},
  number={1},
  pages={1--12},
  year={2023},
  publisher={Palgrave}
}

@article{pynadath2011modeling,
  title={Modeling theory of mind and cognitive appraisal with decision-theoretic agents},
  author={Pynadath, David V and Si, Mei and Marsella, Stacy C},
  journal={Social emotions in nature and artifact: emotions in human and human-computer interaction},
  pages={70--87},
  year={2011}
}

@article{beall2017emotivational,
  title={Emotivational psychology: How distinct emotions facilitate fundamental motives},
  author={Beall, Alec T and Tracy, Jessica L},
  journal={Social and Personality Psychology Compass},
  volume={11},
  number={2},
  pages={e12303},
  year={2017},
  publisher={Wiley Online Library}
}

@article{bourgais2018emotion,
  title={Emotion modeling in social simulation: a survey},
  author={Bourgais, Mathieu and Taillandier, Patrick and Vercouter, Laurent and Adam, Carole},
  journal={Journal of Artificial Societies and Social Simulation},
  year={2018}
}

@article{schurmann2020personalizing,
  title={Personalizing human-agent interaction through cognitive models},
  author={Sch{\"u}rmann, Tim and Beckerle, Philipp},
  journal={Frontiers in Psychology},
  volume={11},
  pages={561510},
  year={2020},
  publisher={Frontiers Media SA}
}

@article{bandura1989human,
  title={Human agency in social cognitive theory.},
  author={Bandura, Albert},
  journal={American psychologist},
  volume={44},
  number={9},
  pages={1175},
  year={1989},
  publisher={American Psychological Association}
}

@inproceedings{baylor2001cognitive,
  title={Cognitive requirements for agent-based learning environments},
  author={Baylor, Amy L},
  booktitle={Proceedings IEEE International Conference on Advanced Learning Technologies},
  pages={462--463},
  year={2001},
  organization={IEEE}
}


@article{andersen2000fundamental,
  title={Fundamental human needs: Making social cognition relevant},
  author={Andersen, Susan M and Chen, Serena and Carter, Christina},
  journal={Psychological inquiry},
  volume={11},
  number={4},
  pages={269--275},
  year={2000},
  publisher={JSTOR}
}

@inproceedings{shvo2019interdependent,
  title={An interdependent model of personality, motivation, emotion, and mood for intelligent virtual agents},
  author={Shvo, Maayan and Buhmann, Jakob and Kapadia, Mubbasir},
  booktitle={Proceedings of the 19th ACM international conference on intelligent virtual agents},
  pages={65--72},
  year={2019}
}

@article{strachan2024testing,
  title={Testing theory of mind in large language models and humans},
  author={Strachan, James WA and Albergo, Dalila and Borghini, Giulia and Pansardi, Oriana and Scaliti, Eugenio and Gupta, Saurabh and Saxena, Krati and Rufo, Alessandro and Panzeri, Stefano and Manzi, Guido and others},
  journal={Nature Human Behaviour},
  pages={1--11},
  year={2024},
  publisher={Nature Publishing Group UK London}
}

@article{acevedo2018personalistic,
  title={A personalistic appraisal of Maslow’s needs theory of motivation: From “humanistic” psychology to integral humanism},
  author={Acevedo, Alma},
  journal={Journal of business ethics},
  volume={148},
  pages={741--763},
  year={2018},
  publisher={Springer}
}


@article{baumeister2017need,
  title={The need to belong: Desire for interpersonal attachments as a fundamental human motivation},
  author={Baumeister, Roy F and Leary, Mark R},
  journal={Interpersonal development},
  pages={57--89},
  year={2017},
  publisher={Routledge}
}

@article{shao2024beyond,
  title={Beyond imitation: Generating human mobility from context-aware reasoning with large language models},
  author={Shao, Chenyang and Xu, Fengli and Fan, Bingbing and Ding, Jingtao and Yuan, Yuan and Wang, Meng and Li, Yong},
  journal={arXiv preprint arXiv:2402.09836},
  year={2024}
}

@article{yan2024opencity,
  title={OpenCity: A Scalable Platform to Simulate Urban Activities with Massive LLM Agents},
  author={Yan, Yuwei and Zeng, Qingbin and Zheng, Zhiheng and Yuan, Jingzhe and Feng, Jie and Zhang, Jun and Xu, Fengli and Li, Yong},
  journal={arXiv preprint arXiv:2410.21286},
  year={2024}
}


@article{feng2024agentmove,
  title={Agentmove: Predicting human mobility anywhere using large language model based agentic framework},
  author={Feng, Jie and Du, Yuwei and Zhao, Jie and Li, Yong},
  journal={arXiv preprint arXiv:2408.13986},
  year={2024}
}

@article{radloff1991use,
  title={The use of the Center for Epidemiologic Studies Depression Scale in adolescents and young adults},
  author={Radloff, Lenore Sawyer},
  journal={Journal of youth and adolescence},
  volume={20},
  number={2},
  pages={149--166},
  year={1991},
  publisher={Springer}
}

@techreport{bartik2024impact,
  title={The impact of unconditional cash transfers on consumption and household balance sheets: Experimental evidence from two US states},
  author={Bartik, Alexander W and Rhodes, Elizabeth and Broockman, David E and Krause, Patrick K and Miller, Sarah and Vivalt, Eva},
  year={2024},
  institution={National Bureau of Economic Research}
}


@inproceedings{li2024econagent,
  title={Econagent: large language model-empowered agents for simulating macroeconomic activities},
  author={Li, Nian and Gao, Chen and Li, Mingyu and Li, Yong and Liao, Qingmin},
  booktitle={Proceedings of the 62nd Annual Meeting of the Association for Computational Linguistics (Volume 1: Long Papers)},
  pages={15523--15536},
  year={2024}
}

@article{wolf2013multi,
  title={A multi-agent model of several economic regions},
  author={Wolf, Sarah and F{\"u}rst, Steffen and Mandel, Antoine and Lass, Wiebke and Lincke, Daniel and Pablo-Marti, Federico and Jaeger, Carlo},
  journal={Environmental modelling \& software},
  volume={44},
  pages={25--43},
  year={2013},
  publisher={Elsevier}
}

@techreport{horton2023large,
  title={Large language models as simulated economic agents: What can we learn from homo silicus?},
  author={Horton, John J},
  year={2023},
  institution={National Bureau of Economic Research}
}

@article{gao2023s,
  title={S3: Social-network Simulation System with Large Language Model-Empowered Agents},
  author={Gao, Chen and Lan, Xiaochong and Lu, Zhihong and Mao, Jinzhu and Piao, Jinghua and Wang, Huandong and Jin, Depeng and Li, Yong},
  journal={arXiv preprint arXiv:2307.14984},
  year={2023}
}

@inproceedings{park2023generative,
  title={Generative agents: Interactive simulacra of human behavior},
  author={Park, Joon Sung and O'Brien, Joseph and Cai, Carrie Jun and Morris, Meredith Ringel and Liang, Percy and Bernstein, Michael S},
  booktitle={Proceedings of the 36th annual acm symposium on user interface software and technology},
  pages={1--22},
  year={2023}
}


@book{eysenck2020cognitive,
  title={Cognitive psychology: A student's handbook},
  author={Eysenck, Michael W and Keane, Mark T},
  year={2020},
  publisher={Psychology press}
}


@article{mcleod2007maslow,
  title={Maslow's hierarchy of needs},
  author={McLeod, Saul},
  journal={Simply psychology},
  volume={1},
  number={1-18},
  year={2007}
}

@article{maslow1943theory,
  title={A theory of human motivation},
  author={Maslow, AH},
  journal={Psychological Review},
  volume={2},
  pages={21--28},
  year={1943}
}


@article{ajzen1991theory,
  title={The Theory of planned behavior},
  author={Ajzen, Icek},
  journal={Organizational Behavior and Human Decision Processes},
  year={1991}
}


@article{christiano2005nominal,
  title={Nominal rigidities and the dynamic effects of a shock to monetary policy},
  author={Christiano, Lawrence J and Eichenbaum, Martin and Evans, Charles L},
  journal={Journal of political Economy},
  volume={113},
  number={1},
  pages={1--45},
  year={2005},
  publisher={The University of Chicago Press}
}


@article{zipf1946p,
  title={The P 1 P 2/D hypothesis: on the intercity movement of persons},
  author={Zipf, George Kingsley},
  journal={American sociological review},
  volume={11},
  number={6},
  pages={677--686},
  year={1946},
  publisher={JSTOR}
}

@article{huang2023survey,
  title={A survey on hallucination in large language models: Principles, taxonomy, challenges, and open questions},
  author={Huang, Lei and Yu, Weijiang and Ma, Weitao and Zhong, Weihong and Feng, Zhangyin and Wang, Haotian and Chen, Qianglong and Peng, Weihua and Feng, Xiaocheng and Qin, Bing and others},
  journal={ACM Transactions on Information Systems},
  year={2023},
  publisher={ACM New York, NY}
}

@inproceedings{qian2024chatdev,
  title={Chatdev: Communicative agents for software development},
  author={Qian, Chen and Liu, Wei and Liu, Hongzhang and Chen, Nuo and Dang, Yufan and Li, Jiahao and Yang, Cheng and Chen, Weize and Su, Yusheng and Cong, Xin and others},
  booktitle={Proceedings of the 62nd Annual Meeting of the Association for Computational Linguistics (Volume 1: Long Papers)},
  pages={15174--15186},
  year={2024}
}

@article{hong2023metagpt,
  title={Metagpt: Meta programming for multi-agent collaborative framework},
  author={Hong, Sirui and Zheng, Xiawu and Chen, Jonathan and Cheng, Yuheng and Wang, Jinlin and Zhang, Ceyao and Wang, Zili and Yau, Steven Ka Shing and Lin, Zijuan and Zhou, Liyang and others},
  journal={arXiv preprint arXiv:2308.00352},
  year={2023}
}

@article{li2023camel,
  title={Camel: Communicative agents for" mind" exploration of large language model society},
  author={Li, Guohao and Hammoud, Hasan and Itani, Hani and Khizbullin, Dmitrii and Ghanem, Bernard},
  journal={Advances in Neural Information Processing Systems},
  volume={36},
  pages={51991--52008},
  year={2023}
}

@article{gao2024agentscope,
  title={Agentscope: A flexible yet robust multi-agent platform},
  author={Gao, Dawei and Li, Zitao and Pan, Xuchen and Kuang, Weirui and Ma, Zhijian and Qian, Bingchen and Wei, Fei and Zhang, Wenhao and Xie, Yuexiang and Chen, Daoyuan and others},
  journal={arXiv preprint arXiv:2402.14034},
  year={2024}
}

@article{xu2023exploring,
  title={Exploring large language models for communication games: An empirical study on werewolf},
  author={Xu, Yuzhuang and Wang, Shuo and Li, Peng and Luo, Fuwen and Wang, Xiaolong and Liu, Weidong and Liu, Yang},
  journal={arXiv preprint arXiv:2309.04658},
  year={2023}
}

@inproceedings{moritz2018ray,
  title={Ray: A distributed framework for emerging $\{$AI$\}$ applications},
  author={Moritz, Philipp and Nishihara, Robert and Wang, Stephanie and Tumanov, Alexey and Liaw, Richard and Liang, Eric and Elibol, Melih and Yang, Zongheng and Paul, William and Jordan, Michael I and others},
  booktitle={13th USENIX symposium on operating systems design and implementation (OSDI 18)},
  pages={561--577},
  year={2018}
}

@article{hofman2021integrating,
  title={Integrating explanation and prediction in computational social science},
  author={Hofman, Jake M and Watts, Duncan J and Athey, Susan and Garip, Filiz and Griffiths, Thomas L and Kleinberg, Jon and Margetts, Helen and Mullainathan, Sendhil and Salganik, Matthew J and Vazire, Simine and others},
  journal={Nature},
  volume={595},
  number={7866},
  pages={181--188},
  year={2021},
  publisher={Nature Publishing Group UK London}
}

@article{liu2024deepseek,
  title={Deepseek-v3 technical report},
  author={Liu, Aixin and Feng, Bei and Xue, Bing and Wang, Bingxuan and Wu, Bochao and Lu, Chengda and Zhao, Chenggang and Deng, Chengqi and Zhang, Chenyu and Ruan, Chong and others},
  journal={arXiv preprint arXiv:2412.19437},
  year={2024}
}


@article{kosinski2024evaluating,
  title={Evaluating large language models in theory of mind tasks},
  author={Kosinski, Michal},
  journal={Proceedings of the National Academy of Sciences},
  volume={121},
  number={45},
  pages={e2405460121},
  year={2024},
  publisher={National Academy of Sciences}
}

@article{piao2025emergence,
  title={Emergence of human-like polarization among large language model agents},
  author={Piao, Jinghua and Lu, Zhihong and Gao, Chen and Xu, Fengli and Santos, Fernando P and Li, Yong and Evans, James},
  journal={arXiv preprint arXiv:2501.05171},
  year={2025}
}

@book{mead1934mind,
  title={Mind, self, and society from the standpoint of a social behaviorist.},
  author={Mead, George Herbert},
  year={1934},
  publisher={Chicago}
}

@inproceedings{cheng2024sociodojo,
  title={Sociodojo: Building lifelong analytical agents with real-world text and time series},
  author={Cheng, Junyan and Chin, Peter},
  booktitle={The Twelfth International Conference on Learning Representations},
  year={2024}
}

@article{lai2024evolving,
  title={Evolving AI Collectives to Enhance Human Diversity and Enable Self-Regulation},
  author={Lai, Shiyang and Potter, Yujin and Kim, Junsol and Zhuang, Richard and Song, Dawn and Evans, James},
  journal={arXiv preprint arXiv:2402.12590},
  year={2024}
}

@article{wang2023voyager,
  title={Voyager: An open-ended embodied agent with large language models},
  author={Wang, Guanzhi and Xie, Yuqi and Jiang, Yunfan and Mandlekar, Ajay and Xiao, Chaowei and Zhu, Yuke and Fan, Linxi and Anandkumar, Anima},
  journal={arXiv preprint arXiv:2305.16291},
  year={2023}
}

@article{zhu2023ghost,
  title={Ghost in the minecraft: Generally capable agents for open-world environments via large language models with text-based knowledge and memory},
  author={Zhu, Xizhou and Chen, Yuntao and Tian, Hao and Tao, Chenxin and Su, Weijie and Yang, Chenyu and Huang, Gao and Li, Bin and Lu, Lewei and Wang, Xiaogang and others},
  journal={arXiv preprint arXiv:2305.17144},
  year={2023}
}

@article{al2024project,
  title={Project Sid: Many-agent simulations toward AI civilization},
  author={AL, Altera and Ahn, Andrew and Becker, Nic and Carroll, Stephanie and Christie, Nico and Cortes, Manuel and Demirci, Arda and Du, Melissa and Li, Frankie and Luo, Shuying and others},
  journal={arXiv preprint arXiv:2411.00114},
  year={2024}
}

@book{sornette2009stock,
  title={Why stock markets crash: critical events in complex financial systems},
  author={Sornette, Didier},
  year={2009},
  publisher={Princeton university press}
}

@inproceedings{kwon2023efficient,
  title={Efficient memory management for large language model serving with pagedattention},
  author={Kwon, Woosuk and Li, Zhuohan and Zhuang, Siyuan and Sheng, Ying and Zheng, Lianmin and Yu, Cody Hao and Gonzalez, Joseph and Zhang, Hao and Stoica, Ion},
  booktitle={Proceedings of the 29th Symposium on Operating Systems Principles},
  pages={611--626},
  year={2023}
}

@article{zhao2023survey,
  title={A survey of large language models},
  author={Zhao, Wayne Xin and Zhou, Kun and Li, Junyi and Tang, Tianyi and Wang, Xiaolei and Hou, Yupeng and Min, Yingqian and Zhang, Beichen and Zhang, Junjie and Dong, Zican and others},
  journal={arXiv preprint arXiv:2303.18223},
  year={2023}
}

@article{xi2023rise,
  title={The rise and potential of large language model based agents: A survey},
  author={Xi, Zhiheng and Chen, Wenxiang and Guo, Xin and He, Wei and Ding, Yiwen and Hong, Boyang and Zhang, Ming and Wang, Junzhe and Jin, Senjie and Zhou, Enyu and others},
  journal={arXiv preprint arXiv:2309.07864},
  year={2023}
}

@article{wang2024survey,
  title={A survey on large language model based autonomous agents},
  author={Wang, Lei and Ma, Chen and Feng, Xueyang and Zhang, Zeyu and Yang, Hao and Zhang, Jingsen and Chen, Zhiyuan and Tang, Jiakai and Chen, Xu and Lin, Yankai and others},
  journal={Frontiers of Computer Science},
  volume={18},
  number={6},
  pages={186345},
  year={2024},
  publisher={Springer}
}

@inproceedings{huang2023benchmarking,
  title={Benchmarking large language models as ai research agents},
  author={Huang, Qian and Vora, Jian and Liang, Percy and Leskovec, Jure},
  booktitle={NeurIPS 2023 Foundation Models for Decision Making Workshop},
  year={2023}
}

@inproceedings{ruan2023tptu,
  title={Tptu: Task planning and tool usage of large language model-based ai agents},
  author={Ruan, Jingqing and Chen, Yihong and Zhang, Bin and Xu, Zhiwei and Bao, Tianpeng and Mao, Hangyu and Li, Ziyue and Zeng, Xingyu and Zhao, Rui and others},
  booktitle={NeurIPS 2023 Foundation Models for Decision Making Workshop},
  year={2023}
}

@article{zhang2024large,
  title={Large language model-brained gui agents: A survey},
  author={Zhang, Chaoyun and He, Shilin and Qian, Jiaxu and Li, Bowen and Li, Liqun and Qin, Si and Kang, Yu and Ma, Minghua and Lin, Qingwei and Rajmohan, Saravan and others},
  journal={arXiv preprint arXiv:2411.18279},
  year={2024}
}



@article{gao2024large,
  title={Large language models empowered agent-based modeling and simulation: A survey and perspectives},
  author={Gao, Chen and Lan, Xiaochong and Li, Nian and Yuan, Yuan and Ding, Jingtao and Zhou, Zhilun and Xu, Fengli and Li, Yong},
  journal={Humanities and Social Sciences Communications},
  volume={11},
  number={1},
  pages={1--24},
  year={2024},
  publisher={Palgrave}
}

@inproceedings{zhang2023city,
  title={A City-level High-performance Spatio-temporal Mobility Simulation System},
  author={Zhang, Jun and Ao, Wenxuan and Jin, Depeng and Liu, Li and Li, Yong},
  booktitle={Proceedings of the 1st ACM SIGSPATIAL International Workshop on Sustainable Mobility},
  pages={23--32},
  year={2023}
}

@article{wang2024simulating,
  title={Simulating Human-like Daily Activities with Desire-driven Autonomy},
  author={Wang, Yiding and Chen, Yuxuan and Zhong, Fangwei and Ma, Long and Wang, Yizhou},
  journal={arXiv preprint arXiv:2412.06435},
  year={2024}
}

@article{yang2024oasis,
  title={Oasis: Open agents social interaction simulations on one million agents},
  author={Yang, Ziyi and Zhang, Zaibin and Zheng, Zirui and Jiang, Yuxian and Gan, Ziyue and Wang, Zhiyu and Ling, Zijian and Chen, Jinsong and Ma, Martz and Dong, Bowen and others},
  journal={arXiv preprint arXiv:2411.11581},
  year={2024}
}

@article{park2024generative,
  title={Generative agent simulations of 1,000 people},
  author={Park, Joon Sung and Zou, Carolyn Q and Shaw, Aaron and Hill, Benjamin Mako and Cai, Carrie and Morris, Meredith Ringel and Willer, Robb and Liang, Percy and Bernstein, Michael S},
  journal={arXiv preprint arXiv:2411.10109},
  year={2024}
}

@inproceedings{pangself,
  title={Self-Alignment of Large Language Models via Monopolylogue-based Social Scene Simulation},
  author={Pang, Xianghe and Tang, Shuo and Ye, Rui and Xiong, Yuxin and Zhang, Bolun and Wang, Yanfeng and Chen, Siheng},
  booktitle={Forty-first International Conference on Machine Learning},
  year={2024}
}


@article{tang2024gensim,
  title={GenSim: A General Social Simulation Platform with Large Language Model based Agents},
  author={Tang, Jiakai and Gao, Heyang and Pan, Xuchen and Wang, Lei and Tan, Haoran and Gao, Dawei and Chen, Yushuo and Chen, Xu and Lin, Yankai and Li, Yaliang and others},
  journal={arXiv preprint arXiv:2410.04360},
  year={2024}
}


@article{mou2024unveiling,
  title={Unveiling the truth and facilitating change: Towards agent-based large-scale social movement simulation},
  author={Mou, Xinyi and Wei, Zhongyu and Huang, Xuanjing},
  journal={arXiv preprint arXiv:2402.16333},
  year={2024}
}

@inproceedings{zhang2024generative,
  title={On generative agents in recommendation},
  author={Zhang, An and Chen, Yuxin and Sheng, Leheng and Wang, Xiang and Chua, Tat-Seng},
  booktitle={Proceedings of the 47th international ACM SIGIR conference on research and development in Information Retrieval},
  pages={1807--1817},
  year={2024}
}

@article{wang2024user,
  title={User Behavior Simulation with Large Language Model-based Agents for Recommender Systems},
  author={Wang, Lei and Zhang, Jingsen and Yang, Hao and Chen, Zhi-Yuan and Tang, Jiakai and Zhang, Zeyu and Chen, Xu and Lin, Yankai and Sun, Hao and Song, Ruihua and others},
  journal={ACM Transactions on Information Systems},
  year={2024},
  publisher={ACM New York, NY}
}

@article{zhou2023sotopia,
  title={Sotopia: Interactive evaluation for social intelligence in language agents},
  author={Zhou, Xuhui and Zhu, Hao and Mathur, Leena and Zhang, Ruohong and Yu, Haofei and Qi, Zhengyang and Morency, Louis-Philippe and Bisk, Yonatan and Fried, Daniel and Neubig, Graham and others},
  journal={arXiv preprint arXiv:2310.11667},
  year={2023}
}

@article{jiang2024casevo,
  title={Casevo: A Cognitive Agents and Social Evolution Simulator},
  author={Jiang, Zexun and Shi, Yafang and Li, Maoxu and Xiao, Hongjiang and Qin, Yunxiao and Wei, Qinglan and Wang, Ye and Zhang, Yuan},
  journal={arXiv preprint arXiv:2412.19498},
  year={2024}
}


@article{lazer2020computational,
  title={Computational social science: Obstacles and opportunities},
  author={Lazer, David MJ and Pentland, Alex and Watts, Duncan J and Aral, Sinan and Athey, Susan and Contractor, Noshir and Freelon, Deen and Gonzalez-Bailon, Sandra and King, Gary and Margetts, Helen and others},
  journal={Science},
  volume={369},
  number={6507},
  pages={1060--1062},
  year={2020},
  publisher={American Association for the Advancement of Science}
}

@article{lazer2009computational,
  title={Computational social science},
  author={Lazer, David and Pentland, Alex and Adamic, Lada and Aral, Sinan and Barab{\'a}si, Albert-L{\'a}szl{\'o} and Brewer, Devon and Christakis, Nicholas and Contractor, Noshir and Fowler, James and Gutmann, Myron and others},
  journal={Science},
  volume={323},
  number={5915},
  pages={721--723},
  year={2009},
  publisher={American Association for the Advancement of Science}
}


@article{hedstrom2010causal,
  title={Causal mechanisms in the social sciences},
  author={Hedstr{\"o}m, Peter and Ylikoski, Petri},
  journal={Annual review of sociology},
  volume={36},
  number={1},
  pages={49--67},
  year={2010},
  publisher={Annual Reviews}
}

@article{breiman2001statistical,
  title={Statistical modeling: The two cultures (with comments and a rejoinder by the author)},
  author={Breiman, Leo},
  journal={Statistical science},
  volume={16},
  number={3},
  pages={199--231},
  year={2001},
  publisher={Institute of Mathematical Statistics}
}

@article{alda2002finding,
  title={Finding Feynman},
  author={Alda, Alan},
  journal={Engineering and Science},
  volume={65},
  number={2},
  pages={17--21},
  year={2002},
  publisher={California Institute of Technology}
}

@book{epstein2012generative,
  title={Generative social science: Studies in agent-based computational modeling},
  author={Epstein, Joshua M},
  year={2012},
  publisher={Princeton University Press}
}

@article{epstein1999agent,
  title={Agent-based computational models and generative social science},
  author={Epstein, Joshua M},
  journal={Complexity},
  volume={4},
  number={5},
  pages={41--60},
  year={1999},
  publisher={Wiley Online Library}
}

@inproceedings{macal2005tutorial,
  title={Tutorial on agent-based modeling and simulation},
  author={Macal, Charles M and North, Michael J},
  booktitle={Proceedings of the Winter Simulation Conference, 2005.},
  pages={14--pp},
  year={2005},
  organization={IEEE}
}

@book{wilensky2015introduction,
  title={An Introduction to Agent-Based Modeling: Modeling Natural, Social, and Engineered Complex Systems with Netlogo},
  author={Wilensky, U},
  year={2015},
  publisher={The MIT Press}
}

@article{gilbert2000build,
  title={How to build and use agent-based models in social science},
  author={Gilbert, Nigel and Terna, Pietro},
  journal={Mind \& Society},
  volume={1},
  pages={57--72},
  year={2000},
  publisher={Springer}
}

@article{berry2002adaptive,
  title={Adaptive agents, intelligence, and emergent human organization: Capturing complexity through agent-based modeling},
  author={Berry, Brian JL and Kiel, L Douglas and Elliott, Euel},
  journal={Proceedings of the National Academy of Sciences},
  volume={99},
  number={suppl\_3},
  pages={7187--7188},
  year={2002},
  publisher={National Acad Sciences}
}

@article{de2014agent,
  title={Agent-based models},
  author={De Marchi, Scott and Page, Scott E},
  journal={Annual Review of political science},
  volume={17},
  number={1},
  pages={1--20},
  year={2014},
  publisher={Annual Reviews}
}

@book{laver2011party,
  title={Party competition: An agent-based model},
  author={Laver, Michael and Sergenti, Ernest},
  volume={20},
  year={2011},
  publisher={Princeton University Press}
}

@article{arthur2006out,
  title={Out-of-equilibrium economics and agent-based modeling},
  author={Arthur, W Brian},
  journal={Handbook of computational economics},
  volume={2},
  pages={1551--1564},
  year={2006},
  publisher={Elsevier}
}

@article{feng2012linking,
  title={Linking agent-based models and stochastic models of financial markets},
  author={Feng, Ling and Li, Baowen and Podobnik, Boris and Preis, Tobias and Stanley, H Eugene},
  journal={Proceedings of the National Academy of Sciences},
  volume={109},
  number={22},
  pages={8388--8393},
  year={2012},
  publisher={National Acad Sciences}
}

@article{an2021challenges,
  title={Challenges, tasks, and opportunities in modeling agent-based complex systems},
  author={An, Li and Grimm, Volker and Sullivan, Abigail and Turner Ii, BL and Malleson, Nicolas and Heppenstall, Alison and Vincenot, Christian and Robinson, Derek and Ye, Xinyue and Liu, Jianguo and others},
  journal={Ecological Modelling},
  volume={457},
  pages={109685},
  year={2021},
  publisher={Elsevier}
}

@book{epstein1996growing,
  title={Growing Artificial Societies: Social Science from the Bottom Up},
  author={Epstein, Joshua M},
  year={1996},
  publisher={The Brookings Institution Press}
}

@article{helbing1995social,
  title={Social force model for pedestrian dynamics},
  author={Helbing, Dirk and Molnar, Peter},
  journal={Physical review E},
  volume={51},
  number={5},
  pages={4282},
  year={1995},
  publisher={APS}
}

@article{zheng2022ai,
  title={The AI Economist: Taxation policy design via two-level deep multiagent reinforcement learning},
  author={Zheng, Stephan and Trott, Alexander and Srinivasa, Sunil and Parkes, David C and Socher, Richard},
  journal={Science advances},
  volume={8},
  number={18},
  pages={eabk2607},
  year={2022},
  publisher={American Association for the Advancement of Science}
}

@article{baumann2021emergence,
  title={Emergence of polarized ideological opinions in multidimensional topic spaces},
  author={Baumann, Fabian and Lorenz-Spreen, Philipp and Sokolov, Igor M and Starnini, Michele},
  journal={Physical Review X},
  volume={11},
  number={1},
  pages={011012},
  year={2021},
  publisher={APS}
}

@article{wei2022chain,
  title={Chain-of-thought prompting elicits reasoning in large language models},
  author={Wei, Jason and Wang, Xuezhi and Schuurmans, Dale and Bosma, Maarten and Xia, Fei and Chi, Ed and Le, Quoc V and Zhou, Denny and others},
  journal={Advances in neural information processing systems},
  volume={35},
  pages={24824--24837},
  year={2022}
}

@book{sawyer2005social,
  title={Social Emergence: Societies as Complex Systems},
  author={Sawyer, RK},
  year={2005},
  publisher={Cambridge University Press}
}

@article{ladyman2013complex,
  title={What is a complex system?},
  author={Ladyman, James and Lambert, James and Wiesner, Karoline},
  journal={European Journal for Philosophy of Science},
  volume={3},
  pages={33--67},
  year={2013},
  publisher={Springer}
}

@book{troitzsch1996social,
  title={Social science microsimulation},
  author={Troitzsch, Klaus G},
  year={1996},
  publisher={Springer Science \& Business Media}
}

@article{wolfram1983cellular,
  title={Cellular automata},
  author={Wolfram, Stephen},
  journal={Los Alamos Science},
  pages={09--01},
  year={1983},
  publisher={Springer}
}

@article{conway1970game,
  title={The game of life},
  author={Conway, John and others},
  journal={Scientific American},
  volume={223},
  number={4},
  pages={4},
  year={1970}
}


@article{goldstone2005computational,
  title={Computational models of collective behavior},
  author={Goldstone, Robert L and Janssen, Marco A},
  journal={Trends in cognitive sciences},
  volume={9},
  number={9},
  pages={424--430},
  year={2005},
  publisher={Elsevier}
}

@book{namatame2016agent,
  title={Agent-based modeling and network dynamics},
  author={Namatame, Akira and Chen, Shu-Heng},
  year={2016},
  publisher={Oxford University Press}
}

@article{axtell2022agent,
  title={Agent-based modeling in economics and finance: Past, present, and future},
  author={Axtell, Robert L and Farmer, J Doyne},
  journal={Journal of Economic Literature},
  pages={1--101},
  year={2022},
  publisher={American Economic Association}
}

@article{chen2012agent,
  title={Agent-based economic models and econometrics},
  author={Chen, Shu-Heng and Chang, Chia-Ling and Du, Ye-Rong},
  journal={The Knowledge Engineering Review},
  volume={27},
  number={2},
  pages={187--219},
  year={2012},
  publisher={Cambridge University Press}
}

@article{gallegati2012reconstructing,
  title={Reconstructing economics: Agent based models and complexity},
  author={Gallegati, Mauro and Kirman, Alan},
  journal={Complexity Economics},
  volume={1},
  number={1},
  pages={5--31},
  year={2012}
}

@article{van2017deep,
  title={Deep learning in (and of) agent-based models: A prospectus},
  author={van der Hoog, Sander},
  journal={arXiv preprint arXiv:1706.06302},
  year={2017}
}

@inproceedings{kavak2018big,
  title={Big data, agents, and machine learning: towards a data-driven agent-based modeling approach},
  author={Kavak, Hamdi and Padilla, Jose J and Lynch, Christopher J and Diallo, Saikou Y},
  booktitle={Proceedings of the Annual Simulation Symposium},
  pages={1--12},
  year={2018}
}


@article{orru2023human,
  title={Human-like problem-solving abilities in large language models using ChatGPT},
  author={Orr{\`u}, Graziella and Piarulli, Andrea and Conversano, Ciro and Gemignani, Angelo},
  journal={Frontiers in artificial intelligence},
  volume={6},
  pages={1199350},
  year={2023},
  publisher={Frontiers Media SA}
}

@article{lampinen2024language,
  title={Language models, like humans, show content effects on reasoning tasks},
  author={Lampinen, Andrew K and Dasgupta, Ishita and Chan, Stephanie CY and Sheahan, Hannah R and Creswell, Antonia and Kumaran, Dharshan and McClelland, James L and Hill, Felix},
  journal={PNAS nexus},
  volume={3},
  number={7},
  pages={pgae233},
  year={2024},
  publisher={Oxford University Press US}
}



@article{figari2021empirical,
  title={Empirical evidence using microsimulation models in the social sciences},
  author={Figari, Francesco and Lezzi, Emanuela and others},
  journal={New Horizons in Modeling and Simulation for Social Epidemiology and Public Health},
  pages={107--148},
  year={2021},
  publisher={John Wiley \& Sons}
}



@article{acerbi2023large,
  title={Large language models show human-like content biases in transmission chain experiments},
  author={Acerbi, Alberto and Stubbersfield, Joseph M},
  journal={Proceedings of the National Academy of Sciences},
  volume={120},
  number={44},
  pages={e2313790120},
  year={2023},
  publisher={National Acad Sciences}
}

@article{zhang2024electionsim,
  title={Electionsim: Massive population election simulation powered by large language model driven agents},
  author={Zhang, Xinnong and Lin, Jiayu and Sun, Libo and Qi, Weihong and Yang, Yihang and Chen, Yue and Lyu, Hanjia and Mou, Xinyi and Chen, Siming and Luo, Jiebo and others},
  journal={arXiv preprint arXiv:2410.20746},
  year={2024}
}

@inproceedings{aher2023using,
  title={Using large language models to simulate multiple humans and replicate human subject studies},
  author={Aher, Gati V and Arriaga, Rosa I and Kalai, Adam Tauman},
  booktitle={International Conference on Machine Learning},
  pages={337--371},
  year={2023},
  organization={PMLR}
}

@article{boiko2023autonomous,
  title={Autonomous chemical research with large language models},
  author={Boiko, Daniil A and MacKnight, Robert and Kline, Ben and Gomes, Gabe},
  journal={Nature},
  volume={624},
  number={7992},
  pages={570--578},
  year={2023},
  publisher={Nature Publishing Group UK London}
}

@article{huang2024social,
  title={Social Science Meets LLMs: How Reliable Are Large Language Models in Social Simulations?},
  author={Huang, Yue and Yuan, Zhengqing and Zhou, Yujun and Guo, Kehan and Wang, Xiangqi and Zhuang, Haomin and Sun, Weixiang and Sun, Lichao and Wang, Jindong and Ye, Yanfang and others},
  journal={arXiv preprint arXiv:2410.23426},
  year={2024}
}

@article{guo2023empowering,
  title={Empowering Working Memory for Large Language Model Agents},
  author={Guo, Jing and Li, Nan and Qi, Jianchuan and Yang, Hang and Li, Ruiqiao and Feng, Yuzhen and Zhang, Si and Xu, Ming},
  journal={arXiv preprint arXiv:2312.17259},
  year={2023}
}
@article{zhang2024survey,
  title={A survey on the memory mechanism of large language model based agents},
  author={Zhang, Zeyu and Bo, Xiaohe and Ma, Chen and Li, Rui and Chen, Xu and Dai, Quanyu and Zhu, Jieming and Dong, Zhenhua and Wen, Ji-Rong},
  journal={arXiv preprint arXiv:2404.13501},
  year={2024}
}


@inproceedings{pang2024self,
  title={Self-alignment of large language models via multi-agent social simulation},
  author={Pang, Xianghe and Tang, Shuo and Ye, Rui and Xiong, Yuxin and Zhang, Bolun and Wang, Yanfeng and Chen, Siheng},
  booktitle={ICLR 2024 Workshop on Large Language Model (LLM) Agents},
  year={2024}
}

@article{liu2023training,
  title={Training socially aligned language models on simulated social interactions},
  author={Liu, Ruibo and Yang, Ruixin and Jia, Chenyan and Zhang, Ge and Zhou, Denny and Dai, Andrew M and Yang, Diyi and Vosoughi, Soroush},
  journal={arXiv preprint arXiv:2305.16960},
  year={2023}
}
@inproceedings{romero2011differences,
  title={Differences in the mechanics of information diffusion across topics: idioms, political hashtags, and complex contagion on twitter},
  author={Romero, Daniel M and Meeder, Brendan and Kleinberg, Jon},
  booktitle={Proceedings of the 20th international conference on World wide web},
  pages={695--704},
  year={2011}
}
@article{brady2017emotion,
  title={Emotion shapes the diffusion of moralized content in social networks},
  author={Brady, William J and Wills, Julian A and Jost, John T and Tucker, Joshua A and Van Bavel, Jay J},
  journal={Proceedings of the National Academy of Sciences},
  volume={114},
  number={28},
  pages={7313--7318},
  year={2017},
  publisher={National Acad Sciences}
}

% Urban Space
@inproceedings{behrisch2011sumo,
  title        = {SUMO--simulation of urban mobility: an overview},
  author       = {Behrisch, Michael and Bieker, Laura and Erdmann, Jakob and Krajzewicz, Daniel},
  booktitle    = {Proceedings of SIMUL 2011, The Third International Conference on Advances in System Simulation},
  year         = {2011},
  organization = {ThinkMind}
}
@inproceedings{zhang2019cityflow,
  title={Cityflow: A multi-agent reinforcement learning environment for large scale city traffic scenario},
  author={Zhang, Huichu and Feng, Siyuan and Liu, Chang and Ding, Yaoyao and Zhu, Yichen and Zhou, Zihan and Zhang, Weinan and Yu, Yong and Jin, Haiming and Li, Zhenhui},
  booktitle={The world wide web conference},
  pages={3620--3624},
  year={2019}
}
@article{treiber2000congested,
  title={Congested traffic states in empirical observations and microscopic simulations},
  author={Treiber, Martin and Hennecke, Ansgar and Helbing, Dirk},
  journal={Physical review E},
  volume={62},
  number={2},
  pages={1805},
  year={2000},
  publisher={APS}
}
@article{feng2021intelligent,
  title={Intelligent driving intelligence test for autonomous vehicles with naturalistic and adversarial environment},
  author={Feng, Shuo and Yan, Xintao and Sun, Haowei and Feng, Yiheng and Liu, Henry X},
  journal={Nature communications},
  volume={12},
  number={1},
  pages={748},
  year={2021},
  publisher={Nature Publishing Group UK London}
}
@article{kesting2007general,
  title={General lane-changing model MOBIL for car-following models},
  author={Kesting, Arne and Treiber, Martin and Helbing, Dirk},
  journal={Transportation Research Record},
  volume={1999},
  number={1},
  pages={86--94},
  year={2007},
  publisher={SAGE Publications Sage CA: Los Angeles, CA}
}

@article{ashokkumar2024predicting,
  title={Predicting results of social science experiments using large language models},
  author={Ashokkumar, Ashwini and Hewitt, Luke and Ghezae, Isaias and Willer, Robb},
  journal={Work. Pap., New York Univ., New York, NY},
  year={2024}
}

@article{argyle2023out,
  title={Out of one, many: Using language models to simulate human samples},
  author={Argyle, Lisa P and Busby, Ethan C and Fulda, Nancy and Gubler, Joshua R and Rytting, Christopher and Wingate, David},
  journal={Political Analysis},
  volume={31},
  number={3},
  pages={337--351},
  year={2023},
  publisher={Cambridge University Press}
}

@article{sarstedt2024using,
  title={Using large language models to generate silicon samples in consumer and marketing research: Challenges, opportunities, and guidelines},
  author={Sarstedt, Marko and Adler, Susanne J and Rau, Lea and Schmitt, Bernd},
  journal={Psychology \& Marketing},
  volume={41},
  number={6},
  pages={1254--1270},
  year={2024},
  publisher={Wiley Online Library}
}

@article{sun2024random,
  title={Random Silicon Sampling: Simulating Human Sub-Population Opinion Using a Large Language Model Based on Group-Level Demographic Information},
  author={Sun, Seungjong and Lee, Eungu and Nan, Dongyan and Zhao, Xiangying and Lee, Wonbyung and Jansen, Bernard J and Kim, Jang Hyun},
  journal={arXiv preprint arXiv:2402.18144},
  year={2024}
}


@article{demszky2023using,
  title={Using large language models in psychology},
  author={Demszky, Dorottya and Yang, Diyi and Yeager, David S and Bryan, Christopher J and Clapper, Margarett and Chandhok, Susannah and Eichstaedt, Johannes C and Hecht, Cameron and Jamieson, Jeremy and Johnson, Meghann and others},
  journal={Nature Reviews Psychology},
  volume={2},
  number={11},
  pages={688--701},
  year={2023},
  publisher={Nature Publishing Group US New York}
}


@article{piao2023human,
  title={Human--AI adaptive dynamics drives the emergence of information cocoons},
  author={Piao, Jinghua and Liu, Jiazhen and Zhang, Fang and Su, Jun and Li, Yong},
  journal={Nature Machine Intelligence},
  volume={5},
  number={11},
  pages={1214--1224},
  year={2023},
  publisher={Nature Publishing Group UK London}
}