@inproceedings{anastassacos2020partner,
  title={Partner selection for the emergence of cooperation in multi-agent systems using reinforcement learning},
  author={Anastassacos, Nicolas and Hailes, Stephen and Musolesi, Mirco},
  booktitle={Proceedings of the AAAI Conference on Artificial Intelligence},
  volume={34},
  number={05},
  pages={7047--7054},
  year={2020}
}

@inproceedings{anastassacos2021cooperation,
author = {Anastassacos, Nicolas and Garc\'{\i}a, Julian and Hailes, Stephen and Musolesi, Mirco},
title = {Cooperation and Reputation Dynamics with Reinforcement Learning},
year = {2021},
address = {Richland, SC},
booktitle = {Proceedings of the 20th International Conference on Autonomous Agents and MultiAgent Systems},
pages = {115–123},
numpages = {9},
series = {AAMAS '21}
}

@article{du2023review,
  title={A Review of Cooperation in Multi-Agent Learning},
  author={Du, Yali and Leibo, Joel Z and Islam, Usman and Willis, Richard and Sunehag, Peter},
  journal={arXiv preprint arXiv:2312.05162},
  year={2023}
}

@inproceedings{foerster2018learning,
author = {Foerster, Jakob and Chen, Richard Y. and Al-Shedivat, Maruan and Whiteson, Shimon and Abbeel, Pieter and Mordatch, Igor},
title = {Learning with Opponent-Learning Awareness},
year = {2018},
address = {Richland, SC},
booktitle = {Proceedings of the 17th International Conference on Autonomous Agents and MultiAgent Systems},
pages = {122–130},
numpages = {9},
series = {AAMAS '18}
}

@article{haynes2017engineering,
  title={Engineering the Emergence of Norms: A Review},
  author={Haynes, Chris and Luck, Michael and McBurney, Peter and Mahmoud, Samhar and V{\'\i}tek, Tom{\'a}{\v{s}} and Miles, Simon},
  journal={The Knowledge Engineering Review},
  volume={32},
  pages={e18},
  year={2017},
  publisher={Cambridge University Press}
}

@article{hughes2018inequity,
  title={Inequity Aversion Improves Cooperation in Intertemporal Social Dilemmas},
  author={Hughes, Edward and Leibo, Joel Z and Phillips, Matthew and Tuyls, Karl and Due{\~n}ez-Guzman, Edgar and Garc{\'\i}a Casta{\~n}eda, Antonio and Dunning, Iain and Zhu, Tina and McKee, Kevin and Koster, Raphael and others},
  journal={Advances in Neural Information Processing Systems},
  volume={31},
  year={2018}
}

@inproceedings{leibo2017multi,
author = {Leibo, Joel Z. and Zambaldi, Vinicius and Lanctot, Marc and Marecki, Janusz and Graepel, Thore},
title = {Multi-agent Reinforcement Learning in Sequential Social Dilemmas},
year = {2017},
address = {Richland, SC},
booktitle = {Proceedings of the 16th Conference on Autonomous Agents and MultiAgent Systems},
pages = {464–473},
numpages = {10},
series = {AAMAS '17}
}

@inproceedings{lowe2017multi,
author = {Lowe, Ryan and Wu, Yi and Tamar, Aviv and Harb, Jean and Abbeel, Pieter and Mordatch, Igor},
title = {Multi-Agent Actor-Critic for Mixed Cooperative-Competitive Environments},
year = {2017},
address = {Red Hook, NY, USA},
booktitle = {Proceedings of the 31st International Conference on Neural Information Processing Systems},
pages = {6382–6393},
numpages = {12},
series = {NIPS'17}
}

@article{mckee2021multi,
  title={A Multi-Agent Reinforcement Learning Model of Reputation and Cooperation in Human Groups},
  author={McKee, Kevin R and Hughes, Edward and Zhu, Tina O and Chadwick, Martin J and Koster, Raphael and Castaneda, Antonio Garcia and Beattie, Charlie and Graepel, Thore and Botvinick, Matt and Leibo, Joel Z},
  journal={arXiv preprint arXiv:2103.04982},
  year={2021}
}

@article{nowak2005evolution,
  title={Evolution of Indirect Reciprocity},
  author={Nowak, Martin A and Sigmund, Karl},
  journal={Nature},
  volume={437},
  number={7063},
  pages={1291--1298},
  year={2005},
  publisher={Nature Publishing Group UK London}
}

@article{ohtsuki2004should,
  title={How Should We Define Goodness? —Reputation Dynamics in Indirect Reciprocity},
  author={Ohtsuki, Hisashi and Iwasa, Yoh},
  journal={Journal of Theoretical Biology},
  volume={231},
  number={1},
  pages={107--120},
  year={2004},
  publisher={Elsevier}
}

@inproceedings{oldenburg2024learning,
author = {Oldenburg, Ninell and Zhi-Xuan, Tan},
title = {Learning and Sustaining Shared Normative Systems via Bayesian Rule Induction in Markov Games},
year = {2024},
address = {Richland, SC},
booktitle = {Proceedings of the 23rd International Conference on Autonomous Agents and Multiagent Systems},
pages = {1510–1520},
numpages = {11},
series = {AAMAS '24}
}

@article{santos2016social,
  title={Social Norms of Cooperation in Small-Scale Societies},
  author={Santos, Fernando P and Santos, Francisco C and Pacheco, Jorge M},
  journal={PLOS Computational Biology},
  volume={12},
  number={1},
  pages={1-13},
  year={2016},
  publisher={Public Library of Science San Francisco, CA USA}
}

@article{savarimuthu2011norm,
  title={Norm Creation, Spreading and Emergence: A Survey of Simulation Models of Norms in Multi-Agent Systems},
  author={Savarimuthu, Bastin Tony Roy and Cranefield, Stephen},
  journal={Multiagent and Grid Systems},
  volume={7},
  number={1},
  pages={21--54},
  year={2011},
  publisher={IOS Press}
}

@inproceedings{smit2024learning,
  title     = {Learning Fair Cooperation in Mixed-Motive Games with Indirect Reciprocity},
  author    = {Smit, Martin and Santos, Fernando P.},
  booktitle = {Proceedings of the Thirty-Third International Joint Conference on Artificial Intelligence},
  series = {IJCAI '24},
  pages     = {220--228},
  year      = {2024},
  month     = {8}
}

@inproceedings{son2019qtran,
  title={QTRAN: Learning to Factorize with Transformation for Cooperative Multi-Agent Reinforcement Learning},
  author={Son, Kyunghwan and Kim, Daewoo and Kang, Wan Ju and Hostallero, David Earl and Yi, Yung},
  booktitle = {Proceedings of the 33rd International Conference on International Conference on Machine Learning - Volume 97},
  pages={5887--5896},
  year={2019},
  organization={ICML '19}
}

@inproceedings{sunehag2018value,
author = {Sunehag, Peter and Lever, Guy and Gruslys, Audrunas and Czarnecki, Wojciech Marian and Zambaldi, Vinicius and Jaderberg, Max and Lanctot, Marc and Sonnerat, Nicolas and Leibo, Joel Z. and Tuyls, Karl and Graepel, Thore},
title = {Value-Decomposition Networks for Cooperative Multi-Agent Learning Based on Team Reward},
year = {2018},
address = {Richland, SC},
booktitle = {Proceedings of the 17th International Conference on Autonomous Agents and MultiAgent Systems},
pages = {2085–2087},
numpages = {3},
series = {AAMAS '18}
}

@article{van2013psychology,
  title={The Psychology of Social Dilemmas: A Review},
  author={Van Lange, Paul AM and Joireman, Jeff and Parks, Craig D and Van Dijk, Eric},
  journal={Organizational Behavior and Human Decision Processes},
  volume={120},
  number={2},
  pages={125--141},
  year={2013},
  publisher={Elsevier}
}

@article{vinitsky2023learning,
  title={A Learning Agent that Acquires Social Norms from Public Sanctions in Decentralized Multi-Agent Settings},
  author={Vinitsky, Eugene and K{\"o}ster, Raphael and Agapiou, John P and Du{\'e}{\~n}ez-Guzm{\'a}n, Edgar A and Vezhnevets, Alexander S and Leibo, Joel Z},
  journal={Collective Intelligence},
  volume={2},
  number={2},
  pages={26339137231162025},
  year={2023},
}

@inproceedings{xu2019cooperation,
author = {Xu, Jason and Garc\'{\i}a, Julian and Handfield, Toby},
title = {Cooperation with Bottom-up Reputation Dynamics},
year = {2019},
address = {Richland, SC},
booktitle = {Proceedings of the 18th International Conference on Autonomous Agents and MultiAgent Systems},
pages = {269–276},
numpages = {8},
series = {AAMAS '19}
}

@inproceedings{yang2020learning,
author = {Yang, Jiachen and Li, Ang and Farajtabar, Mehrdad and Sunehag, Peter and Hughes, Edward and Zha, Hongyuan},
title = {Learning to Incentivize Other Learning Agents},
year = {2020},
address = {Red Hook, NY, USA},
booktitle = {Proceedings of the 34th International Conference on Neural Information Processing Systems},
articleno = {1275},
numpages = {12},
series = {NIPS '20}
}

@inproceedings{yu2022surprising,
author = {Yu, Chao and Velu, Akash and Vinitsky, Eugene and Gao, Jiaxuan and Wang, Yu and Bayen, Alexandre and Wu, Yi},
title = {The Surprising Effectiveness of PPO in Cooperative Multi-Agent Games},
year = {2022},
address = {Red Hook, NY, USA},
booktitle = {Proceedings of the 36th International Conference on Neural Information Processing Systems},
pages={24611--24624},
volume = {35},
numpages = {14},
series = {NIPS '22}
}

