
@article{zheng2022ai,
  title={The AI Economist: Taxation Policy Design via Two-Level Deep Multiagent Reinforcement Learning},
  author={Zheng, Stephan and Trott, Alexander and Srinivasa, Sunil and Parkes, David C and Socher, Richard},
  journal={Science Advances},
  volume={8},
  number={18},
  pages={eabk2607},
  year={2022}
}

@article{sigmund2010social,
  title={Social Learning Promotes Institutions for Governing the Commons},
  author={Sigmund, Karl and De Silva, Hannelore and Traulsen, Arne and Hauert, Christoph},
  journal={Nature},
  volume={466},
  number={7308},
  pages={861--863},
  year={2010}
}

@article{macy2002learning,
  title={Learning Dynamics in Social Dilemmas},
  author={Michael W. Macy and Andreas Flache},
  journal={Proceedings of the National Academy of Sciences},
  volume={99},
  number={suppl\_3},
  pages={7229--7236},
  year={2002},
  publisher={National Acad Sciences},
}

@incollection{littman1994markov,
  title={Markov Games as A Framework for Multi-Agent Reinforcement Learning},
  author = {Michael L. Littman},
  booktitle={Machine Learning Proceedings 1994},
  pages={157--163},
  year={1994},
  publisher={Elsevier}
}

@article{santos2006evolutionary,
  title={Evolutionary Dynamics of Social Dilemmas in Structured Heterogeneous Populations},
  author={Santos, Francisco C and Pacheco, Jorge M and Lenaerts, Tom},
  journal={Proceedings of the National Academy of Sciences},
  volume={103},
  number={9},
  pages={3490--3494},
  year={2006},
  publisher={National Acad Sciences}
}

@article{nowak2005evolution,
  title={Evolution of Indirect Reciprocity},
  author={Nowak, Martin A and Sigmund, Karl},
  journal={Nature},
  volume={437},
  number={7063},
  pages={1291--1298},
  year={2005},
  publisher={Nature Publishing Group UK London}
}

@article{kawakatsu2024mechanistic,
  title={A Mechanistic Model of Gossip, Reputations, and Cooperation},
  author={Kawakatsu, Mari and Kessinger, Taylor A and Plotkin, Joshua B},
  journal={Proceedings of the National Academy of Sciences},
  volume={121},
  number={20},
  pages={e2400689121},
  year={2024},
  publisher={National Acad Sciences}
}

@article{ohtsuki2004should,
  title={How Should We Define Goodness? —Reputation Dynamics in Indirect Reciprocity},
  author={Ohtsuki, Hisashi and Iwasa, Yoh},
  journal={Journal of Theoretical Biology},
  volume={231},
  number={1},
  pages={107--120},
  year={2004},
  publisher={Elsevier}
}

@article{santos2016social,
  title={Social Norms of Cooperation in Small-Scale Societies},
  author={Santos, Fernando P and Santos, Francisco C and Pacheco, Jorge M},
  journal={PLOS Computational Biology},
  volume={12},
  number={1},
  pages={1-13},
  year={2016},
  publisher={Public Library of Science San Francisco, CA USA}
}

@inproceedings{anastassacos2021cooperation,
author = {Anastassacos, Nicolas and Garc\'{\i}a, Julian and Hailes, Stephen and Musolesi, Mirco},
title = {Cooperation and Reputation Dynamics with Reinforcement Learning},
year = {2021},
address = {Richland, SC},
booktitle = {Proceedings of the 20th International Conference on Autonomous Agents and MultiAgent Systems},
pages = {115–123},
numpages = {9},
series = {AAMAS '21}
}

@article{podder2021local,
  title={Local Reputation, Local Selection, and the Leading Eight Norms},
  author={Podder, Shirsendu and Righi, Simone and Tak{\'a}cs, K{\'a}roly},
  journal={Scientific Reports},
  volume={11},
  number={1},
  pages={16560},
  year={2021},
  publisher={Nature Publishing Group UK London}
}

@article{santos2018social,
  title={Social Norm Complexity and Past Reputations in the Evolution of Cooperation},
  author={Santos, Fernando P and Santos, Francisco C and Pacheco, Jorge M},
  journal={Nature},
  volume={555},
  number={7695},
  pages={242--245},
  year={2018},
  publisher={Nature Publishing Group}
}

@inproceedings{lowe2017multi,
author = {Lowe, Ryan and Wu, Yi and Tamar, Aviv and Harb, Jean and Abbeel, Pieter and Mordatch, Igor},
title = {Multi-Agent Actor-Critic for Mixed Cooperative-Competitive Environments},
year = {2017},
address = {Red Hook, NY, USA},
booktitle = {Proceedings of the 31st International Conference on Neural Information Processing Systems},
pages = {6382–6393},
numpages = {12},
series = {NIPS'17}
}

@article{savarimuthu2011norm,
  title={Norm Creation, Spreading and Emergence: A Survey of Simulation Models of Norms in Multi-Agent Systems},
  author={Savarimuthu, Bastin Tony Roy and Cranefield, Stephen},
  journal={Multiagent and Grid Systems},
  volume={7},
  number={1},
  pages={21--54},
  year={2011},
  publisher={IOS Press}
}

@article{haynes2017engineering,
  title={Engineering the Emergence of Norms: A Review},
  author={Haynes, Chris and Luck, Michael and McBurney, Peter and Mahmoud, Samhar and V{\'\i}tek, Tom{\'a}{\v{s}} and Miles, Simon},
  journal={The Knowledge Engineering Review},
  volume={32},
  pages={e18},
  year={2017},
  publisher={Cambridge University Press}
}

@inproceedings{smit2024learning,
  title     = {Learning Fair Cooperation in Mixed-Motive Games with Indirect Reciprocity},
  author    = {Smit, Martin and Santos, Fernando P.},
  booktitle = {Proceedings of the Thirty-Third International Joint Conference on Artificial Intelligence},
  series = {IJCAI '24},
  pages     = {220--228},
  year      = {2024},
  month     = {8}
}

@inproceedings{xu2019cooperation,
author = {Xu, Jason and Garc\'{\i}a, Julian and Handfield, Toby},
title = {Cooperation with Bottom-up Reputation Dynamics},
year = {2019},
address = {Richland, SC},
booktitle = {Proceedings of the 18th International Conference on Autonomous Agents and MultiAgent Systems},
pages = {269–276},
numpages = {8},
series = {AAMAS '19}
}

@article{mckee2023scaffolding,
  title={Scaffolding Cooperation in Human Groups with Deep Reinforcement Learning},
  author={McKee, Kevin R and Tacchetti, Andrea and Bakker, Michiel A and Balaguer, Jan and Campbell-Gillingham, Lucy and Everett, Richard and Botvinick, Matthew},
  journal={Nature Human Behaviour},
  volume={7},
  number={10},
  pages={1787--1796},
  year={2023},
  publisher={Nature Publishing Group UK London}
}

@article{mckee2021multi,
  title={A Multi-Agent Reinforcement Learning Model of Reputation and Cooperation in Human Groups},
  author={McKee, Kevin R and Hughes, Edward and Zhu, Tina O and Chadwick, Martin J and Koster, Raphael and Castaneda, Antonio Garcia and Beattie, Charlie and Graepel, Thore and Botvinick, Matt and Leibo, Joel Z},
  journal={arXiv preprint arXiv:2103.04982},
  year={2021}
}

@article{vinitsky2023learning,
  title={A Learning Agent that Acquires Social Norms from Public Sanctions in Decentralized Multi-Agent Settings},
  author={Vinitsky, Eugene and K{\"o}ster, Raphael and Agapiou, John P and Du{\'e}{\~n}ez-Guzm{\'a}n, Edgar A and Vezhnevets, Alexander S and Leibo, Joel Z},
  journal={Collective Intelligence},
  volume={2},
  number={2},
  pages={26339137231162025},
  year={2023},
}

@inproceedings{oldenburg2024learning,
author = {Oldenburg, Ninell and Zhi-Xuan, Tan},
title = {Learning and Sustaining Shared Normative Systems via Bayesian Rule Induction in Markov Games},
year = {2024},
address = {Richland, SC},
booktitle = {Proceedings of the 23rd International Conference on Autonomous Agents and Multiagent Systems},
pages = {1510–1520},
numpages = {11},
series = {AAMAS '24}
}

@inproceedings{liu2022sample,
author = {Liu, Qinghua and Szepesv\'{a}ri, Csaba and Jin, Chi},
title = {Sample-Efficient Reinforcement Learning of Partially Observable Markov Games},
year = {2022},
address = {Red Hook, NY, USA},
booktitle = {Proceedings of the 36th International Conference on Neural Information Processing Systems},
volume = {35},
pages = {18296--18308},
numpages = {13},
series = {NIPS '22}
}

@inproceedings{perolat2017multi,
author = {Perolat, Julien and Leibo, Joel Z. and Zambaldi, Vinicius and Beattie, Charles and Tuyls, Karl and Graepel, Thore},
title = {A Multi-Agent Reinforcement Learning Model of Common-Pool Resource Appropriation},
year = {2017},
address = {Red Hook, NY, USA},
booktitle = {Proceedings of the 31st International Conference on Neural Information Processing Systems},
pages = {3646–3655},
numpages = {10},
series = {NIPS'17}
}

@inproceedings{sutton1999policy,
author = {Sutton, Richard S. and McAllester, David and Singh, Satinder and Mansour, Yishay},
title = {Policy Gradient Methods for Reinforcement Learning with Function Approximation},
year = {1999},
address = {Cambridge, MA, USA},
booktitle = {Proceedings of the 12th International Conference on Neural Information Processing Systems},
pages = {1057–1063},
numpages = {7},
series = {NIPS'99}
}

@article{williams1992simple,
  title={Simple Statistical Gradient-Following Algorithms for Connectionist Reinforcement Learning},
  author={Williams, Ronald J},
  journal={Machine learning},
  volume={8},
  pages={229--256},
  year={1992},
  publisher={Springer}
}

@article{schulman2017proximal,
  title={Proximal Policy Optimization Algorithms},
  author={Schulman, John and Wolski, Filip and Dhariwal, Prafulla and Radford, Alec and Klimov, Oleg},
  journal={arXiv preprint arXiv:1707.06347},
  year={2017}
}

@article{szabo2007evolutionary,
  title={Evolutionary Games on Graphs},
  author={Szab{\'o}, Gy{\"o}rgy and Fath, Gabor},
  journal={Physics Reports},
  volume={446},
  number={4-6},
  pages={97--216},
  year={2007},
  publisher={Elsevier}
}

@inproceedings{mniha16Asynchronous,
author = {Mnih, Volodymyr and Badia, Adri\`{a} Puigdom\`{e}nech and Mirza, Mehdi and Graves, Alex and Harley, Tim and Lillicrap, Timothy P. and Silver, David and Kavukcuoglu, Koray},
title = {Asynchronous Methods for Deep Reinforcement Learning},
year = {2016},
booktitle = {Proceedings of the 33rd International Conference on International Conference on Machine Learning - Volume 48},
pages = {1928–1937},
numpages = {10},
series = {ICML'16}
}

@inproceedings{yang2020learning,
author = {Yang, Jiachen and Li, Ang and Farajtabar, Mehrdad and Sunehag, Peter and Hughes, Edward and Zha, Hongyuan},
title = {Learning to Incentivize Other Learning Agents},
year = {2020},
address = {Red Hook, NY, USA},
booktitle = {Proceedings of the 34th International Conference on Neural Information Processing Systems},
articleno = {1275},
numpages = {12},
series = {NIPS '20}
}

@inproceedings{sutton1992adapting,
author = {Sutton, Richard S.},
title = {Adapting Bias by Gradient Descent: An Incremental Version of Delta-Bar-Delta},
year = {1992},
volume={92},
booktitle = {Proceedings of the Tenth National Conference on Artificial Intelligence},
pages = {171–176},
numpages = {6},
series = {AAAI'92}
}

@inproceedings{haarnoja2017reinforcement,
author = {Haarnoja, Tuomas and Tang, Haoran and Abbeel, Pieter and Levine, Sergey},
title = {Reinforcement Learning with Deep Energy-based Policies},
year = {2017},
booktitle = {Proceedings of the 34th International Conference on Machine Learning - Volume 70},
pages = {1352–1361},
numpages = {10},
series = {ICML'17}
}

@inproceedings{Schulmanetal2016High,
    title = {High-Dimensional Continuous Control Using Generalized Advantage Estimation},
    author = {John Schulman and Philipp Moritz and Sergey Levine and Michael Jordan and Pieter Abbeel},
    booktitle = {Proceedings of the International Conference on Learning Representations (ICLR)},
    year = {2016}
}

@inproceedings{kingma2014adam,
    title={Adam: A method for Stochastic Optimization},
    author={Kingma, Diederik P},
    booktitle = {Proceedings of the International Conference on Learning Representations (ICLR)},
    year = {2015}
}

@article{du2023review,
  title={A Review of Cooperation in Multi-Agent Learning},
  author={Du, Yali and Leibo, Joel Z and Islam, Usman and Willis, Richard and Sunehag, Peter},
  journal={arXiv preprint arXiv:2312.05162},
  year={2023}
}

@article{fatima2024learning,
  title={Learning to Resolve Social Dilemmas: A Survey},
  author={Fatima, Shaheen and Jennings, Nicholas R and Wooldridge, Michael},
  journal={Journal of Artificial Intelligence Research},
  volume={79},
  pages={895--969},
  year={2024}
}

@article{van2013psychology,
  title={The Psychology of Social Dilemmas: A Review},
  author={Van Lange, Paul AM and Joireman, Jeff and Parks, Craig D and Van Dijk, Eric},
  journal={Organizational Behavior and Human Decision Processes},
  volume={120},
  number={2},
  pages={125--141},
  year={2013},
  publisher={Elsevier}
}

@incollection{liang2022federated,
  title={Federated Transfer Reinforcement Learning for Autonomous Driving},
  author={Liang, Xinle and Liu, Yang and Chen, Tianjian and Liu, Ming and Yang, Qiang},
  booktitle={Federated and Transfer Learning},
  pages={357--371},
  year={2022},
  publisher={Springer}
}

@article{nowak2006five,
  title={Five Rules for the Evolution of Cooperation},
  author={Nowak, Martin A},
  journal={Science},
  volume={314},
  number={5805},
  pages={1560--1563},
  year={2006}
}

@inproceedings{conitzer2023foundations,
  author = {Conitzer, Vincent and Oesterheld, Caspar},
  title = {Foundations of Cooperative AI},
  year = {2023},
  booktitle = {Proceedings of the Thirty-Seventh AAAI Conference on Artificial Intelligence and Thirty-Fifth Conference on Innovative Applications of Artificial Intelligence and Thirteenth Symposium on Educational Advances in Artificial Intelligence},
  volume={37},
  number={13},
  pages={15359--15367},
  numpages = {9},
  series = {AAAI'23/IAAI'23/EAAI'23}
}

@inproceedings{leibo2017multi,
author = {Leibo, Joel Z. and Zambaldi, Vinicius and Lanctot, Marc and Marecki, Janusz and Graepel, Thore},
title = {Multi-agent Reinforcement Learning in Sequential Social Dilemmas},
year = {2017},
address = {Richland, SC},
booktitle = {Proceedings of the 16th Conference on Autonomous Agents and MultiAgent Systems},
pages = {464–473},
numpages = {10},
series = {AAMAS '17}
}

@inproceedings{son2019qtran,
  title={QTRAN: Learning to Factorize with Transformation for Cooperative Multi-Agent Reinforcement Learning},
  author={Son, Kyunghwan and Kim, Daewoo and Kang, Wan Ju and Hostallero, David Earl and Yi, Yung},
  booktitle = {Proceedings of the 33rd International Conference on International Conference on Machine Learning - Volume 97},
  pages={5887--5896},
  year={2019},
  organization={ICML '19}
}

@inproceedings{sunehag2018value,
author = {Sunehag, Peter and Lever, Guy and Gruslys, Audrunas and Czarnecki, Wojciech Marian and Zambaldi, Vinicius and Jaderberg, Max and Lanctot, Marc and Sonnerat, Nicolas and Leibo, Joel Z. and Tuyls, Karl and Graepel, Thore},
title = {Value-Decomposition Networks for Cooperative Multi-Agent Learning Based on Team Reward},
year = {2018},
address = {Richland, SC},
booktitle = {Proceedings of the 17th International Conference on Autonomous Agents and MultiAgent Systems},
pages = {2085–2087},
numpages = {3},
series = {AAMAS '18}
}

@inproceedings{yu2022surprising,
author = {Yu, Chao and Velu, Akash and Vinitsky, Eugene and Gao, Jiaxuan and Wang, Yu and Bayen, Alexandre and Wu, Yi},
title = {The Surprising Effectiveness of PPO in Cooperative Multi-Agent Games},
year = {2022},
address = {Red Hook, NY, USA},
booktitle = {Proceedings of the 36th International Conference on Neural Information Processing Systems},
pages={24611--24624},
volume = {35},
numpages = {14},
series = {NIPS '22}
}

@inproceedings{tennant2023modeling,
author = {Tennant, Elizaveta and Hailes, Stephen and Musolesi, Mirco},
title = {Modeling Moral Choices in Social Dilemmas with Multi-Agent Reinforcement Learning},
year = {2023},
booktitle = {Proceedings of the Thirty-Second International Joint Conference on Artificial Intelligence},
pages={317--325},
numpages = {9},
series = {IJCAI '23}
}

@article{koster2022spurious,
  title={Spurious Normativity Enhances Learning of Compliance and Enforcement Behavior in Artificial Agents},
  author={K{\"o}ster, Raphael and Hadfield-Menell, Dylan and Everett, Richard and Weidinger, Laura and Hadfield, Gillian K and Leibo, Joel Z},
  journal={Proceedings of the National Academy of Sciences},
  volume={119},
  number={3},
  pages={e2106028118},
  year={2022}
}

@inproceedings{ren2024enhancing,
  title     = {Enhancing Cooperation through Selective Interaction and Long-term Experiences in Multi-Agent Reinforcement Learning},
  author    = {Ren, Tianyu and Zeng, Xiao-Jun},
  booktitle = {Proceedings of the Thirty-Third International Joint Conference on Artificial Intelligence},
  series = {IJCAI '24},
  pages     = {193--201},
  year      = {2024},
  month     = {8}
}


@article{wang2013insight,
  title={Insight into the So-Called Spatial Reciprocity},
  author={Wang, Zhen and Kokubo, Satoshi and Tanimoto, Jun and Fukuda, Eriko and Shigaki, Keizo},
  journal={Physical Review E},
  volume={88},
  number={4},
  pages={042145},
  year={2013},
  publisher={APS}
}

@article{ren2023reputation,
  title={Reputation-Based Interaction Promotes Cooperation with Reinforcement Learning},
  author={Ren, Tianyu and Zeng, Xiao-Jun},
  journal={IEEE Transactions on Evolutionary Computation},
  year={2023},
  volume={28},
  number={1177--1188},
  pages={042145},
  publisher={IEEE}
}

@article{szolnoki2017alliance,
  title={Alliance Formation with Exclusion in the Spatial Public Goods Game},
  author={Szolnoki, Attila and Chen, Xiaojie},
  journal={Physical Review E},
  volume={95},
  number={5},
  pages={052316},
  year={2017},
  publisher={APS}
}

@inproceedings{foerster2018learning,
author = {Foerster, Jakob and Chen, Richard Y. and Al-Shedivat, Maruan and Whiteson, Shimon and Abbeel, Pieter and Mordatch, Igor},
title = {Learning with Opponent-Learning Awareness},
year = {2018},
address = {Richland, SC},
booktitle = {Proceedings of the 17th International Conference on Autonomous Agents and MultiAgent Systems},
pages = {122–130},
numpages = {9},
series = {AAMAS '18}
}

@article{hughes2018inequity,
  title={Inequity Aversion Improves Cooperation in Intertemporal Social Dilemmas},
  author={Hughes, Edward and Leibo, Joel Z and Phillips, Matthew and Tuyls, Karl and Due{\~n}ez-Guzman, Edgar and Garc{\'\i}a Casta{\~n}eda, Antonio and Dunning, Iain and Zhu, Tina and McKee, Kevin and Koster, Raphael and others},
  journal={Advances in Neural Information Processing Systems},
  volume={31},
  year={2018}
}

@article{santos2021complexity,
  title={The Complexity of Human Cooperation under Indirect Reciprocity},
  author={Santos, Fernando P and Pacheco, Jorge M and Santos, Francisco C},
  journal={Philosophical Transactions of the Royal Society B},
  volume={376},
  number={1838},
  pages={20200291},
  year={2021},
  publisher={The Royal Society}
}

@article{kessinger2023evolution,
  title={Evolution of Norms for Judging Social Behavior},
  author={Kessinger, Taylor A and Tarnita, Corina E and Plotkin, Joshua B},
  journal={Proceedings of the National Academy of Sciences},
  volume={120},
  number={24},
  pages={e2219480120},
  year={2023},
  publisher={National Acad Sciences}
}

@article{wu2020comprehensive,
  title={A Comprehensive Survey on Graph Neural Networks},
  author={Wu, Zonghan and Pan, Shirui and Chen, Fengwen and Long, Guodong and Zhang, Chengqi and Philip, S Yu},
  journal={IEEE Transactions on Neural Networks and Learning Systems},
  volume={32},
  number={1},
  pages={4--24},
  year={2020},
  publisher={IEEE}
}

@inproceedings{leibo2021scalable,
  title={Scalable Evaluation of Multi-Agent Reinforcement Learning with Melting Pot},
  author={Leibo, Joel Z and Due{\~n}ez-Guzman, Edgar A and Vezhnevets, Alexander and Agapiou, John P and Sunehag, Peter and Koster, Raphael and Matyas, Jayd and Beattie, Charlie and Mordatch, Igor and Graepel, Thore},
  booktitle = {Proceedings of the 38th International Conference on International Conference on Machine Learning - Volume 139},
  pages={6187--6199},
  year={2021},
  series = {ICML'21}
}

@article{bettini2024benchmarl,
  title={Benchmarl: Benchmarking Multi-Agent Reinforcement Learning},
  author={Bettini, Matteo and Prorok, Amanda and Moens, Vincent},
  journal={Journal of Machine Learning Research},
  volume={25},
  number={217},
  pages={1--10},
  year={2024}
}

@article{van2012direct,
  title={Direct Reciprocity in Structured Populations},
  author={Van Veelen, Matthijs and Garc{\'\i}a, Juli{\'a}n and Rand, David G and Nowak, Martin A},
  journal={Proceedings of the National Academy of Sciences},
  volume={109},
  number={25},
  pages={9929--9934},
  year={2012},
  publisher={National Acad Sciences}
}

@inproceedings{anastassacos2020partner,
  title={Partner selection for the emergence of cooperation in multi-agent systems using reinforcement learning},
  author={Anastassacos, Nicolas and Hailes, Stephen and Musolesi, Mirco},
  booktitle={Proceedings of the AAAI Conference on Artificial Intelligence},
  volume={34},
  number={05},
  pages={7047--7054},
  year={2020}
}

@article{murase2024computational,
  title={Computational evolution of social norms in well-mixed and group-structured populations},
  author={Murase, Yohsuke and Hilbe, Christian},
  journal={Proceedings of the National Academy of Sciences},
  volume={121},
  number={33},
  pages={e2406885121},
  year={2024},
  publisher={National Academy of Sciences}
}

@article{ren2021evolutionary,
  title={Evolutionary dynamics in the spatial public goods game with tolerance-based expulsion and cooperation},
  author={Ren, Tianyu and Zheng, Junjun},
  journal={Chaos, Solitons \& Fractals},
  volume={151},
  pages={111241},
  year={2021},
  publisher={Elsevier}
}

@article{he2024temporal,
  title={Temporal interaction and its role in the evolution of cooperation},
  author={He, Yujie and Ren, Tianyu and Zeng, Xiao-Jun and Liang, Huawen and Yu, Liukai and Zheng, Junjun},
  journal={Physical Review E},
  volume={110},
  number={2},
  pages={024210},
  year={2024},
  publisher={APS}
}