@article{sima2023drivelm,
  title={Drivelm: Driving with graph visual question answering},
  author={Sima, Chonghao and Renz, Katrin and Chitta, Kashyap and Chen, Li and Zhang, Hanxue and Xie, Chengen and Luo, Ping and Geiger, Andreas and Li, Hongyang},
  journal={arXiv preprint arXiv:2312.14150},
  year={2023}
}

@article{pangakis2024knowledge,
  title={Knowledge Distillation in Automated Annotation: Supervised Text Classification with LLM-Generated Training Labels},
  author={Pangakis, Nicholas and Wolken, Samuel},
  journal={arXiv preprint arXiv:2406.17633},
  year={2024}
}

@article{wu2023next,
  title={Next-gpt: Any-to-any multimodal llm},
  author={Wu, Shengqiong and Fei, Hao and Qu, Leigang and Ji, Wei and Chua, Tat-Seng},
  journal={arXiv preprint arXiv:2309.05519},
  year={2023}
}

@article{wang2024internvideo2,
  title={Internvideo2: Scaling video foundation models for multimodal video understanding},
  author={Wang, Yi and Li, Kunchang and Li, Xinhao and Yu, Jiashuo and He, Yinan and Chen, Guo and Pei, Baoqi and Zheng, Rongkun and Xu, Jilan and Wang, Zun and others},
  journal={arXiv preprint arXiv:2403.15377},
  year={2024}
}

@article{mitchell2023debate,
  title={The debate over understanding in AIâ€™s large language models},
  author={Mitchell, Melanie and Krakauer, David C},
  journal={Proceedings of the National Academy of Sciences},
  volume={120},
  number={13},
  pages={e2215907120},
  year={2023},
  publisher={National Acad Sciences}
}

@article{sleeman2022multimodal,
  title={Multimodal classification: Current landscape, taxonomy and future directions},
  author={Sleeman IV, William C and Kapoor, Rishabh and Ghosh, Preetam},
  journal={ACM Computing Surveys},
  volume={55},
  number={7},
  pages={1--31},
  year={2022},
  publisher={ACM New York, NY}
}

@misc{openai,
      author={OpenAI},
      title={OpenAI Official API Documentation},
      url={https://openai.com/index/openai-api/}, 
      journal={OpenAI API},
      year={2025}}

@inproceedings{gongcontrastive,
  title={Contrastive Audio-Visual Masked Autoencoder},
  author={Gong, Yuan and Rouditchenko, Andrew and Liu, Alexander H and Harwath, David and Karlinsky, Leonid and Kuehne, Hilde and Glass, James R},
  booktitle={The Eleventh International Conference on Learning Representations}
}


@inproceedings{radford2021learning,
  title={Learning transferable visual models from natural language supervision},
  author={Radford, Alec and Kim, Jong Wook and Hallacy, Chris and Ramesh, Aditya and Goh, Gabriel and Agarwal, Sandhini and Sastry, Girish and Askell, Amanda and Mishkin, Pamela and Clark, Jack and others},
  booktitle={International conference on machine learning},
  pages={8748--8763},
  year={2021},
  organization={PMLR}
}

@article{devlin2018bert,
  title={Bert: Pre-training of deep bidirectional transformers for language understanding},
  author={Devlin, Jacob},
  journal={arXiv preprint arXiv:1810.04805},
  year={2018}
}

@article{liu2019roberta,
  title={Roberta: A robustly optimized bert pretraining approach},
  author={Liu, Yinhan},
  journal={arXiv preprint arXiv:1907.11692},
  year={2019}
}

@inproceedings{he2016deep,
  title={Deep residual learning for image recognition},
  author={He, Kaiming and Zhang, Xiangyu and Ren, Shaoqing and Sun, Jian},
  booktitle={Proceedings of the IEEE conference on computer vision and pattern recognition},
  pages={770--778},
  year={2016}
}

@article{dosovitskiy2020image,
  title={An image is worth 16x16 words: Transformers for image recognition at scale},
  author={Dosovitskiy, Alexey},
  journal={arXiv preprint arXiv:2010.11929},
  year={2020}
}

@inproceedings{li2022grounded,
  title={Grounded language-image pre-training},
  author={Li, Liunian Harold and Zhang, Pengchuan and Zhang, Haotian and Yang, Jianwei and Li, Chunyuan and Zhong, Yiwu and Wang, Lijuan and Yuan, Lu and Zhang, Lei and Hwang, Jenq-Neng and others},
  booktitle={Proceedings of the IEEE/CVF Conference on Computer Vision and Pattern Recognition},
  pages={10965--10975},
  year={2022}
}

@article{alayrac2022flamingo,
  title={Flamingo: a visual language model for few-shot learning},
  author={Alayrac, Jean-Baptiste and Donahue, Jeff and Luc, Pauline and Miech, Antoine and Barr, Iain and Hasson, Yana and Lenc, Karel and Mensch, Arthur and Millican, Katherine and Reynolds, Malcolm and others},
  journal={Advances in neural information processing systems},
  volume={35},
  pages={23716--23736},
  year={2022}
}

@article{liu2024visual,
  title={Visual instruction tuning},
  author={Liu, Haotian and Li, Chunyuan and Wu, Qingyang and Lee, Yong Jae},
  journal={Advances in neural information processing systems},
  volume={36},
  year={2024}
}

@article{awadalla2023openflamingo,
  title={Openflamingo: An open-source framework for training large autoregressive vision-language models},
  author={Awadalla, Anas and Gao, Irena and Gardner, Josh and Hessel, Jack and Hanafy, Yusuf and Zhu, Wanrong and Marathe, Kalyani and Bitton, Yonatan and Gadre, Samir and Sagawa, Shiori and others},
  journal={arXiv preprint arXiv:2308.01390},
  year={2023}
}

@article{dai2023instructblip,
  title={Instructblip: Towards general-purpose vision-language models with instruction tuning. arxiv 2023},
  author={Dai, Wenliang and Li, Junnan and Li, D and Tiong, AMH and Zhao, J and Wang, W and Li, B and Fung, P and Hoi, S},
  journal={arXiv preprint arXiv:2305.06500},
  volume={2},
  year={2023}
}

@article{achiam2023gpt,
  title={Gpt-4 technical report},
  author={Achiam, Josh and Adler, Steven and Agarwal, Sandhini and Ahmad, Lama and Akkaya, Ilge and Aleman, Florencia Leoni and Almeida, Diogo and Altenschmidt, Janko and Altman, Sam and Anadkat, Shyamal and others},
  journal={arXiv preprint arXiv:2303.08774},
  year={2023}
}