@inproceedings{Dwork06,
  author       = {Cynthia Dwork},
  title        = {Differential Privacy},
  booktitle    = {Automata, Languages and Programming, 33rd International Colloquium,
                  {ICALP}},
  series       = {Lecture Notes in Computer Science},
  volume       = {4052},
  pages        = {1--12},
  publisher    = {Springer},
  doi          = { https://doi.org/10.1007/11787006_1},
  year         = {2006}}

@article{ref_1,
 title={ReluDiff: differential verification of deep neural networks},
 author={Brandon Paulsen and
                  Jingbo Wang and
                  Chao Wang},
 journal={In {ICSE}},
  url          = {https://doi.org/10.1145/3377811.3380337},
  doi          = {10.1145/3377811.3380337},
 year={ 2020 }
}

@article{ref_2,
 title={{NEURODIFF:} Scalable Differential Verification of Neural Networks
                  using Fine-Grained Approximation},
 author={Brandon Paulsen and
                  Jingbo Wang and
                  Jiawei Wang and
                  Chao Wang},
 journal={In {ASE}},
  url          = {https://doi.org/10.1145/3324884.3416560},
  doi          = {10.1145/3324884.3416560},
 year={ 2020 }
}

@article{ref_3,
 title={Incremental Verification of Neural Networks},
 author={Shubham Ugare and
                  Debangshu Banerjee and
                  Sasa Misailovic and
                  Gagandeep Singh},
 journal={In {PLDI}},
  url          = {https://doi.org/10.1145/3591299},
  doi          = {10.1145/3591299},
 year={ 2023 }
}

@article{ref_4,
 title={Proof transfer for fast certification of multiple approximate neural networks},
 author={Shubham Ugare and
                  Gagandeep Singh and
                  Sasa Misailovic},
 journal={In {OOPSLA1}},
  url          = {https://doi.org/10.1145/3527319},
  doi          = {10.1145/3527319},
 year={ 2022 }
}

@article{ref_5,
 title={Efficient Global Robustness Certification of Neural Networks via Interleaving
               Twin-Network Encoding},
 author={Zhilu Wang and
               Chao Huang and
               Qi Zhu},
 journal={In {{DATE} 2022}},
  url          = {https://doi.org/10.23919/DATE54114.2022.9774719},
  doi          = {10.23919/DATE54114.2022.9774719},
 year={ 2022 }
}

@article{ref_6,
 title={A Tool for Neural Network Global Robustness Certification and Training},
 author={Zhilu Wang and
               Yixuan Wang and
               Feisi Fu and
               Ruochen Jiao and
               Chao Huang and
               Wenchao Li and
               Qi Zhu},
 journal={In {{https://doi.org/10.48550/arXiv.2208.07289} 2022}},
  url          = {https://doi.org/10.48550/arXiv.2208.07289},
  doi          = {10.48550/ARXIV.2208.07289},
 year={ 2022 }
}

@article{ref_7,
 title={Verification of Neural Networksâ€™ Global Robustness},
 author={Anan Kabaha and Dana Drachsler-Cohen},
 journal={In {OOPSLA1}},
  url          = {https://doi.org/10.1145/3649847},
  doi          = {10.1145/3649847},
 year={ 2024 }
}

@article{ref_8,
 title={Verification of Neural Networks' Local Differential Classification
                  Privacy},
 author={Roie Reshef and
                  Anan Kabaha and
                  Olga Seleznova and
                  Dana Drachsler{-}Cohen},
 journal={In {VMCAI}},
  url          = {https://doi.org/10.1007/978-3-031-50521-8\_5},
  doi          = {10.1007/978-3-031-50521-8\_5},
 year={ 2024 }
}

@article{ref_9,
 title={DeepAbstract: Neural Network Abstraction for Accelerating Verification},
 author={Pranav Ashok and
                  Vahid Hashemi and
                  Jan Kret{\'{\i}}nsk{\'{y}} and
                  Stefanie Mohr},
 journal={In {ATVA}},
  url          = {https://doi.org/10.1007/978-3-030-59152-6\_5},
  doi          = {10.1007/978-3-030-59152-6\_5},
 year={ 2020 }
}

@article{ref_10,
 title={Abstraction and Refinement: Towards Scalable and Exact Verification
                  of Neural Networks},
 author={Jiaxiang Liu and
                  Yunhan Xing and
                  Xiaomu Shi and
                  Fu Song and
                  Zhiwu Xu and
                  Zhong Ming},
 journal={In {ACM} Trans. Softw. Eng. Methodol.},
  url          = {https://doi.org/10.1145/3644387},
  doi          = {10.1145/3644387},
   year={ 2024 }
}

@article{ref_11,
 title={DeepSafe: {A} Data-Driven Approach for Assessing Robustness of Neural
                  Networks},
 author={Divya Gopinath and
                  Guy Katz and
                  Corina S. Pasareanu and
                  Clark W. Barrett},
 journal={In {ATVA}},
  url          = {https://doi.org/10.1007/978-3-030-01090-4\_1},
  doi          = {10.1007/978-3-030-01090-4\_1},
 year={ 2018 }
}

@article{ref_12,
 title={Membership Leakage in Label-Only Exposures},
 author={Zheng Li and
                  Yang Zhang},
 journal={In {CCS}},
  url          = {https://doi.org/10.1145/3460120.3484575},
  doi          = {10.1145/3460120.3484575},
 year={ 2021 }
}

@article{ref_13,
 title={Label-Only Membership Inference Attacks},
 author={Christopher A. Choquette{-}Choo and
                  Florian Tram{\`{e}}r and
                  Nicholas Carlini and
                  Nicolas Papernot},
 journal={In {ICML}},
 year={ 2021 }
}

@article{ref_14,
 title={Label-Only Model Inversion Attacks via Boundary Repulsion},
 author={Mostafa Kahla and
                  Si Chen and
                  Hoang Anh Just and
                  Ruoxi Jia},
 journal={In {CVPR}},
  url          = {https://doi.org/10.1109/CVPR52688.2022.01462},
  doi          = {10.1109/CVPR52688.2022.01462},
 year={ 2022 }
}

@article{ref_15,
 title={DP-Sniper: Black-Box Discovery of Differential Privacy Violations
                  using Classifiers},
 author={Benjamin Bichsel and
                  Samuel Steffen and
                  Ilija Bogunovic and
                  Martin T. Vechev},
 journal={In {SP}},
  url          = {https://doi.org/10.1109/SP40001.2021.00081},
  doi          = {10.1109/SP40001.2021.00081},
 year={ 2021 }
}

@article{ref_16,
 title={Towards Privacy-Preserving Neural Architecture Search},
 author={Fuyi Wang and
                  Leo Yu Zhang and
                  Lei Pan and
                  Shengshan Hu and
                  Robin Doss},
 journal={In {ISCC}},
  url          = {https://doi.org/10.1109/ISCC55528.2022.9913012},
  doi          = {10.1109/ISCC55528.2022.9913012},
 year={ 2022 }
}

@article{ref_17,
 title={{DPNAS:} Neural Architecture Search for Deep Learning with Differential
                  Privacy},
 author={Anda Cheng and
                  Jiaxing Wang and
                  Xi Sheryl Zhang and
                  Qiang Chen and
                  Peisong Wang and
                  Jian Cheng},
 journal={In {AAAI}},
  url          = {https://doi.org/10.1609/aaai.v36i6.20586},
  doi          = {10.1609/AAAI.V36I6.20586},
 year={ 2022 }
}

@article{ref_18,
 title={{LOGAN:} Membership Inference Attacks Against Generative Models },
 author={Jamie Hayes and
                  Luca Melis and
                  George Danezis and
                  Emiliano De Cristofaro},
 journal={In {Proc. Priv. Enhancing Technol.}},
  url          = {https://doi.org/10.2478/popets-2019-0008},
  doi          = {10.2478/POPETS-2019-0008},
 year={ 2019 }
}

@article{ref_19,
 title={Exploiting Unintended Feature Leakage in Collaborative Learning},
 author={Luca Melis and
                  Congzheng Song and
                  Emiliano De Cristofaro and
                  Vitaly Shmatikov},
 journal={In {SP}},
  url          = {https://doi.org/10.1109/SP.2019.00029},
  doi          = {10.1109/SP.2019.00029},
 year={ 2019 }
}

@article{ref_20,
 title={Privacy Risks of Securing Machine Learning Models against Adversarial
                  Examples},
 author={Liwei Song and
                  Reza Shokri and
                  Prateek Mittal},
 journal={In {CCS}},
  url          = {https://doi.org/10.3390/s24196161},
  doi          = {10.3390/S24196161},
 year={ 2019 }
}

@article{ref_21,
 title={How Much Privacy Does Federated Learning with Secure Aggregation Guarantee?},
 author={Ahmed Roushdy Elkordy and
                  Jiang Zhang and
                  Yahya H. Ezzeldin and
                  Konstantinos Psounis and
                  Salman Avestimehr},
 journal={In {Proc. Priv. Enhancing Technol.}},
  url          = {https://doi.org/10.56553/popets-2023-0030},
  doi          = {10.56553/POPETS-2023-0030},
 year={ 2023 }
}

@article{ref_22,
  title={Deep Learning with Differential Privacy},
  author={Martin Abadi and Andy Chu and Ian Goodfellow and Brendan McMahan and Ilya Mironov and Kunal Talwar and Li Zhang},
  year={2016},
  url          = {https://doi.org/10.1145/2976749.2978318},
  doi          = {10.1145/2976749.2978318},
  journal={In CCS}
}

@article{ref_23,
  title={A Marauder's Map of Security and Privacy in Machine Learning: An overview
                  of current and future research directions for making machine learning
                  secure and private},
  author={Nicolas Papernot},
  year={2018},
  url          = {https://doi.org/10.1145/3270101.3270102},
  doi          = {10.1145/3270101.3270102},
  journal={In {AISec}}
}

@article{McSherry10,
  author       = {Frank McSherry},
  title        = {Privacy integrated queries: an extensible platform for privacy-preserving
                  data analysis},
  journal      = {Commun. {ACM}},
  volume       = {53},
  number       = {9},
  pages        = {89--97},
  year         = {2010},
  url          = {https://doi.org/10.1145/1810891.1810916},
  doi          = {10.1145/1810891.1810916}
  }

@article{ref_24,
  title={Privacy-Preserving Machine Learning: Threats and Solutions},
  author={Mohammad Al{-}Rubaie and
                  J. Morris Chang},
  year={2019},
  url          = {https://doi.org/10.1109/MSEC.2018.2888775},
  doi          = {10.1109/MSEC.2018.2888775},
  journal={In {{IEEE} Secur. Priv.}}
}

@article{ref_25,
  title={A Taxonomy of Attacks on Federated Learning},
  author={Malhar Jere and
                  Tyler Farnan and
                  Farinaz Koushanfar},
  year={2021},
  url          = {https://doi.org/10.1109/MSEC.2020.3039941},
  doi          = {10.1109/MSEC.2020.3039941},
  journal={In {{IEEE} Secur. Priv.}}
}

@article{ref_26,
  title={Membership Inference Attacks Against Machine Learning Models},
  author={Reza Shokri and
                  Marco Stronati and
                  Congzheng Song and
                  Vitaly Shmatikov},
  year={2017},
  url          = {https://doi.org/10.1109/SP.2017.41},
  doi          = {10.1109/SP.2017.41},
  journal={In {SP}}
}




@article{ref_28,
  title={Practical Membership Inference Attacks Against Large-Scale Multi-Modal
                  Models: {A} Pilot Study},
  author={Myeongseob Ko and
                  Ming Jin and
                  Chenguang Wang and
                  Ruoxi Jia},
  year={2023},
  url          = {https://doi.org/10.1109/ICCV51070.2023.00449},
  doi          = {10.1109/ICCV51070.2023.00449},
  journal={In {ICCV}}
}

@article{ref_29,
  title={Deep Leakage from Gradients},
  author={Ligeng Zhu and
                  Zhijian Liu and
                  Song Han},
  year={2019},
    url          = {https://proceedings.neurips.cc/paper/2019/hash/60a6c4002cc7b29142def8871531281a-Abstract.html},
  journal={In {NeurIPS}}
}

@article{ref_30,
  title={Inverting Gradients - How easy is it to break privacy in federated
                  learning?},
  author={Jonas Geiping and
                  Hartmut Bauermeister and
                  Hannah Dr{\"{o}}ge and
                  Michael Moeller},
  year={2020},
    url          = {https://proceedings.neurips.cc/paper/2020/hash/c4ede56bbd98819ae6112b20ac6bf145-Abstract.html},
  journal={In {NeurIPS}}
}

@article{ref_31,
  title={Reconstructing Training Data with Informed Adversaries},
  author={Borja Balle and
                  Giovanni Cherubin and
                  Jamie Hayes},
  url          = {https://doi.org/10.1109/SP46214.2022.9833677},
  doi          = {10.1109/SP46214.2022.9833677},
  year={2022},
  journal={In {SP}}
}

@article{ref_32,
  title={Model Inversion Attacks that Exploit Confidence Information and Basic
                  Countermeasures},
  author={Matt Fredrikson and
                  Somesh Jha and
                  Thomas Ristenpart},
  url          = {https://doi.org/10.1145/2810103.2813677},
  doi          = {10.1145/2810103.2813677},
  year={2015},
  journal={In {SIGSAC}}
}

@article{ref_33,
  title={Deep Models Under the {GAN:} Information Leakage from Collaborative
                  Deep Learning},
  author={Briland Hitaj and
                  Giuseppe Ateniese and
                  Fernando P{\'{e}}rez{-}Cruz},
  url          = {https://doi.org/10.1145/3133956.3134012},
  doi          = {10.1145/3133956.3134012},
  year={2017},
  journal={In {CCS}}
}

@article{ref_34,
  title={Privacy and Fairness in Federated Learning: On the Perspective of
                  Tradeoff},
  author={Huiqiang Chen and
                  Tianqing Zhu and
                  Tao Zhang and
                  Wanlei Zhou and
                  Philip S. Yu},
  year={2024},
  url          = {https://doi.org/10.1145/3606017},
  doi          = {10.1145/3606017},
  journal={In {{ACM} Comput. Surv.}}
}

@article{ref_35,
  title={Regression with Label Differential Privacy},
  author={Badih Ghazi and
                  Pritish Kamath and
                  Ravi Kumar and
                  Ethan Leeman and
                  Pasin Manurangsi and
                  Avinash V. Varadarajan and
                  Chiyuan Zhang},
  url          = {https://openreview.net/forum?id=h9O0wsmL-cT},
  year={2023},
  journal={In {ICLR}}
}

@article{ref_36,
  title={Regression with Label Differential Privacy},
  author={Badih Ghazi and
                  Pritish Kamath and
                  Ravi Kumar and
                  Ethan Leeman and
                  Pasin Manurangsi and
                  Avinash V. Varadarajan and
                  Chiyuan Zhang},
  url          = {https://openreview.net/forum?id=h9O0wsmL-cT},
  year={2023},
  journal={In {ICLR}}
}

@article{ref_37,
  title={Deep Learning with Label Differential Privacy},
  author={Badih Ghazi and
                  Noah Golowich and
                  Ravi Kumar and
                  Pasin Manurangsi and
                  Chiyuan Zhang},
  year={2021},
  url          = {https://doi.org/10.1145/2976749.2978318},
  doi          = {10.1145/2976749.2978318},
  journal={In {NeurIPS}}
}

@article{ref_38,
  title={Privacy-Preserving Federated Recurrent Neural Networks},
  author={Sinem Sav and
                  Abdulrahman Diaa and
                  Apostolos Pyrgelis and
                  Jean{-}Philippe Bossuat and
                  Jean{-}Pierre Hubaux},
  year={2023},
  url          = {https://doi.org/10.56553/popets-2023-0122},
  doi          = {10.56553/POPETS-2023-0122},
  journal={In {Proc. Priv. Enhancing Technol.}}
}

@article{ref_39,
  title={Differential Private Discrete Noise-Adding Mechanism: Conditions,
                  Properties, and Optimization},
  author={Shuying Qin and
                  Jianping He and
                  Chongrong Fang and
                  James Lam},
  year={2023},
  url          = {https://doi.org/10.1109/TSP.2023.3317644},
  doi          = {10.1109/TSP.2023.3317644},
  journal={In {Trans. Signal Process.}}
}

@article{ref_40,
  title={Deep Residual Learning for Image Recognition},
  author={Kaiming He and
               Xiangyu Zhang and
               Shaoqing Ren and
               Jian Sun},
  year={2016},
  url          = {https://doi.org/10.1109/CVPR.2016.90},
  doi          = {10.1109/CVPR.2016.90},
  journal={In {CVPR}}
}

@article{ref_41,
  title={Gradient-based learning applied to document recognition},
  author={Yann LeCun and
                  Leon Bottou and
                  Yoshua Bengio and
                  Patrick Haffner},
  year={1998},
  url          = {https://doi.org/10.1109/5.726791},
  doi          = {10.1109/5.726791},
  journal={In {Proc. {IEEE}}}
}

@misc{gurobi,
  author = {{Gurobi Optimization, LLC}},
  title = {{Gurobi Optimizer Reference Manual}},
  year = 2023,
  url = "https://www.gurobi.com"
}

@inproceedings{Ehlers17,
  author       = {R{\"{u}}diger Ehlers},
  title        = {Formal Verification of Piece-Wise Linear Feed-Forward Neural Networks},
  booktitle    = {Automated Technology for Verification and Analysis - 15th International
                  Symposium, {ATVA}},
  series       = {Lecture Notes in Computer Science},
  volume       = {10482},
  pages        = {269--286},
  publisher    = {Springer},
  url          = {https://doi.org/10.1007/978-3-319-68167-2\_19},
  doi          = {10.1007/978-3-319-68167-2\_19},
  year         = {2017}}

@article{ref_42,
  title={Evaluating robustness of neural networks with mixed integer programming.},
  author={Vincent Tjeng
   and Kai Y. Xiao and Russ Tedrake.},
  year={2019},
    url          = {https://openreview.net/forum?id=HyGIdiRqtm},
  journal={In ICLR}
}

@article{ref_43,
  title={Outguard: Detecting In-Browser Covert Cryptocurrency Mining in the Wild.},
  author={Amin Kharraz and
                  Zane Ma and
                  Paul Murley and
                  Charles Lever and
                  Joshua Mason and
                  Andrew Miller and
                  Nikita Borisov and
                  Manos Antonakakis and
                  Michael D. Bailey},
  year={2019},
  url          = {https://doi.org/10.1145/3308558.3313665},
  doi          = {10.1145/3308558.3313665},
  journal={In WWW}
}

@article{ref_44,
  title={Seven Months with the Devils: {A} Long-Term Study of Content Polluters
                  on Twitter.},
  author={Kyumin Lee and
                  Brian David Eoff and
                  James Caverlee},
  year={2011},
    url          = {http://www.aaai.org/ocs/index.php/ICWSM/ICWSM11/paper/view/2780},
  journal={In AAAI}
}

 
@misc{ref_45,
  author       = {Becker,Barry and Kohavi,Ronny},
  title        = {{Adult}},
  year         = {1996},
  howpublished = {UCI Machine Learning Repository},
  url         = {https://doi.org/10.24432/C5XW20}
}

@misc{ref_46,
  author       = {Moro,S., Rita,P., and Cortez,P.},
  title        = {{Bank Marketing}},
  year         = {2012},
  howpublished = {UCI Machine Learning Repository},
  url         = {https://doi.org/10.24432/C5K306}
}

@misc{ref_47,
  author       = {Yeh,I-Cheng},
  title        = {{Default of credit card clients}},
  year         = {2016},
  howpublished = {UCI Machine Learning Repository},
  url         = {https://doi.org/10.24432/C55S3H}
}

@article{ref_48,
  title={{PRIMA:} general and precise neural network certification via scalable
                  convex hull approximations},
  author={Mark Niklas M{\"{u}}ller and
                  Gleb Makarchuk and
                  Gagandeep Singh and
                  Markus P{\"{u}}schel and
                  Martin T. Vechev},
  url          = {https://doi.org/10.1145/3498704},
  doi          = {10.1145/3498704},
  year={2022},
  journal={In POPL}
}

@article{ref_49,
  title={{PRIMA:} general and precise neural network certification via scalable
                  convex hull approximations},
  author={Mark Niklas M{\"{u}}ller and
                  Gleb Makarchuk and
                  Gagandeep Singh and
                  Markus P{\"{u}}schel and
                  Martin T. Vechev},
  url          = {https://doi.org/10.1145/3498704},
  doi          = {10.1145/3498704},
  year={2022},
  journal={In POPL}
}

@article{ref_50,
  title={Beta-CROWN: Efficient Bound Propagation with Per-neuron Split Constraints for Neural Network Robustness Verification.},
  author={Shiqi Wang
          and Huan Zhang
          and Kaidi Xu
          and Xue Lin
          and Suman Jana
          and Cho-Jui Hsieh
          and  J Zico Kolter},
  year={2021},
  url          = {https://proceedings.neurips.cc/paper/2021/hash/fac7fead96dafceaf80c1daffeae82a4-Abstract.html},
  journal={In NeurIPS}
}

@article{ref_51,
  title={Reluplex: An Efficient {SMT} Solver for Verifying Deep Neural Networks.},
  author={Guy Katz and Clark W. Barrett and David L. Dill and Kyle Julian and Mykel J. Kochenderfer.},
  year={2017},
  url          = {https://doi.org/10.1007/978-3-319-63387-9\_5},
  doi          = {10.1007/978-3-319-63387-9\_5},
  journal={In CAV}
}

@article{ref_52,
  author = {Guy Katz and
               Derek A. Huang and
               Duligur Ibeling and
               Kyle Julian and
               Christopher Lazarus and
               Rachel Lim and
               Parth Shah and
               Shantanu Thakoor and
               Haoze Wu and
               Aleksandar Zeljic and
               David L. Dill and
               Mykel J. Kochenderfer and
               Clark W. Barrett},
  title = {The Marabou Framework for Verification and Analysis of Deep Neural
               Networks},
  journal = {In {CAV}},
  url          = {https://doi.org/10.1007/978-3-030-25540-4\_26},
  doi          = {10.1007/978-3-030-25540-4\_26},
  year = {2019},
}

@article{ref_53,
  author    = {Caterina Urban and
               Maria Christakis and
               Valentin W{\"{u}}stholz and
               Fuyuan Zhang},
  title     = {Perfectly Parallel Fairness Certification of Neural Networks},
  journal   = {Proc. {ACM} Program. Lang.},
    volume       = {4},
  number       = {{OOPSLA}},
  url          = {https://doi.org/10.1145/3428253},
  doi          = {10.1145/3428253},
  year      = {2019}
}

@article{ref_54,
  author    = {Caterina Urban and
               Maria Christakis and
               Valentin W{\"{u}}stholz and
               Fuyuan Zhang},
  title     = {Perfectly Parallel Fairness Certification of Neural Networks},
  journal   = {Proc. {ACM} Program. Lang.},
    volume       = {4},
  number       = {{OOPSLA}},
  url          = {https://doi.org/10.1145/3428253},
  doi          = {10.1145/3428253},
  year      = {2019}
}

@inproceedings{ref_55,
  author       = {Sina Baharlouei and
                  Maher Nouiehed and
                  Ahmad Beirami and
                  Meisam Razaviyayn},
  title        = {R{\'{e}}nyi Fair Inference},
  booktitle    = {8th International Conference on Learning Representations, {ICLR}},
  publisher    = {OpenReview.net},
  url          = {https://openreview.net/forum?id=HkgsUJrtDB},
  year         = {2020}
}

@inproceedings{ref_56,
  author    = {Denis Mazzucato and
               Caterina Urban},
  title     = {Reduced Products of Abstract Domains for Fairness Certification of
               Neural Networks},
  booktitle = {Static Analysis - 28th International Symposium, {SAS}},
  series    = {Lecture Notes in Computer Science},
  publisher = {Springer},
  url          = {https://doi.org/10.1007/978-3-030-88806-0\_15},
  doi          = {10.1007/978-3-030-88806-0\_15},
  year      = {2021}}


@inproceedings{ref_57,
  author    = {Guowen Xu and
                  Hongwei Li and
                  Yun Zhang and
                  Shengmin Xu and
                  Jianting Ning and
                  Robert H. Deng},
  title        = {Privacy-Preserving Federated Deep Learning With Irregular Users},
  journal     = {{IEEE} Trans. Dependable Secur. Comput.},
  number       = {2},
  pages        = {1364--1381},
  url          = {https://doi.org/10.1109/TDSC.2020.3005909},
  doi          = {10.1109/TDSC.2020.3005909},
  year         = {2022},}



@inproceedings{ref_58,
  author    = {Mani Malek Esmaeili and
                  Ilya Mironov and
                  Karthik Prasad and
                  Igor Shilov and
                  Florian Tram{\`{e}}r},
  title        = {Antipodes of Label Differential Privacy: {PATE} and {ALIBI}},
  journal     = {In NeurIPS},
  url          = {https://proceedings.neurips.cc/paper/2021/hash/37ecd27608480aa3569a511a638ca74f-Abstract.html},
  year         = {2021}}


@inproceedings{ref_59,
  author    = {Si Chen and
                  Anmin Fu and
                  Jian Shen and
                  Shui Yu and
                  Huaqun Wang and
                  Huaijiang Sunr},
  title        = {{RNN-DP:} {A} new differential privacy scheme base on Recurrent Neural
                  Network for Dynamic trajectory privacy protection},
  journal      = {J. Netw. Comput. Appl.},
  volume       = {168},
  pages        = {102736},
  url          = {https://doi.org/10.1016/j.jnca.2020.102736},
  doi          = {10.1016/J.JNCA.2020.102736},
  year         = {2020},}

@inproceedings{ref_60,
  author    = {Mahawaga Arachchige Pathum Chamikara and
                  Peter Bert{\'{o}}k and
                  Ibrahim Khalil and
                  Dongxi Liu and
                  Seyit Camtepe and
                  Mohammed Atiquzzaman},
  title        = {Local Differential Privacy for Deep Learning},
  journal      = {{IEEE} Internet Things J.},
  volume       = {7},
  number       = {7},
  pages        = {5827--5842},
  url          = {https://doi.org/10.1109/JIOT.2019.2952146},
  doi          = {10.1109/JIOT.2019.2952146},
  year         = {2020},}


@inproceedings{ref_61,
  author    = {Wang, Yufeng and Gu, Min and Ma, Jianhua and Jin, Qun},
  title        = {DNN-DP: Differential Privacy Enabled Deep Neural Network Learning Framework for Sensitive Crowdsourcing Data},
  journal      = {IEEE Transactions on Computational Social Systems},
  year={2020},
  volume={7},
  number={1},
  url          = {https://doi.org/10.1109/TCSS.2019.2950017},
  doi          = {10.1109/TCSS.2019.2950017},
  pages={215-224},}



@article{ref_62,
  title={Differentially Private Learning Needs Hidden State (Or Much Faster
                  Convergence)},
  author={Jiayuan Ye and
                  Reza Shokri},
  year={2022},
  url          = {http://papers.nips.cc/paper\_files/paper/2022/hash/04b42392f9a3a16aea012395359b8148-Abstract-Conference.html},
  journal={In NeurIPS}
}

@article{ref_63,
  title={Differential Privacy Has Disparate Impact on Model Accuracy},
  author={Bagdasaryan, Eugene and Poursaeed, Omid and Shmatikov, Vitaly},
  year={2019},
  url          = {https://proceedings.neurips.cc/paper/2019/hash/fc0de4e0396fff257ea362983c2dda5a-Abstract.html},
  journal={In NeurIPS}
}

@article{ref_64,
  title={The Composition Theorem for Differential Privacy},
  author={Peter Kairouz and
                  Sewoong Oh and
                  Pramod Viswanath},
  year={2015},
  url          = {http://proceedings.mlr.press/v37/kairouz15.html},
  journal={In ICML}
}

@article{ref_65,
  title={Composition Theorems for Interactive Differential Privacy},
  author={Lyu, Xin},
  year={2022},
  url          = {http://papers.nips.cc/paper\_files/paper/2022/hash/3f52b555967a95ee850fcecbd29ee52d-Abstract-Conference.html},
  journal={In NeurIPS}
}

@article{ref_66,
  title={Composition of Differential Privacy {\&} Privacy Amplification
                  by Subsampling},
  author={Thomas Steinke},
  year={2022},
  url          = {https://doi.org/10.48550/arXiv.2210.00597},
  doi          = {10.48550/ARXIV.2210.00597},
  journal={In CoRR}
}

@article{ref_67,
  title={Towards Evaluating the Robustness of Neural Networks.},
  author={Nicholas Carlini and David A. Wagner.},
  year={2017},
  url          = {https://doi.org/10.1109/SP.2017.49},
  doi          = {10.1109/SP.2017.49},
  journal={In {SP}}
}


@article{ref_68,
  title={{EAD:} Elastic-Net Attacks to Deep Neural Networks via Adversarial Examples.},
  author={Pin{-}Yu Chen and Yash Sharma and Huan Zhang and Jinfeng Yi and Cho{-}Jui Hsieh.},
  year={2018},
  url          = {https://doi.org/10.1609/aaai.v32i1.11302},
  doi          = {10.1609/AAAI.V32I1.11302},
  journal={In {AAAI}}
}

@article{ref_69,
  title={{ZOO:} Zeroth Order Optimization Based Black-box Attacks to Deep Neural Networks without Training Substitute Models.},
  author={Pin{-}Yu Chen and Huan Zhang and Yash Sharma and Jinfeng Yi and Cho{-}Jui Hsieh.},
  year={2017},
  url          = {https://doi.org/10.1145/3128572.3140448},
  doi          = {10.1145/3128572.3140448},
  journal={In AISec Workshop}
}

@article{ref_70,
  title={Towards Deep Learning Models Resistant to Adversarial Attacks.},
  author={Aleksander Madry and Aleksandar Makelov and Ludwig Schmidt and Dimitris Tsipras and Adrian Vladu.},
  year={2018},
  url          = {https://openreview.net/forum?id=rJzIBfZAb},
  journal={ In {ICLR}}
}


@article{ref_72,
 title={Linear Programming and Extensions},
 author={George B. Dantzig},
 doi = {https://doi.org/10.1007/b97672},
 year={ 1963 }
}

@article{ref_73,
 title={Operations Research: Applications and Algorithms},
 author={Wayne L. Winston},
 url = {https://doi.org/10.1002/net.3230180310},
 doi = {10.1002/net.3230180310},
 year={ 1991 }
}


@article{ref_75,
 title={Linear Programming: Foundations and Extensions},
 author={Robert J. Vanderbei },
 url ={https://doi.org/10.1007/978-0-387-74388-2},
 doi = {10.1007/978-0-387-74388-2},
 year={ 1996 }
}

@article{ref76,
  author = {Rudy Bunel and
               Ilker Turkaslan and
               Philip H. S. Torr and
               Pushmeet Kohli and
               Pawan Kumar Mudigonda},
  title = {A Unified View of Piecewise Linear Neural Network Verification},
  journal = {In NeurIPS},
  url          = {https://proceedings.neurips.cc/paper/2018/hash/be53d253d6bc3258a8160556dda3e9b2-Abstract.html},

  year = {2018},
}

@article{ref77,
 title={  Branch and Bound for Piecewise Linear Neural Network Verification},
 author={Rudy Bunel and
               Jingyue Lu and
               Ilker Turkaslan and
               Philip H. S. Torr and
               Pushmeet Kohli and
               M. Pawan Kumar},
 journal={J. Mach. Learn. Res.},
  url          = {https://jmlr.org/papers/v21/19-468.html},
 year={ 2020 }
}

@article{ref78,
  title={Improved Branch and Bound for Neural Network Verification via Lagrangian
               Decomposition},
  author={Alessandro De Palma and et al.},
  journal={arXiv:2104.06718},
  url          = {https://arxiv.org/abs/2104.06718},
  year={2021},
}

@article{ref79,
  title={Parallelization Techniques for Verifying Neural Networks},
  author={Haoze Wu and
               et al.},
  journal={In FMCAD},
  url          = {https://doi.org/10.34727/2020/isbn.978-3-85448-042-6\_20},
  doi          = {10.34727/2020/ISBN.978-3-85448-042-6\_20},
  year={2020},
}

@article{ref80,
  title={Neural Network Branching for Neural Network Verification},
  author={Jingyue Lu and
               M. Pawan Kumar},
  journal={In ICLR},
  url          = {https://openreview.net/forum?id=B1evfa4tPB},
  year={2020},
}

@article{ref81,
  title={{DEEPSPLIT:} An Efficient Splitting Method for Neural Network Verification
               via Indirect Effect Analysis},
  author={Patrick Henriksen and
               Alessio Lomuscio},
  journal={In IJCAI},
  url          = {https://doi.org/10.24963/ijcai.2021/351},
  doi          = {10.24963/IJCAI.2021/351},
  year={2021},
}

@article{ref82,
  title={Least squares quantization in PCM.},
  author={Lloyd, Stuart P.},
  journal={In Information Theory, IEEE Transactions on 28.2: 129-137},
  url          = {https://doi.org/10.1109/TIT.1982.1056489},
  doi          = {10.1109/TIT.1982.1056489},
  year={1982},
}

@article{ref83,
  title={Model Extraction Attacks Revisited},
  author={Jiacheng Liang and
                  Ren Pang and
                  Changjiang Li and
                  Ting Wang},
  url          = {https://doi.org/10.1145/3634737.3657002},
  doi          = {10.1145/3634737.3657002},
  journal={In {ASIA} {CCS}},
  year={2024},
}

@article{ref84,
  title={Stealing Machine Learning Models: Attacks and Countermeasures for
                  Generative Adversarial Networks},
  author={Hailong Hu and
                  Jun Pang},
  journal={In ACSAC},
  url          = {https://doi.org/10.1145/3485832.3485838},
  doi          = {10.1145/3485832.3485838},
  year={2021},
}

@article{ref85,
  title={{SAME:} Sample Reconstruction against Model Extraction Attacks},
  author={Yi Xie and
                  Jie Zhang and
                  Shiqian Zhao and
                  Tianwei Zhang and
                  Xiaofeng Chen},
  journal={In AAAI},
  url          = {https://doi.org/10.1609/aaai.v38i18.29974},
  doi          = {10.1609/AAAI.V38I18.29974},
  year={2024},
}

@article{ref_86,
  title={Boosting Robustness Certification of Neural Networks.},
  author={Gagandeep Singh and Timon Gehr and Markus P{\"{u}}schel and Martin T. Vechev.},
  year={2019},
  url          = {https://openreview.net/forum?id=HJgeEh09KQ},
  journal={In {ICLR}}
}

@article{ref_87,
  title={The Algorithmic Foundations of Differential Privacy},
  author={Cynthia Dwork and
                  Aaron Roth},
  year={2014},
  url          = {https://doi.org/10.1561/0400000042},
  doi          = {10.1561/0400000042},
  journal={In {Found. Trends Theor. Comput. Sci.}}
}

@article{ref_88,
  title={Individual Differential Privacy: {A} Utility-Preserving Formulation
                  of Differential Privacy Guarantees},
  author={Jordi Soria{-}Comas and
                  Josep Domingo{-}Ferrer and
                  David S{\'{a}}nchez and
                  David Meg{\'{\i}}as},
  year={2017},
  url          = {https://doi.org/10.1109/TIFS.2017.2663337},
  doi          = {10.1109/TIFS.2017.2663337},
  journal={In {{IEEE} Trans. Inf. Forensics Secur.}}
}

@article{ref_89,
  title={Differential Privacy Has Disparate Impact on Model Accuracy},
  author={Eugene Bagdasaryan and
                  Omid Poursaeed and
                  Vitaly Shmatikov},
  year={2019},
  url          = {https://proceedings.neurips.cc/paper/2019/hash/fc0de4e0396fff257ea362983c2dda5a-Abstract.html},
  journal={In {{NeurIPS}}}
}

@article{ref_90,
  title={Per-instance Differential Privacy},
  author={Yu{-}Xiang Wang},
  year={2019},
  url = {https://journalprivacyconfidentiality.org/index.php/jpc/article/download/662/675/1038},
  journal={In {{J. Priv. Confidentiality}}}
}

@article{ref_91,
  title={Privacy-Preserving Classification on Deep Learning with Exponential
                  Mechanism},
  author={Quan Ju and
                  Rongqing Xia and
                  Shuhong Li and
                  Xiaojian Zhang},
  year={2024},
  url          = {https://doi.org/10.1007/s44196-024-00422-x},
  doi          = {10.1007/S44196-024-00422-X},
  journal={In {{Int. J. Comput. Intell. Syst.}}}
}

@article{ref_92,
  title={Differentially private nearest neighbor classification},
  author={Mehmet Emre Gursoy and
                  Ali Inan and
                  Mehmet Ercan Nergiz and
                  Y{\"{u}}cel Saygin},
  year={2017},
  url          = {https://doi.org/10.1007/s10618-017-0532-z},
  doi          = {10.1007/S10618-017-0532-Z},
  journal={In {{Data Min. Knowl. Discov.}}}
}


@article{ref_94,
  title={Have it your way: Individualized Privacy Assignment for {DP-SGD}},
  author={Franziska Boenisch and
                  Christopher M{\"{u}}hl and
                  Adam Dziedzic and
                  Roy Rinberg and
                  Nicolas Papernot},
  year={2023},
  url          = {http://papers.nips.cc/paper\_files/paper/2023/hash/3cbf627fa24fb6cb576e04e689b9428b-Abstract-Conference.html},
  journal={In NeurIPS}
}

@article{ref_95,
  title={Individualized {PATE:} Differentially Private Machine Learning with
                  Individual Privacy Guarantees},
  author={Franziska Boenisch and
                  Christopher M{\"{u}}hl and
                  Roy Rinberg and
                  Jannis Ihrig and
                  Adam Dziedzic},
  year={2023},
  journal={In Proc. Priv. Enhancing Technol.},
  url          = {https://doi.org/10.56553/popets-2023-0010},
  doi          = {10.56553/POPETS-2023-0010},
}


@article{ref_97,
  title={Local Differential Privacy in Graph Neural Networks: a Reconstruction
                  Approach},
  author={Karuna Bhaila and
                  Wen Huang and
                  Yongkai Wu and
                  Xintao Wu},
  year={2024},
  url          = {https://doi.org/10.1137/1.9781611978032.1},
  doi          = {10.1137/1.9781611978032.1},
  journal={In {SIAM}}
}

@article{ref_98,
  title={R{\'{e}}nyi Differential Privacy},
  author={Ilya Mironov},
  year={2017},
  url          = {https://doi.org/10.1109/CSF.2017.11},
  doi          = {10.1109/CSF.2017.11},
  journal={In {CSF}}
}

@article{ref_99,
  title={Functional Renyi Differential Privacy for Generative Modeling},
  author={Dihong Jiang and
                  Sun Sun and
                  Yaoliang Yu},
  year={2023},
  url          = {http://papers.nips.cc/paper\_files/paper/2023/hash/2f9ee101e35b890d9eae79ee27bcd69a-Abstract-Conference.html},
  journal={In {NeurIPS}}
}

@article{ref_100,
  title={Differential Privacy for Free? Harnessing the Noise in Approximate
                  Homomorphic Encryption},
  author={Tabitha Ogilvie},
  year={2024},
  url          = {https://doi.org/10.1007/978-3-031-58868-6\_12},
  doi          = {10.1007/978-3-031-58868-6\_12},
  journal={In {CT-RSA}}
}


@phdthesis{ref_101,
  author       = {Arnaud Grivet S{\'{e}}bert},
  title        = {Combining differential privacy and homomorphic encryption for privacy-preserving
                  collaborative machine learning. (Approches combinant confidentialit{\'{e}}
                  diff{\'{e}}rentielle et chiffrement homomorphe pour la protection
                  des donn{\'{e}}es en apprentissage automatique collaboratif)},
  school       = {University of Paris-Saclay, France},
  year         = {2023},
  url          = {https://tel.archives-ouvertes.fr/tel-04223076},
  timestamp    = {Sun, 29 Oct 2023 10:10:04 +0100},
  biburl       = {https://dblp.org/rec/phd/hal/Sebert23.bib},
  bibsource    = {dblp computer science bibliography, https://dblp.org}
}


@article{ref_102,
  title={Input-Relational Verification of Deep Neural Networks},
  author={Debangshu Banerjee and
                  Changming Xu and
                  Gagandeep Singh},
  year={2024},
  url          = {https://doi.org/10.1145/3656377},
  doi          = {10.1145/3656377},
  journal={In {PLDI}}
}

@article{ref_102,
  title={Input-Relational Verification of Deep Neural Networks},
  author={Debangshu Banerjee and
                  Changming Xu and
                  Gagandeep Singh},
  year={2024},
  url          = {https://doi.org/10.1145/3656377},
  doi          = {10.1145/3656377},
  journal={In {PLDI}}
}


@manual{ref_103,
  author = {{Google Cloud}},
  title = {Vertex AI},
  year = {2024},
  url = {https://cloud.google.com/vertex-ai}
}

@manual{ref_104,
  author = {{Amazon Web Services}},
  title = {Machine Learning on AWS},
  year = {2024},
  url = {https://aws.amazon.com/machine-learning}
}

@article{ref_105,
  title={Guarding the Privacy of Label-Only Access to Neural Network Classifiers via iDP Verification},
  author={Anan Kabaha and
                  Dana Drachsler-Cohen},
  year={2025},
  url = {https://doi.org/10.48550/arXiv.2502.16519},
  doi = {10.48550/arXiv.2502.16519},
  journal={In {arXiv:2502.16519}}
}
