@IEEEtranBSTCTL{BSTcontrol,
  CTLuse_forced_etal       = "yes",
  CTLmax_names_forced_etal = "6",
  CTLnames_show_etal       = "6",
  CTLuse_url = "no" 
}

@article{repo,
  author       = {Tiezhi Wang and Nils Strodthoff},
  title        = {Source code for: {S4Sleep: Elucidating the design space of deep-learning-based long time series classification models- a case study based on sleep staging}, version 1.0},
  month        = oct,
  year         = 2023,
  journal    = {Zenodo. \url{https://doi.org/10.5281/xxxx}},
  version      = {v1.0.0},
  doi          = {10.5281/xxxx}
}

@article{schmidhuber1992learning,
  title={Learning complex, extended sequences using the principle of history compression},
  author={Schmidhuber, J{\"u}rgen},
  journal={Neural Computation},
  volume={4},
  number={2},
  pages={234--242},
  year={1992},
  publisher={MIT Press}
}

@article{DANKERHOPFE2009,
  doi = {10.1111/j.1365-2869.2008.00700.x},
  url = {https://doi.org/10.1111/j.1365-2869.2008.00700.x},
  year = {2009},
  month = mar,
  publisher = {Wiley},
  volume = {18},
  number = {1},
  pages = {74--84},
  author = {Heidi Danker-Hopfe and Peter Anderer and Josef Zeitlhofer and Marion Boeck and Hans Dorn and Georg Gruber and Esther Heller and Erna Loretz and Doris Moser and Silvia Parapatics and Bernd Saletu and Andrea Schmidt and Georg Dorffner},
  title = {Interrater reliability for sleep scoring according to the Rechtschaffen {\&} Kales and the new {AASM} standard},
  journal = {Journal of Sleep Research}
}

@article{lecun2022path,
  title={A path towards autonomous machine intelligence version 0.9. 2, 2022-06-27},
  author={LeCun, Yann},
  journal={Open Review},
  volume={62},
  year={2022}
}



@inproceedings{loshchilov2018decoupled,
  title={Decoupled Weight Decay Regularization},
  author={Loshchilov, Ilya and Hutter, Frank},
  booktitle={International Conference on Learning Representations},
  year={2018}
}

@article{Mehari2023S4,
  doi = {10.1109/jbhi.2023.3310989},
  url = {https://doi.org/10.1109/jbhi.2023.3310989},
  year = {2023},
  publisher = {Institute of Electrical and Electronics Engineers ({IEEE})},
  pages = {1--9},
  author = {Temesgen Mehari and Nils Strodthoff},
  title = {Towards quantitative precision for {ECG} analysis: Leveraging state space models,  self-supervision and patient metadata},
  journal = {{IEEE} Journal of Biomedical and Health Informatics},
  eprint={2308.15291},
  archivePrefix={arXiv},
  primaryClass={eess.SP}
}

@article{bates2023cross,
  doi = {10.1080/01621459.2023.2197686},
  url = {https://doi.org/10.1080/01621459.2023.2197686},
  year = {2023},
  month = may,
  publisher = {Informa {UK} Limited},
  pages = {1--12},
  author = {Stephen Bates and Trevor Hastie and Robert Tibshirani},
  title = {Cross-Validation: What Does It Estimate and How Well Does It Do It?},
  journal = {Journal of the American Statistical Association}
}

@inproceedings{
tay2021long,
title={Long Range Arena : A Benchmark for Efficient Transformers },
author={Yi Tay and Mostafa Dehghani and Samira Abnar and Yikang Shen and Dara Bahri and Philip Pham and Jinfeng Rao and Liu Yang and Sebastian Ruder and Donald Metzler},
booktitle={International Conference on Learning Representations},
year={2021},
url={https://openreview.net/forum?id=qVyeW-grC2k}
}

@article{baevski2020wav2vec,
  title={wav2vec 2.0: A framework for self-supervised learning of speech representations},
  author={Baevski, Alexei and Zhou, Yuhao and Mohamed, Abdelrahman and Auli, Michael},
  journal={Advances in neural information processing systems},
  volume={33},
  pages={12449--12460},
  year={2020}
}

@inproceedings{radford2023robust,
  title={Robust speech recognition via large-scale weak supervision},
  author={Radford, Alec and Kim, Jong Wook and Xu, Tao and Brockman, Greg and McLeavey, Christine and Sutskever, Ilya},
  booktitle={International Conference on Machine Learning},
  pages={28492--28518},
  year={2023},
  organization={PMLR}
}

@article{Mehari2022,
  doi = {10.1016/j.compbiomed.2021.105114},
  url = {https://doi.org/10.1016/j.compbiomed.2021.105114},
  year = {2022},
  month = feb,
  publisher = {Elsevier {BV}},
  volume = {141},
  pages = {105114},
  author = {Temesgen Mehari and Nils Strodthoff},
  title = {Self-supervised representation learning from 12-lead {ECG} data},
  journal = {Computers in Biology and Medicine}
}


@inproceedings{Mehari:2022S4,
  title={{Advancing the State-of-the-Art for ECG Analysis through Structured State Space Models}},
  author={Mehari, Temesgen and Strodthoff, Nils},
  eprint={2211.07579},
  journal={Machine Learning for Health (ML4H) symposium 2022},
  note={extended abstract},
  year={2022},
  booktitle={arXiv}
}


@article{Rosenberg2013,
  doi = {10.5664/jcsm.2350},
  url = {https://doi.org/10.5664/jcsm.2350},
  year = {2013},
  month = jan,
  publisher = {American Academy of Sleep Medicine ({AASM})},
  volume = {09},
  number = {01},
  pages = {81--87},
  author = {Richard S. Rosenberg and Steven Van Hout},
  title = {The American Academy of Sleep Medicine Inter-scorer Reliability Program: Sleep Stage Scoring},
  journal = {Journal of Clinical Sleep Medicine}
}

@article{fiorillo2019automated,
  title={Automated sleep scoring: A review of the latest approaches},
  author={Fiorillo, Luigi and Puiatti, Alessandro and Papandrea, Michela and Ratti, Pietro-Luca and Favaro, Paolo and Roth, Corinne and Bargiotas, Panagiotis and Bassetti, Claudio L and Faraci, Francesca D},
  journal={Sleep medicine reviews},
  volume={48},
  pages={101204},
  year={2019},
  publisher={Elsevier}
}

@article{Phan2021,
  doi = {10.1109/tpami.2021.3070057},
  url = {https://doi.org/10.1109/tpami.2021.3070057},
  year = {2021},
  publisher = {Institute of Electrical and Electronics Engineers ({IEEE})},
  pages = {1--1},
  author = {Huy Phan and Oliver Y. Chen and Minh C. Tran and Philipp Koch and Alfred Mertins and Maarten De Vos},
  title = {{XSleepNet}: Multi-View Sequential Model for Automatic Sleep Staging},
  journal = {{IEEE} Transactions on Pattern Analysis and Machine Intelligence}
}

@incollection{Brandmayr2021,
  doi = {10.1007/978-3-030-92238-2_32},
  url = {https://doi.org/10.1007/978-3-030-92238-2_32},
  year = {2021},
  publisher = {Springer International Publishing},
  pages = {379--390},
  author = {Georg Brandmayr and Manfred Hartmann and Franz F\"{u}rbass and Georg Dorffner},
  title = {Self-Attention Long-Term Dependency Modelling in~Electroencephalography Sleep Stage Prediction},
  booktitle = {Neural Information Processing}
}

@article{phan2019seqsleepnet,
  title={SeqSleepNet: end-to-end hierarchical recurrent neural network for sequence-to-sequence automatic sleep staging},
  author={Phan, Huy and Andreotti, Fernando and Cooray, Navin and Ch{\'e}n, Oliver Y and De Vos, Maarten},
  journal={IEEE Transactions on Neural Systems and Rehabilitation Engineering},
  volume={27},
  number={3},
  pages={400--410},
  year={2019},
  publisher={IEEE}
}

@inproceedings{Gu2021EfficientlyML,
  title={Efficiently Modeling Long Sequences with Structured State Spaces},
  author={Gu, Albert and Goel, Karan and R{\'e}, Christopher},
  booktitle={International Conference on Learning Representations},
  year={2022},
        eprint={2111.00396},
      archivePrefix={arXiv},
      primaryClass={cs.LG}
}

@article{PhysRevLett.85.3736,
  title = {Correlated and Uncorrelated Regions in Heart-Rate Fluctuations during Sleep},
  author = {Bunde, Armin and Havlin, Shlomo and Kantelhardt, Jan W. and Penzel, Thomas and Peter, J\"org-Hermann and Voigt, Karlheinz},
  journal = {Phys. Rev. Lett.},
  volume = {85},
  issue = {17},
  pages = {3736--3739},
  numpages = {0},
  year = {2000},
  month = {Oct},
  publisher = {American Physical Society},
  doi = {10.1103/PhysRevLett.85.3736},
  url = {https://link.aps.org/doi/10.1103/PhysRevLett.85.3736}
}

@article{bronstein2021geometric,
      journal={arXiv preprint 2104.13478},
      title={Geometric Deep Learning: Grids, Groups, Graphs, Geodesics, and Gauges},
      author={Michael M. Bronstein and Joan Bruna and Taco Cohen and Petar Veličković},
      year={2021},
      eprint={2104.13478},
      archivePrefix={arXiv},
      primaryClass={cs.LG}
}

@article{phan2023lseqsleepnet,
  doi = {10.1109/jbhi.2023.3303197},
  url = {https://doi.org/10.1109/jbhi.2023.3303197},
  year = {2023},
  publisher = {Institute of Electrical and Electronics Engineers ({IEEE})},
  pages = {1--10},
  author = {Huy Phan and Kristian P. Lorenzen and Elisabeth Heremans and Oliver Y. Ch{\'{e}}n and Minh C. Tran and Philipp Koch and Alfred Mertins and Mathias Baumert and Kaare B. Mikkelsen and Maarten De Vos},
  title = {L-{SeqSleepNet}: Whole-cycle Long Sequence Modelling for Automatic Sleep Staging},
  journal = {{IEEE} Journal of Biomedical and Health Informatics}
}

@article{phan2022sleeptransformer,
  title={Sleeptransformer: Automatic sleep staging with interpretability and uncertainty quantification},
  author={Phan, Huy and Mikkelsen, Kaare and Ch{\'e}n, Oliver Y and Koch, Philipp and Mertins, Alfred and De Vos, Maarten},
  journal={IEEE Transactions on Biomedical Engineering},
  volume={69},
  number={8},
  pages={2456--2467},
  year={2022},
  publisher={IEEE}
}

@article{phan2021xsleepnet,
  title={XSleepNet: Multi-view sequential model for automatic sleep staging},
  author={Phan, Huy and Ch{\'e}n, Oliver Y and Tran, Minh C and Koch, Philipp and Mertins, Alfred and De Vos, Maarten},
  journal={IEEE Transactions on Pattern Analysis and Machine Intelligence},
  volume={44},
  number={9},
  pages={5903--5915},
  year={2021},
  publisher={IEEE}
}

@book{iber2007aasm,
  title={The AASM manual for the scoring of sleep and associated events: rules, terminology and technical specifications},
  author={Iber, Conrad and Ancoli-Israel, Sonia and Chesson, Andrew L and Quan, Stuart F and others},
  volume={1},
  year={2007},
  publisher={American academy of sleep medicine Westchester, IL}
}


@article{Perslev2021,
  doi = {10.1038/s41746-021-00440-5},
  url = {https://doi.org/10.1038/s41746-021-00440-5},
  year = {2021},
  month = apr,
  publisher = {Springer Science and Business Media {LLC}},
  volume = {4},
  number = {1},
  author = {Mathias Perslev and Sune Darkner and Lykke Kempfner and Miki Nikolic and Poul J{\o}rgen Jennum and Christian Igel},
  title = {U-Sleep: resilient high-frequency sleep staging},
  journal = {npj Digital Medicine}
}

@article{kemp2000analysis,
  title={Analysis of a sleep-dependent neuronal feedback loop: the slow-wave microcontinuity of the EEG},
  author={Kemp, Bob and Zwinderman, Aeilko H and Tuk, Bert and Kamphuisen, Hilbert AC and Oberye, Josefien JL},
  journal={IEEE Transactions on Biomedical Engineering},
  volume={47},
  number={9},
  pages={1185--1194},
  year={2000},
  publisher={IEEE}
}

@article{goldberger2000physiobank,
  title={PhysioBank, PhysioToolkit, and PhysioNet: components of a new research resource for complex physiologic signals},
  author={Goldberger, Ary L and Amaral, Luis AN and Glass, Leon and Hausdorff, Jeffrey M and Ivanov, Plamen Ch and Mark, Roger G and Mietus, Joseph E and Moody, George B and Peng, Chung-Kang and Stanley, H Eugene},
  journal={circulation},
  volume={101},
  number={23},
  pages={e215--e220},
  year={2000},
  publisher={Am Heart Assoc}
}

@inproceedings{ross2019probabilistic,
  title={Probabilistic modelling of sleep stage and apneaic events in the university college of dublin database (UCDDB)},
  author={Ross, Dian-Marie and Cretu, Edmond},
  booktitle={2019 IEEE 10th Annual Information Technology, Electronics and Mobile Communication Conference (IEMCON)},
  pages={0133--0139},
  year={2019},
  organization={IEEE}
}

@article{panossian2009review,
  title={Review of sleep disorders},
  author={Panossian, Lori A and Avidan, Alon Y},
  journal={Medical Clinics of North America},
  volume={93},
  number={2},
  pages={407--425},
  year={2009},
  publisher={Elsevier}
}



@article{pavlova2019sleep,
  title={Sleep disorders},
  author={Pavlova, Milena K and Latreille, V{\'e}ronique},
  journal={The American journal of medicine},
  volume={132},
  number={3},
  pages={292--299},
  year={2019},
  publisher={Elsevier}
}



@article{quan1997sleep,
  title={The sleep heart health study: design, rationale, and methods},
  author={Quan, Stuart F and Howard, Barbara V and Iber, Conrad and Kiley, James P and Nieto, F Javier and O'Connor, George T and Rapoport, David M and Redline, Susan and Robbins, John and Samet, Jonathan M and others},
  journal={Sleep},
  volume={20},
  number={12},
  pages={1077--1085},
  year={1997},
  publisher={Oxford University Press}
}

@article{hochreiter1997long,
  title={Long short-term memory},
  author={Hochreiter, Sepp and Schmidhuber, J{\"u}rgen},
  journal={Neural computation},
  volume={9},
  number={8},
  pages={1735--1780},
  year={1997},
  publisher={MIT press}
}

@article{vaswani2017attention,
  title={Attention is all you need},
  author={Vaswani, Ashish and Shazeer, Noam and Parmar, Niki and Uszkoreit, Jakob and Jones, Llion and Gomez, Aidan N and Kaiser, {\L}ukasz and Polosukhin, Illia},
  journal={Advances in neural information processing systems},
  volume={30},
  year={2017}
}

@inproceedings{lin2017focal,
  title={Focal loss for dense object detection},
  author={Lin, Tsung-Yi and Goyal, Priya and Girshick, Ross and He, Kaiming and Doll{\'a}r, Piotr},
  booktitle={Proceedings of the IEEE international conference on computer vision},
  pages={2980--2988},
  year={2017}
}

@article{hobson1969manual,
  title={A manual of standardized terminology, techniques and scoring system for sleep stages of human subjects},
  author={Hobson, J Allan},
  journal={Electroencephalography and clinical neurophysiology},
  volume={26},
  number={6},
  pages={644},
  year={1969},
  publisher={Elsevier BV}
}

@article{van1990alternative,
  title={Alternative electrode placement in (automatic) sleep scoring (f pz-cz/p z-oz versus c4-at)},
  author={Van Sweden, B and Kemp, B and Kamphuisen, HAC and Van der Velde, EA},
  journal={Sleep},
  volume={13},
  number={3},
  pages={279--283},
  year={1990},
  publisher={Oxford University Press}
}

@article{guillot2021robustsleepnet,
  title={RobustSleepNet: Transfer learning for automated sleep staging at scale},
  author={Guillot, Antoine and Thorey, Valentin},
  journal={IEEE Transactions on Neural Systems and Rehabilitation Engineering},
  volume={29},
  pages={1441--1451},
  year={2021},
  publisher={IEEE}
}

@article{jia2021salientsleepnet,
  title={SalientSleepNet: Multimodal salient wave detection network for sleep staging},
  author={Jia, Ziyu and Lin, Youfang and Wang, Jing and Wang, Xuehui and Xie, Peiyi and Zhang, Yingbin},
  journal={arXiv preprint arXiv:2105.13864},
  year={2021}
}

@article{seo2020intra,
  title={Intra-and inter-epoch temporal context network (IITNet) using sub-epoch features for automatic sleep scoring on raw single-channel EEG},
  author={Seo, Hogeon and Back, Seunghyeok and Lee, Seongju and Park, Deokhwan and Kim, Tae and Lee, Kyoobin},
  journal={Biomedical signal processing and control},
  volume={61},
  pages={102037},
  year={2020},
  publisher={Elsevier}
}

@article{castaneda2018review,
  title={A review on wearable photoplethysmography sensors and their potential future applications in health care},
  author={Castaneda, Denisse and Esparza, Aibhlin and Ghamari, Mohammad and Soltanpur, Cinna and Nazeran, Homer},
  journal={International journal of biosensors \& bioelectronics},
  volume={4},
  number={4},
  pages={195},
  year={2018},
  publisher={NIH Public Access}
}

@article{gonzalez2023benchmark,
  title={A benchmark for machine-learning based non-invasive blood pressure estimation using photoplethysmogram},
  author={Gonz{\'a}lez, Sergio and Hsieh, Wan-Ting and Chen, Trista Pei-Chun},
  journal={Scientific Data},
  volume={10},
  number={1},
  pages={149},
  year={2023},
  publisher={Nature Publishing Group UK London}
}

@article{buxi2016blood,
  title={Blood pressure estimation using pulse transit time from bioimpedance and continuous wave radar},
  author={Buxi, Dilpreet and Redout{\'e}, Jean-Michel and Yuce, Mehmet Rasit},
  journal={IEEE Transactions on Biomedical Engineering},
  volume={64},
  number={4},
  pages={917--927},
  year={2016},
  publisher={IEEE}
}

@article{mukkamala2015toward,
  title={Toward ubiquitous blood pressure monitoring via pulse transit time: theory and practice},
  author={Mukkamala, Ramakrishna and Hahn, Jin-Oh and Inan, Omer T and Mestha, Lalit K and Kim, Chang-Sei and T{\"o}reyin, Hakan and Kyal, Survi},
  journal={IEEE transactions on biomedical engineering},
  volume={62},
  number={8},
  pages={1879--1901},
  year={2015},
  publisher={IEEE}
}

@article{allen2007photoplethysmography,
  title={Photoplethysmography and its application in clinical physiological measurement},
  author={Allen, John},
  journal={Physiological measurement},
  volume={28},
  number={3},
  pages={R1},
  year={2007},
  publisher={IoP Publishing}
}

@article{Wan2020,
  title={Cuffless blood pressure estimation using pulse photoplethysmography: A review},
  author={Wan, J. and Tai, C.},
  journal={Journal of Medical Engineering \& Technology},
  volume={44},
  number={2},
  pages={225--236},
  year={2020},
  publisher={Korean Society of Medical and Biological Engineering},
  doi={10.14300/JMET.2020.44.2.225},
  url={https://www.ncbi.nlm.nih.gov/pmc/articles/PMC7262320/}
}

@article{martinez2022data,
  title={Data-driven guided attention for analysis of physiological waveforms with deep learning},
  author={Martinez, Jonathan and Nowroozilarki, Zhale and Jafari, Roozbeh and Mortazavi, Bobak J},
  journal={IEEE Journal of Biomedical and Health Informatics},
  volume={26},
  number={11},
  pages={5482--5493},
  year={2022},
  publisher={IEEE}
}

@article{chang2021deepheart,
  title={DeepHeart: a deep learning approach for accurate heart rate estimation from PPG signals},
  author={Chang, Xiangmao and Li, Gangkai and Xing, Guoliang and Zhu, Kun and Tu, Linlin},
  journal={ACM Transactions on Sensor Networks (TOSN)},
  volume={17},
  number={2},
  pages={1--18},
  year={2021},
  publisher={ACM New York, NY, USA}
}

@article{mehrgardt2021deep,
  title={Deep learning fused wearable pressure and PPG data for accurate heart rate monitoring},
  author={Mehrgardt, Philip and Khushi, Matloob and Poon, Simon and Withana, Anusha},
  journal={IEEE Sensors Journal},
  volume={21},
  number={23},
  pages={27106--27115},
  year={2021},
  publisher={IEEE}
}


@article{aguirre2021blood,
  title={Blood pressure morphology assessment from photoplethysmogram and demographic information using deep learning with attention mechanism},
  author={Aguirre, Nicolas and Grall-Ma{\"e}s, Edith and Cymberknop, Leandro J and Armentano, Ricardo L},
  journal={Sensors},
  volume={21},
  number={6},
  pages={2167},
  year={2021},
  publisher={MDPI}
}

@inproceedings{kachuee2015cuff,
  title={Cuff-less high-accuracy calibration-free blood pressure estimation using pulse transit time},
  author={Kachuee, Mohamad and Kiani, Mohammad Mahdi and Mohammadzade, Hoda and Shabany, Mahdi},
  booktitle={2015 IEEE international symposium on circuits and systems (ISCAS)},
  pages={1006--1009},
  year={2015},
  organization={IEEE}
}

@article{carlson2020bed,
  title={Bed-based ballistocardiography: Dataset and ability to track cardiovascular parameters},
  author={Carlson, Charles and Turpin, Vanessa-Rose and Suliman, Ahmad and Ade, Carl and Warren, Steve and Thompson, David E},
  journal={Sensors},
  volume={21},
  number={1},
  pages={156},
  year={2020},
  publisher={MDPI}
}

@article{liang2018new,
  title={A new, short-recorded photoplethysmogram dataset for blood pressure monitoring in China},
  author={Liang, Yongbo and Chen, Zhencheng and Liu, Guiyong and Elgendi, Mohamed},
  journal={Scientific data},
  volume={5},
  number={1},
  pages={1--7},
  year={2018},
  publisher={Nature Publishing Group}
}

@article{chu2023non,
  title={Non-invasive arterial blood pressure measurement and SpO2 estimation using PPG signal: A deep learning framework},
  author={Chu, Yan and Tang, Kaichen and Hsu, Yu-Chun and Huang, Tongtong and Wang, Dulin and Li, Wentao and Savitz, Sean I and Jiang, Xiaoqian and Shams, Shayan},
  journal={BMC Medical Informatics and Decision Making},
  volume={23},
  number={1},
  pages={131},
  year={2023},
  publisher={Springer}
}


@article{schrumpf2021assessment,
  title={Assessment of non-invasive blood pressure prediction from ppg and rppg signals using deep learning},
  author={Schrumpf, Fabian and Frenzel, Patrick and Aust, Christoph and Osterhoff, Georg and Fuchs, Mirco},
  journal={Sensors},
  volume={21},
  number={18},
  pages={6022},
  year={2021},
  publisher={MDPI}
}


@article{treebupachatsakul2022cuff,
  title={Cuff-less blood pressure prediction from ecg and ppg signals using Fourier transformation and amplitude randomization preprocessing for context aggregation network training},
  author={Treebupachatsakul, Treesukon and Boosamalee, Apivitch and Shinnakerdchoke, Siratchakrit and Pechprasarn, Suejit and Thongpance, Nuntachai},
  journal={Biosensors},
  volume={12},
  number={3},
  pages={159},
  year={2022},
  publisher={MDPI}
}


@article{zabihi2021bp,
  title={BP-Net: Cuff-less, Calibration-free, and Non-invasive Blood Pressure Estimation via a Generic Deep Convolutional Architecture},
  author={Zabihi, Soheil and Rahimian, Elahe and Marefat, Fatemeh and Asif, Amir and Mohseni, Pedram and Mohammadi, Arash},
  journal={arXiv preprint arXiv:2112.15271},
  year={2021}
}


@article{qin2023machine,
  title={Machine learning and deep learning for blood pressure prediction: a methodological review from multiple perspectives},
  author={Qin, Keke and Huang, Wu and Zhang, Tao and Tang, Shiqi},
  journal={Artificial Intelligence Review},
  volume={56},
  number={8},
  pages={8095--8196},
  year={2023},
  publisher={Springer}
}

@article{wang2023pulsedb,
  title={PulseDB: A large, cleaned dataset based on MIMIC-III and VitalDB for benchmarking cuff-less blood pressure estimation methods},
  author={Wang, Weinan and Mohseni, Pedram and Kilgore, Kevin L and Najafizadeh, Laleh},
  journal={Frontiers in Digital Health},
  volume={4},
  pages={1090854},
  year={2023},
  publisher={Frontiers Media SA}
}


@article{lecun1998gradient,
  title={Gradient-based learning applied to document recognition},
  author={LeCun, Yann and Bottou, L{\'e}on and Bengio, Yoshua and Haffner, Patrick},
  journal={Proceedings of the IEEE},
  volume={86},
  number={11},
  pages={2278--2324},
  year={1998},
  publisher={Ieee}
}

@inproceedings{he2016deep,
  title={Deep residual learning for image recognition},
  author={He, Kaiming and Zhang, Xiangyu and Ren, Shaoqing and Sun, Jian},
  booktitle={Proceedings of the IEEE conference on computer vision and pattern recognition},
  pages={770--778},
  year={2016}
}


@article{gu2020hippo,
  title={Hippo: Recurrent memory with optimal polynomial projections},
  author={Gu, Albert and Dao, Tri and Ermon, Stefano and Rudra, Atri and R{\'e}, Christopher},
  journal={Advances in neural information processing systems},
  volume={33},
  pages={1474--1487},
  year={2020}
}



@article{hendrycks2016baseline,
  title={A baseline for detecting misclassified and out-of-distribution examples in neural networks},
  author={Hendrycks, Dan and Gimpel, Kevin},
  journal={arXiv preprint arXiv:1610.02136},
  year={2016}
}


@article{soltanieh2023distribution,
  title={In-distribution and out-of-distribution self-supervised ecg representation learning for arrhythmia detection},
  author={Soltanieh, Sahar and Hashemi, Javad and Etemad, Ali},
  journal={IEEE Journal of Biomedical and Health Informatics},
  year={2023},
  publisher={IEEE}
}


@inproceedings{ballas2022domain,
  title={A domain generalization approach for out-of-distribution 12-lead ecg classification with convolutional neural networks},
  author={Ballas, Aristotelis and Diou, Christos},
  booktitle={2022 IEEE Eighth International Conference on Big Data Computing Service and Applications (BigDataService)},
  pages={9--13},
  year={2022},
  organization={IEEE}
}


@article{yang2022multimodal,
  title={A multimodal AI system for out-of-distribution generalization of seizure identification},
  author={Yang, Yikai and Truong, Nhan Duy and Eshraghian, Jason K and Maher, Christina and Nikpour, Armin and Kavehei, Omid},
  journal={IEEE Journal of Biomedical and Health Informatics},
  volume={26},
  number={7},
  pages={3529--3538},
  year={2022},
  publisher={IEEE}
}

@article{hendrycks2017baseline,
  title={A baseline for detecting misclassified and out-of-distribution examples in neural networks},
  author={Hendrycks, Dan and Gimpel, Kevin},
  journal={arXiv preprint arXiv:1610.02136},
  year={2017}
}

@inproceedings{liang2018enhancing,
  title={Enhancing the reliability of out-of-distribution image detection in neural networks},
  author={Liang, Shiyu and Li, Yixuan and Srikant, R},
  booktitle={International Conference on Learning Representations},
  year={2018}
}

@article{ovadia2019can,
  title={Can you trust your model's uncertainty? Evaluating predictive uncertainty under dataset shift},
  author={Ovadia, Yaniv and Fertig, Emily and Ren, Jie and Nado, Zack and Sculley, D and Nowozin, Sebastian and Dillon, Joshua and Lakshminarayanan, Balaji and Snoek, Jasper},
  journal={arXiv preprint arXiv:1906.02530},
  year={2019}
}

@inproceedings{ren2019likelihood,
  title={Likelihood ratios for out-of-distribution detection},
  author={Ren, Jie and Liu, Peter J and Fertig, Emily and Snoek, Jasper and Poplin, Ryan and DePristo, Mark and Dillon, Joshua and Lakshminarayanan, Balaji},
  booktitle={Advances in Neural Information Processing Systems},
  pages={14680--14691},
  year={2019}
}

@article{strodthoff2020deep,
  title={Deep learning for ECG analysis: Benchmarks and insights from PTB-XL},
  author={Strodthoff, Nils and Wagner, Patrick and Schaeffter, Tobias and Samek, Wojciech},
  journal={IEEE journal of biomedical and health informatics},
  volume={25},
  number={5},
  pages={1519--1528},
  year={2020},
  publisher={IEEE}
}


@misc{goodfellow2016deep,
  title={Deep learning},
  author={Goodfellow, Ian},
  year={2016},
  publisher={MIT press}
}


@inproceedings{bizopoulos2019signal2image,
  title={Signal2image modules in deep neural networks for eeg classification},
  author={Bizopoulos, Paschalis and Lambrou, George I and Koutsouris, Dimitrios},
  booktitle={2019 41st Annual international conference of the IEEE engineering in medicine and biology society (EMBC)},
  pages={702--705},
  year={2019},
  organization={IEEE}
}

@article{ott2024using,
  title={Using explainable AI to investigate electrocardiogram changes during healthy aging—From expert features to raw signals},
  author={Ott, Gabriel and Schaubelt, Yannik and Lopez Alcaraz, Juan Miguel and Haverkamp, Wilhelm and Strodthoff, Nils},
  journal={Plos one},
  volume={19},
  number={4},
  pages={e0302024},
  year={2024},
  publisher={Public Library of Science San Francisco, CA USA}
}

@article{alcaraz2023diffusion,
  title={Diffusion-based conditional ECG generation with structured state space models},
  author={Alcaraz, Juan Miguel Lopez and Strodthoff, Nils},
  journal={Computers in biology and medicine},
  volume={163},
  pages={107115},
  year={2023},
  publisher={Elsevier}
}


@article{wang2023s4sleep,
  title={S4Sleep: Elucidating the design space of deep-learning-based sleep stage classification models},
  author={Wang, Tiezhi and Strodthoff, Nils},
  journal={arXiv preprint arXiv:2310.06715},
  year={2023}
}


@article{ismail2020inceptiontime,
  title={Inceptiontime: Finding alexnet for time series classification},
  author={Ismail Fawaz, Hassan and Lucas, Benjamin and Forestier, Germain and Pelletier, Charlotte and Schmidt, Daniel F and Weber, Jonathan and Webb, Geoffrey I and Idoumghar, Lhassane and Muller, Pierre-Alain and Petitjean, Fran{\c{c}}ois},
  journal={Data Mining and Knowledge Discovery},
  volume={34},
  number={6},
  pages={1936--1962},
  year={2020},
  publisher={Springer}
}

@standard{IEEE1708a2019,
  title = {IEEE Standard for Wearable, Cuffless Blood Pressure Measuring Devices - Amendment 1},
  author = {{Institute of Electrical and Electronics Engineers}},
  year = {2019},
  month = {October},
  number = {1708a-2019},
  publisher = {IEEE},
  note = {Available: https://ieeexplore.ieee.org/document/8859685}
}


@article{vaswani2017attention,
  title={Attention is all you need},
  author={Vaswani, A},
  journal={Advances in Neural Information Processing Systems},
  year={2017}
}

@inproceedings{szegedy2015going,
  title={Going deeper with convolutions},
  author={Szegedy, Christian and Liu, Wei and Jia, Yangqing and Sermanet, Pierre and Reed, Scott and Anguelov, Dragomir and Erhan, Dumitru and Vanhoucke, Vincent and Rabinovich, Andrew},
  booktitle={Proceedings of the IEEE conference on computer vision and pattern recognition},
  pages={1--9},
  year={2015}
}

@article{kouw2019review,
  title={A review of domain adaptation without target labels},
  author={Kouw, Wouter M and Loog, Marco},
  journal={IEEE transactions on pattern analysis and machine intelligence},
  volume={43},
  number={3},
  pages={766--785},
  year={2019},
  publisher={IEEE}
}



@article{gamboa2017deep,
  title={Deep learning for time-series analysis},
  author={Gamboa, John Cristian Borges},
  journal={arXiv preprint arXiv:1701.01887},
  year={2017}
}


@article{mohammadi2024deep,
  title={Deep learning for time series classification and extrinsic regression: A current survey},
  author={Mohammadi Foumani, Navid and Miller, Lynn and Tan, Chang Wei and Webb, Geoffrey I and Forestier, Germain and Salehi, Mahsa},
  journal={ACM Computing Surveys},
  volume={56},
  number={9},
  pages={1--45},
  year={2024},
  publisher={ACM New York, NY}
}

@inproceedings{liang2024foundation,
  title={Foundation models for time series analysis: A tutorial and survey},
  author={Liang, Yuxuan and Wen, Haomin and Nie, Yuqi and Jiang, Yushan and Jin, Ming and Song, Dongjin and Pan, Shirui and Wen, Qingsong},
  booktitle={Proceedings of the 30th ACM SIGKDD Conference on Knowledge Discovery and Data Mining},
  pages={6555--6565},
  year={2024}
}


@article{mehari2023towards,
  title={Towards quantitative precision for ECG analysis: Leveraging state space models, self-supervision and patient metadata},
  author={Mehari, Temesgen and Strodthoff, Nils},
  journal={IEEE Journal of Biomedical and Health Informatics},
  year={2023},
  publisher={IEEE}
}

@article{ieee2014ieee,
  title={IEEE standard for wearable cuffless blood pressure measuring devices},
  author={IEEE Standard Association and others},
  journal={IEEE Std},
  pages={1708--2014},
  year={2014}
}

@techreport{iso2018sphygmomanometers,
  title        = {Non-invasive sphygmomanometers-part 2: Clinical investigation of intermittent automated measurement type},
  author       = {{ISO Central Secretary}},
  year         = {2018},
  institution  = {International Organization for Standardization},
  number       = {ISO 81060-2:2018},
}


@article{hyndman2006another,
  title={Another look at measures of forecast accuracy},
  author={Hyndman, Rob J and Koehler, Anne B},
  journal={International journal of forecasting},
  volume={22},
  number={4},
  pages={679--688},
  year={2006},
  publisher={Elsevier}
}



@article{devries2018learning,
  title={Learning confidence for out-of-distribution detection in neural networks},
  author={DeVries, Terrance and Taylor, Graham W},
  journal={arXiv preprint arXiv:1802.04865},
  year={2018}
}


@article{amodei2016concrete,
  title={Concrete problems in AI safety},
  author={Amodei, Dario and Olah, Chris and Steinhardt, Jacob and Christiano, Paul and Schulman, John and Man{\'e}, Dan},
  journal={arXiv preprint arXiv:1606.06565},
  year={2016}
}


@article{kendall2017uncertainties,
  title={What uncertainties do we need in bayesian deep learning for computer vision?},
  author={Kendall, Alex and Gal, Yarin},
  journal={Advances in neural information processing systems},
  volume={30},
  year={2017}
}


@article{gurevich2017pairing,
  title={Pairing an arbitrary regressor with an artificial neural network estimating aleatoric uncertainty},
  author={Gurevich, Pavel and Stuke, Hannes},
  journal={arXiv preprint arXiv:1707.07287},
  year={2017}
}



@inproceedings{zhang2021deep,
  title={Deep stable learning for out-of-distribution generalization},
  author={Zhang, Xingxuan and Cui, Peng and Xu, Renzhe and Zhou, Linjun and He, Yue and Shen, Zheyan},
  booktitle={Proceedings of the IEEE/CVF Conference on Computer Vision and Pattern Recognition},
  pages={5372--5382},
  year={2021}
}

@inproceedings{engstrom2019exploring,
  title={Exploring the landscape of spatial robustness},
  author={Engstrom, Logan and Tran, Brandon and Tsipras, Dimitris and Schmidt, Ludwig and Madry, Aleksander},
  booktitle={International conference on machine learning},
  pages={1802--1811},
  year={2019},
  organization={PMLR}
}

@inproceedings{krueger2021out,
  title={Out-of-distribution generalization via risk extrapolation (rex)},
  author={Krueger, David and Caballero, Ethan and Jacobsen, Joern-Henrik and Zhang, Amy and Binas, Jonathan and Zhang, Dinghuai and Le Priol, Remi and Courville, Aaron},
  booktitle={International conference on machine learning},
  pages={5815--5826},
  year={2021},
  organization={PMLR}
}

@article{gwon2023out,
  title={Out-of-distribution (OOD) detection and generalization improved by augmenting adversarial mixup samples},
  author={Gwon, Kyungpil and Yoo, Joonhyuk},
  journal={Electronics},
  volume={12},
  number={6},
  pages={1421},
  year={2023},
  publisher={MDPI}
}



@inproceedings{hendrycks2021many,
  title={The many faces of robustness: A critical analysis of out-of-distribution generalization},
  author={Hendrycks, Dan and Basart, Steven and Mu, Norman and Kadavath, Saurav and Wang, Frank and Dorundo, Evan and Desai, Rahul and Zhu, Tyler and Parajuli, Samyak and Guo, Mike and others},
  booktitle={Proceedings of the IEEE/CVF international conference on computer vision},
  pages={8340--8349},
  year={2021}
}


@article{hendrycks2020pretrained,
  title={Pretrained transformers improve out-of-distribution robustness},
  author={Hendrycks, Dan and Liu, Xiaoyuan and Wallace, Eric and Dziedzic, Adam and Krishnan, Rishabh and Song, Dawn},
  journal={arXiv preprint arXiv:2004.06100},
  year={2020}
}


@inproceedings{yi2021improved,
  title={Improved ood generalization via adversarial training and pretraing},
  author={Yi, Mingyang and Hou, Lu and Sun, Jiacheng and Shang, Lifeng and Jiang, Xin and Liu, Qun and Ma, Zhiming},
  booktitle={International Conference on Machine Learning},
  pages={11987--11997},
  year={2021},
  organization={PMLR}
}


@article{ye2021towards,
  title={Towards a theoretical framework of out-of-distribution generalization},
  author={Ye, Haotian and Xie, Chuanlong and Cai, Tianle and Li, Ruichen and Li, Zhenguo and Wang, Liwei},
  journal={Advances in Neural Information Processing Systems},
  volume={34},
  pages={23519--23531},
  year={2021}
}


@misc{moody2020mimic,
  title={MIMIC-III Waveform Database Matched Subset (version1. 0). PhysioNet},
  author={Moody, B and Moody, G and Villarroel, M and Clifford, G and Silva, I},
  year={2020}
}


@article{saab2024towards,
  title={Towards trustworthy seizure onset detection using workflow notes},
  author={Saab, Khaled and Tang, Siyi and Taha, Mohamed and Lee-Messer, Christopher and R{\'e}, Christopher and Rubin, Daniel L},
  journal={npj Digital Medicine},
  volume={7},
  number={1},
  pages={42},
  year={2024},
  publisher={Nature Publishing Group UK London}
}


@article{lee2022vitaldb,
  title={VitalDB, a high-fidelity multi-parameter vital signs database in surgical patients},
  author={Lee, Hyung-Chul and Park, Yoonsang and Yoon, Soo Bin and Yang, Seong Mi and Park, Dongnyeok and Jung, Chul-Woo},
  journal={Scientific Data},
  volume={9},
  number={1},
  pages={279},
  year={2022},
  publisher={Nature Publishing Group UK London}
}


@article{wagner2024explaining,
  title={Explaining deep learning for ecg analysis: Building blocks for auditing and knowledge discovery},
  author={Wagner, Patrick and Mehari, Temesgen and Haverkamp, Wilhelm and Strodthoff, Nils},
  journal={Computers in Biology and Medicine},
  volume={176},
  pages={108525},
  year={2024},
  publisher={Elsevier}
}


@article{arjovsky2019invariant,
  title={Invariant risk minimization},
  author={Arjovsky, Martin and Bottou, L{\'e}on and Gulrajani, Ishaan and Lopez-Paz, David},
  journal={arXiv preprint arXiv:1907.02893},
  year={2019}
}


@article{gulrajani2020search,
  title={In search of lost domain generalization},
  author={Gulrajani, Ishaan and Lopez-Paz, David},
  journal={arXiv preprint arXiv:2007.01434},
  year={2020}
}


@inproceedings{shen2020stable,
  title={Stable learning via sample reweighting},
  author={Shen, Zheyan and Cui, Peng and Zhang, Tong and Kunag, Kun},
  booktitle={Proceedings of the AAAI Conference on Artificial Intelligence},
  volume={34},
  number={04},
  pages={5692--5699},
  year={2020}
}

@inproceedings{guefficiently,
  title={Efficiently Modeling Long Sequences with Structured State Spaces},
  author={Gu, Albert and Goel, Karan and Re, Christopher},
  booktitle={International Conference on Learning Representations}
}


@inproceedings{kuang2020stable,
  title={Stable prediction with model misspecification and agnostic distribution shift},
  author={Kuang, Kun and Xiong, Ruoxuan and Cui, Peng and Athey, Susan and Li, Bo},
  booktitle={Proceedings of the AAAI Conference on Artificial Intelligence},
  volume={34},
  number={04},
  pages={4485--4492},
  year={2020}
}

@article{slapnivcar2019blood,
  title={Blood pressure estimation from photoplethysmogram using a spectro-temporal deep neural network},
  author={Slapni{\v{c}}ar, Ga{\v{s}}per and Mlakar, Nejc and Lu{\v{s}}trek, Mitja},
  journal={Sensors},
  volume={19},
  number={15},
  pages={3420},
  year={2019},
  publisher={MDPI}
}

@article{bickel2009discriminative,
  title={Discriminative learning under covariate shift.},
  author={Bickel, Steffen and Br{\"u}ckner, Michael and Scheffer, Tobias},
  journal={Journal of Machine Learning Research},
  volume={10},
  number={9},
  year={2009}
}

@article{ben2010theory,
  title={A theory of learning from different domains},
  author={Ben-David, Shai and Blitzer, John and Crammer, Koby and Kulesza, Alex and Pereira, Fernando and Vaughan, Jennifer Wortman},
  journal={Machine learning},
  volume={79},
  pages={151--175},
  year={2010},
  publisher={Springer}
}

@article{gu2021efficiently,
  title={Efficiently modeling long sequences with structured state spaces},
  author={Gu, Albert and Goel, Karan and R{\'e}, Christopher},
  journal={arXiv preprint arXiv:2111.00396},
  year={2021}
}


@article{charlton20232023,
  title={The 2023 wearable photoplethysmography roadmap},
  author={Charlton, Peter H and Allen, John and Bail{\'o}n, Raquel and Baker, Stephanie and Behar, Joachim A and Chen, Fei and Clifford, Gari D and Clifton, David A and Davies, Harry J and Ding, Cheng and others},
  journal={Physiological measurement},
  volume={44},
  number={11},
  pages={111001},
  year={2023},
  publisher={IOP publishing}
}


@article{krizhevsky2012imagenet,
  title={Imagenet classification with deep convolutional neural networks},
  author={Krizhevsky, Alex and Sutskever, Ilya and Hinton, Geoffrey E},
  journal={Advances in neural information processing systems},
  volume={25},
  year={2012}
}


@inproceedings{pele2009fast,
  title={Fast and robust earth mover's distances},
  author={Pele, Ofir and Werman, Michael},
  booktitle={2009 IEEE 12th international conference on computer vision},
  pages={460--467},
  year={2009},
  organization={IEEE}
}


@article{stergiou2018universal,
  title={A universal standard for the validation of blood pressure measuring devices: Association for the Advancement of Medical Instrumentation/European Society of Hypertension/International Organization for Standardization (AAMI/ESH/ISO) Collaboration Statement},
  author={Stergiou, George S and Alpert, Bruce and Mieke, Stephan and Asmar, Roland and Atkins, Neil and Eckert, Siegfried and Frick, Gerhard and Friedman, Bruce and Gra{\ss}l, Thomas and Ichikawa, Tsutomu and others},
  journal={Hypertension},
  volume={71},
  number={3},
  pages={368--374},
  year={2018},
  publisher={Am Heart Assoc}
}


@inproceedings{smith2017cyclical,
  title={Cyclical learning rates for training neural networks},
  author={Smith, Leslie N},
  booktitle={2017 IEEE winter conference on applications of computer vision (WACV)},
  pages={464--472},
  year={2017},
  organization={IEEE}
}


@article{loshchilov2017decoupled,
  title={Decoupled weight decay regularization},
  author={Loshchilov, I},
  journal={arXiv preprint arXiv:1711.05101},
  year={2017}
}

@article{bishop2006pattern,
  title={Pattern recognition and machine learning},
  author={Bishop, Christopher M},
  journal={Springer google schola},
  volume={2},
  pages={1122--1128},
  year={2006}
}



@article{o2001pulse,
  title={Pulse wave analysis},
  author={O'Rourke, Michael F and Pauca, Alfredo and Jiang, Xiong-Jing},
  journal={British journal of clinical pharmacology},
  volume={51},
  number={6},
  pages={507},
  year={2001},
  publisher={Wiley}
}


@inproceedings{lipton2018detecting,
  title={Detecting and correcting for label shift with black box predictors},
  author={Lipton, Zachary and Wang, Yu-Xiang and Smola, Alexander},
  booktitle={International conference on machine learning},
  pages={3122--3130},
  year={2018},
  organization={PMLR}
}


@article{saerens2002adjusting,
  title={Adjusting the outputs of a classifier to new a priori probabilities: a simple procedure},
  author={Saerens, Marco and Latinne, Patrice and Decaestecker, Christine},
  journal={Neural computation},
  volume={14},
  number={1},
  pages={21--41},
  year={2002},
  publisher={MIT Press}
}

@article{xiao2024advancing,
  title={Advancing cuffless blood pressure estimation: A PPG-based multi-task learning model for enhanced feature extraction and fusion},
  author={Xiao, Hanguang and Zhao, Aohui and Song, Wangwang and Liu, Tianqi and Long, Li and Li, Yulin and Li, Huanqi},
  journal={Biomedical Signal Processing and Control},
  volume={95},
  pages={106378},
  year={2024},
  publisher={Elsevier}
}

@article{pillai2024papagei,
  title={PaPaGei: Open Foundation Models for Optical Physiological Signals},
  author={Pillai, Arvind and Spathis, Dimitris and Kawsar, Fahim and Malekzadeh, Mohammad},
  journal={arXiv preprint arXiv:2410.20542},
  year={2024}
}


@article{ding2024siamquality,
  title={SiamQuality: a ConvNet-based foundation model for photoplethysmography signals},
  author={Ding, Cheng and Guo, Zhicheng and Chen, Zhaoliang and Lee, Randall J and Rudin, Cynthia and Hu, Xiao},
  journal={Physiological Measurement},
  volume={45},
  number={8},
  pages={085004},
  year={2024},
  publisher={IOP Publishing}
}

@article{weber2023intensive,
  title={Intensive care photoplethysmogram datasets and machine-learning for blood pressure estimation: Generalization not guarantied},
  author={Weber-Boisvert, Guillaume and Gosselin, Benoit and Sandberg, Frida},
  journal={Frontiers in Physiology},
  volume={14},
  pages={1126957},
  year={2023},
  publisher={Frontiers Media SA}
}