@inproceedings{ballas2022domain,
  title={A domain generalization approach for out-of-distribution 12-lead ecg classification with convolutional neural networks},
  author={Ballas, Aristotelis and Diou, Christos},
  booktitle={2022 IEEE Eighth International Conference on Big Data Computing Service and Applications (BigDataService)},
  pages={9--13},
  year={2022},
  organization={IEEE}
}

@article{ben2010theory,
  title={A theory of learning from different domains},
  author={Ben-David, Shai and Blitzer, John and Crammer, Koby and Kulesza, Alex and Pereira, Fernando and Vaughan, Jennifer Wortman},
  journal={Machine learning},
  volume={79},
  pages={151--175},
  year={2010},
  publisher={Springer}
}

@article{bickel2009discriminative,
  title={Discriminative learning under covariate shift.},
  author={Bickel, Steffen and Br{\"u}ckner, Michael and Scheffer, Tobias},
  journal={Journal of Machine Learning Research},
  volume={10},
  number={9},
  year={2009}
}

@article{chu2023non,
  title={Non-invasive arterial blood pressure measurement and SpO2 estimation using PPG signal: A deep learning framework},
  author={Chu, Yan and Tang, Kaichen and Hsu, Yu-Chun and Huang, Tongtong and Wang, Dulin and Li, Wentao and Savitz, Sean I and Jiang, Xiaoqian and Shams, Shayan},
  journal={BMC Medical Informatics and Decision Making},
  volume={23},
  number={1},
  pages={131},
  year={2023},
  publisher={Springer}
}

@inproceedings{engstrom2019exploring,
  title={Exploring the landscape of spatial robustness},
  author={Engstrom, Logan and Tran, Brandon and Tsipras, Dimitris and Schmidt, Ludwig and Madry, Aleksander},
  booktitle={International conference on machine learning},
  pages={1802--1811},
  year={2019},
  organization={PMLR}
}

@article{gonzalez2023benchmark,
  title={A benchmark for machine-learning based non-invasive blood pressure estimation using photoplethysmogram},
  author={Gonz{\'a}lez, Sergio and Hsieh, Wan-Ting and Chen, Trista Pei-Chun},
  journal={Scientific Data},
  volume={10},
  number={1},
  pages={149},
  year={2023},
  publisher={Nature Publishing Group UK London}
}

@article{gwon2023out,
  title={Out-of-distribution (OOD) detection and generalization improved by augmenting adversarial mixup samples},
  author={Gwon, Kyungpil and Yoo, Joonhyuk},
  journal={Electronics},
  volume={12},
  number={6},
  pages={1421},
  year={2023},
  publisher={MDPI}
}

@article{hendrycks2017baseline,
  title={A baseline for detecting misclassified and out-of-distribution examples in neural networks},
  author={Hendrycks, Dan and Gimpel, Kevin},
  journal={arXiv preprint arXiv:1610.02136},
  year={2017}
}

@inproceedings{liang2018enhancing,
  title={Enhancing the reliability of out-of-distribution image detection in neural networks},
  author={Liang, Shiyu and Li, Yixuan and Srikant, R},
  booktitle={International Conference on Learning Representations},
  year={2018}
}

@article{qin2023machine,
  title={Machine learning and deep learning for blood pressure prediction: a methodological review from multiple perspectives},
  author={Qin, Keke and Huang, Wu and Zhang, Tao and Tang, Shiqi},
  journal={Artificial Intelligence Review},
  volume={56},
  number={8},
  pages={8095--8196},
  year={2023},
  publisher={Springer}
}

@article{soltanieh2023distribution,
  title={In-distribution and out-of-distribution self-supervised ecg representation learning for arrhythmia detection},
  author={Soltanieh, Sahar and Hashemi, Javad and Etemad, Ali},
  journal={IEEE Journal of Biomedical and Health Informatics},
  year={2023},
  publisher={IEEE}
}

@article{treebupachatsakul2022cuff,
  title={Cuff-less blood pressure prediction from ecg and ppg signals using Fourier transformation and amplitude randomization preprocessing for context aggregation network training},
  author={Treebupachatsakul, Treesukon and Boosamalee, Apivitch and Shinnakerdchoke, Siratchakrit and Pechprasarn, Suejit and Thongpance, Nuntachai},
  journal={Biosensors},
  volume={12},
  number={3},
  pages={159},
  year={2022},
  publisher={MDPI}
}

@article{weber2023intensive,
  title={Intensive care photoplethysmogram datasets and machine-learning for blood pressure estimation: Generalization not guarantied},
  author={Weber-Boisvert, Guillaume and Gosselin, Benoit and Sandberg, Frida},
  journal={Frontiers in Physiology},
  volume={14},
  pages={1126957},
  year={2023},
  publisher={Frontiers Media SA}
}

@article{yang2022multimodal,
  title={A multimodal AI system for out-of-distribution generalization of seizure identification},
  author={Yang, Yikai and Truong, Nhan Duy and Eshraghian, Jason K and Maher, Christina and Nikpour, Armin and Kavehei, Omid},
  journal={IEEE Journal of Biomedical and Health Informatics},
  volume={26},
  number={7},
  pages={3529--3538},
  year={2022},
  publisher={IEEE}
}

@article{ye2021towards,
  title={Towards a theoretical framework of out-of-distribution generalization},
  author={Ye, Haotian and Xie, Chuanlong and Cai, Tianle and Li, Ruichen and Li, Zhenguo and Wang, Liwei},
  journal={Advances in Neural Information Processing Systems},
  volume={34},
  pages={23519--23531},
  year={2021}
}

@inproceedings{yi2021improved,
  title={Improved ood generalization via adversarial training and pretraing},
  author={Yi, Mingyang and Hou, Lu and Sun, Jiacheng and Shang, Lifeng and Jiang, Xin and Liu, Qun and Ma, Zhiming},
  booktitle={International Conference on Machine Learning},
  pages={11987--11997},
  year={2021},
  organization={PMLR}
}

@article{zabihi2021bp,
  title={BP-Net: Cuff-less, Calibration-free, and Non-invasive Blood Pressure Estimation via a Generic Deep Convolutional Architecture},
  author={Zabihi, Soheil and Rahimian, Elahe and Marefat, Fatemeh and Asif, Amir and Mohseni, Pedram and Mohammadi, Arash},
  journal={arXiv preprint arXiv:2112.15271},
  year={2021}
}

@inproceedings{zhang2021deep,
  title={Deep stable learning for out-of-distribution generalization},
  author={Zhang, Xingxuan and Cui, Peng and Xu, Renzhe and Zhou, Linjun and He, Yue and Shen, Zheyan},
  booktitle={Proceedings of the IEEE/CVF Conference on Computer Vision and Pattern Recognition},
  pages={5372--5382},
  year={2021}
}

