@String(PAMI = {IEEE Trans. Pattern Anal. Mach. Intell.})
@String(IJCV = {Int. J. Comput. Vis.})
@String(CVPR= {IEEE Conf. Comput. Vis. Pattern Recog.})
@String(ICCV= {Int. Conf. Comput. Vis.})
@String(ECCV= {Eur. Conf. Comput. Vis.})
@String(NIPS= {Adv. Neural Inform. Process. Syst.})
@String(ICPR = {Int. Conf. Pattern Recog.})
@String(BMVC= {Brit. Mach. Vis. Conf.})
@String(TOG= {ACM Trans. Graph.})
@String(TIP  = {IEEE Trans. Image Process.})
@String(TVCG  = {IEEE Trans. Vis. Comput. Graph.})
@String(TMM  = {IEEE Trans. Multimedia})
@String(ACMMM= {ACM Int. Conf. Multimedia})
@String(ICME = {Int. Conf. Multimedia and Expo})
@String(ICASSP=	{ICASSP})
@String(ICIP = {IEEE Int. Conf. Image Process.})
@String(ACCV  = {ACCV})
@String(ICLR = {Int. Conf. Learn. Represent.})
@String(IJCAI = {IJCAI})
@String(PR   = {Pattern Recognition})
@String(AAAI = {AAAI})
@String(CVPRW= {IEEE Conf. Comput. Vis. Pattern Recog. Worksh.})
@String(CSVT = {IEEE Trans. Circuit Syst. Video Technol.})

@String(SPL	= {IEEE Sign. Process. Letters})
@String(VR   = {Vis. Res.})
@String(JOV	 = {J. Vis.})
@String(TVC  = {The Vis. Comput.})
@String(JCST  = {J. Comput. Sci. Tech.})
@String(CGF  = {Comput. Graph. Forum})
@String(CVM = {Computational Visual Media})


@String(PAMI  = {IEEE TPAMI})
@String(IJCV  = {IJCV})
@String(CVPR  = {CVPR})
@String(ICCV  = {ICCV})
@String(ECCV  = {ECCV})
@String(NIPS  = {NeurIPS})
@String(ICPR  = {ICPR})
@String(BMVC  =	{BMVC})
@String(TOG   = {ACM TOG})
@String(TIP   = {IEEE TIP})
@String(TVCG  = {IEEE TVCG})
@String(TCSVT = {IEEE TCSVT})
@String(TMM   =	{IEEE TMM})
@String(ACMMM = {ACM MM})
@String(ICME  =	{ICME})
@String(ICASSP=	{ICASSP})
@String(ICIP  = {ICIP})
@String(ACCV  = {ACCV})
@String(ICLR  = {ICLR})
@String(IJCAI = {IJCAI})
@String(PR = {PR})
@String(AAAI = {AAAI})
@String(CVPRW= {CVPRW})
@String(CSVT = {IEEE TCSVT})



@misc{Authors14,
 author = {FirstName LastName},
 title = {The frobnicatable foo filter},
 note = {Face and Gesture submission ID 324. Supplied as supplemental material {\tt fg324.pdf}},
 year = 2014
}

@misc{Authors14b,
 author = {FirstName LastName},
 title = {Frobnication tutorial},
 note = {Supplied as supplemental material {\tt tr.pdf}},
 year = 2014
}

@article{Alpher02,
author = {FirstName Alpher},
title = {Frobnication},
journal = PAMI,
volume = 12,
number = 1,
pages = {234--778},
year = 2002
}

@article{Alpher03,
author = {FirstName Alpher and  FirstName Fotheringham-Smythe},
title = {Frobnication revisited},
journal = {Journal of Foo},
volume = 13,
number = 1,
pages = {234--778},
year = 2003
}

@article{Alpher04,
author = {FirstName Alpher and FirstName Fotheringham-Smythe and FirstName Gamow},
title = {Can a machine frobnicate?},
journal = {Journal of Foo},
volume = 14,
number = 1,
pages = {234--778},
year = 2004
}

@inproceedings{Alpher05,
author = {FirstName Alpher and FirstName Gamow},
title = {Can a computer frobnicate?},
booktitle = CVPR,
pages = {234--778},
year = 2005
}

@article{arnold2019survey,
  title={A survey on {3D} object detection methods for autonomous driving applications},
  author={Arnold, Eduardo and others},
  journal={IEEE Transactions on Intelligent Transportation Systems},
  volume={20},
  number={10},
  pages={3782--3795},
  year={2019},
  publisher={IEEE}
}

@article{cui2021deep,
  title={Deep learning for image and point cloud fusion in autonomous driving: A review},
  author={Cui, Yaodong and others},
  journal={IEEE Transactions on Intelligent Transportation Systems},
  volume={23},
  number={2},
  pages={722--739},
  year={2021},
  publisher={IEEE}
}

@inproceedings{zhao2023dive,
  title={Dive deeper into rectifying homography for stereo camera online self-calibration},
  author={Zhao, Hongbo and others},
  booktitle={2024 IEEE International Conference on Robotics and Automation (ICRA)},
  pages={14479--14485},
  year={2024},
  organization={IEEE}
}

@ARTICLE{wu2024s3mnet,
  author={Wu, Zhiyuan and others},
  journal={IEEE Transactions on Intelligent Vehicles}, 
  title={{S$^{3}$M-Net}: Joint Learning of Semantic Segmentation and Stereo Matching for Autonomous Driving}, 
  year={2024},
  volume={9},
  number={2},
  pages={3940-3951},
  }

@article{li2024roadformer,
  title={{RoadFormer}: Duplex transformer for RGB-normal semantic road scene parsing},
  author={Li, Jiahang and others},
  journal={IEEE Transactions on Intelligent Vehicles},
  year={2024},
  publisher={IEEE},
  note={{DOI:} 10.1109/TIV.2024.3388726}
}


@article{ma2022computer,
  title={Computer vision for road imaging and pothole detection: a state-of-the-art review of systems and algorithms},
  author={Ma, Nachuan and others},
  journal={Transportation safety and Environment},
  volume={4},
  number={4},
  pages={tdac026},
  year={2022},
  publisher={Oxford University Press}
}

@book{fan2023autonomous,
  title={Autonomous driving perception},
  author={Fan, Rui and others},
  year={2023},
  publisher={Springer}
}

@inproceedings{fan2020sne,
  title={{SNE-RoadSeg}: Incorporating surface normal information into semantic segmentation for accurate freespace detection},
  author={Fan, Rui and others},
  booktitle={European Conference on Computer Vision (ECCV)},
  pages={340--356},
  year={2020},
  organization={Springer}
}

@article{liu2024playing,
  title={Playing to Vision Foundation Model's Strengths in Stereo Matching},
  author={Liu, Chuang-Wei and others},
  journal={IEEE Transactions on Intelligent Vehicles},
  year={2024}
}

@article{oquab2023dinov2,
  title={{DINOv2}: Learning robust visual features without supervision},
  author={Oquab, Maxime and others},
  journal={Transactions on Machine Learning Research},
  year={2023}
}

@inproceedings{yan2023joint,
  title={Joint camera intrinsic and {LiDAR-camera} extrinsic calibration},
  author={Yan, Guohang and others},
  booktitle={2023 IEEE International Conference on Robotics and Automation (ICRA)},
  pages={11446--11452},
  year={2023},
  organization={IEEE}
}

@article{huang2024roadformer+,
  title={{RoadFormer+}: Delivering RGB-X Scene Parsing through Scale-Aware Information Decoupling and Advanced Heterogeneous Feature Fusion},
  author={Huang, Jianxin and others},
  journal={IEEE Transactions on Intelligent Vehicles},
  year={2024},
  publisher={IEEE},
  note={{DOI}: 10.1109/TIV.2024.3448251}
}

@article{fan2018road,
  title={Road surface {3D }reconstruction based on dense subpixel disparity map estimation},
  author={Fan, Rui and others},
  journal={IEEE Transactions on Image Processing},
  volume={27},
  number={6},
  pages={3025--3035},
  year={2018},
  publisher={IEEE}
}

@article{fan2019pothole,
  title={Pothole detection based on disparity transformation and road surface modeling},
  author={Fan, Rui and others},
  journal={IEEE Transactions on Image Processing},
  volume={29},
  pages={897--908},
  year={2019},
  publisher={IEEE}
}

@article{tang2023robust,
  title={Robust calibration of vehicle solid-state {LiDAR-camera} perception system using line-weighted correspondences in natural environments},
  author={Tang, Shengjun and others},
  journal={IEEE Transactions on Intelligent Transportation Systems},
  year={2023},
  publisher={IEEE},
  note = {{DOI}: 10.1109/TITS.2023.3328062}
}

@article{ou2023targetless,
  title={Targetless Extrinsic Calibration of Camera and Low-resolution {3D} {LiDAR}},
  author={Ou, Ni and others},
  journal={IEEE Sensors Journal},
  year={2023},
  publisher={IEEE}
}

@article{liao2023se,
  title={{SE-Calib}: Semantic Edges based {LiDAR-camera} Boresight Online Calibration in Urban Scenes},
  author={Liao, Youqi and others},
  journal={IEEE Transactions on Geoscience and Remote Sensing},
  year={2023},
  publisher={IEEE},
  note = {{DOI}: 10.1109/TGRS.2023.3278024}
}

@article{yuan2021pixel,
  title={Pixel-level extrinsic self calibration of high resolution {LiDAR} and camera in targetless environments},
  author={Yuan, Chongjian and others},
  journal={IEEE Robotics and Automation Letters},
  volume={6},
  number={4},
  pages={7517--7524},
  year={2021},
  publisher={IEEE}
}

@inproceedings{zhang2021line,
  title={Line-based automatic extrinsic calibration of {LiDAR} and camera},
  author={Zhang, Xinyu and others},
  booktitle={2021 IEEE International Conference on Robotics and Automation (ICRA)},
  pages={9347--9353},
  year={2021},
  organization={IEEE}
}


@article{ma2021crlf,
  title={{CRLF}: Automatic calibration and refinement based on line feature for {LiDAR} and camera in road scenes},
  author={Ma, Tao and others},
  journal={arXiv preprint arXiv:2103.04558},
  year={2021}
}

@article{zhang2023faster,
  title={{Faster Segment Anything}: Towards Lightweight SAM for Mobile Applications},
  author={Zhang, Chaoning and others},
  journal={arXiv preprint arXiv:2306.14289},
  year={2023}
}

@article{li2018automatic,
  title={Automatic registration of panoramic image sequence and mobile laser scanning data using semantic features},
  author={Li, Jianping and others},
  journal={ISPRS Journal of Photogrammetry and Remote Sensing},
  volume={136},
  pages={41--57},
  year={2018},
  publisher={Elsevier}
}

@article{wang2022automatic,
  title={Automatic registration of point cloud and panoramic images in urban scenes based on pole matching},
  author={Wang, Yuan and others},
  journal={International Journal of Applied Earth Observation and Geoinformation},
  volume={115},
  pages={103083},
  year={2022},
  publisher={Elsevier}
}


@article{wang2020soic,
  title={{SOIC}: Semantic online initialization and calibration for {LiDAR} and camera},
  author={Wang, Weimin and others},
  journal={arXiv preprint arXiv:2003.04260},
  year={2020}
}

@inproceedings{wang2022temporal,
  title={Temporal and spatial online integrated calibration for camera and {LiDAR}},
  author={Wang, Shouan and others},
  booktitle={2022 IEEE International Conference on Intelligent Transportation Systems (ITSC)},
  pages={3016--3022},
  year={2022},
  organization={IEEE}
}

@article{lv2015automatic,
  title={Automatic registration of airborne {LiDAR} point cloud data and optical imagery depth map based on line and points features},
  author={Lv, Fang and Ren, Kan},
  journal={Infrared Physics \& Technology},
  volume={71},
  pages={457--463},
  year={2015},
  publisher={Elsevier}
}

@inproceedings{castorena2016autocalibration,
  title={Autocalibration of {LiDAR} and optical cameras via edge alignment},
  author={Castorena, Juan and others},
  booktitle={2016 IEEE International Conference on Acoustics, Speech and Signal Processing (ICASSP)},
  pages={2862--2866},
  year={2016},
  organization={IEEE}
}

@inproceedings{lv2021lccnet,
  title={{LCCNet}: {LiDAR} and camera self-calibration using cost volume network},
  author={Lv, Xudong and others},
  booktitle={Proceedings of the IEEE/CVF Conference on Computer Vision and Pattern Recognition (CVPR)},
  pages={2894--2901},
  year={2021}
}

@inproceedings{kirillov2023segment,
  title={{Segment Anything}},
  author={Kirillov and others},
  booktitle={Proceedings of the IEEE/CVF International Conference on Computer Vision (CVPR)},
  pages={4015--4026},
  year={2023}
}

@inproceedings{han2021auto,
  title={Auto-calibration method using stop signs for urban autonomous driving applications},
  author={Han, Yunhai and others},
  booktitle={2021 IEEE International Conference on Robotics and Automation (ICRA)},
  pages={13179--13185},
  year={2021},
  organization={IEEE}
}

@inproceedings{scaramuzza2007extrinsic,
  title={Extrinsic self calibration of a camera and a {3D} laser range finder from natural scenes},
  author={Scaramuzza, Davide and others},
  booktitle={2007 IEEE/RSJ International Conference on Intelligent Robots and Systems (IROS)},
  pages={4164--4169},
  year={2007},
  organization={IEEE}
}


@inproceedings{pandey2012automatic,
  title={Automatic targetless extrinsic calibration of a {3D} {LiDAR} and camera by maximizing mutual information},
  author={Pandey, Gaurav and others},
  booktitle={Proceedings of the AAAI Conference on Artificial Intelligence (AAAI)},
  volume={26},
  number={1},
  pages={2053--2059},
  year={2012}
}

@inproceedings{koide2023general,
  title={General, Single-shot, Target-less, and Automatic {LiDAR}-Camera Extrinsic Calibration Toolbox}, 
  author={Koide, Kenji and others},
  booktitle={2023 IEEE International Conference on Robotics and Automation (ICRA)}, 
  year={2023},
  pages={11301-11307},
}

@article{huang2020improvements,
  title={Improvements to target-based {3D LiDAR} to camera calibration},
  author={Huang, Jiunn-Kai and Grizzle, Jessy W},
  journal={IEEE Access},
  volume={8},
  pages={134101--134110},
  year={2020},
  publisher={IEEE}
}

@article{ye2021keypoint,
  title={Keypoint-based {LiDAR-camera} online calibration with robust geometric network},
  author={Ye, Chao and others},
  journal={IEEE Transactions on Instrumentation and Measurement},
  volume={71},
  pages={1--11},
  year={2021},
  publisher={IEEE}
}

@article{beltran2022automatic,
  title={Automatic extrinsic calibration method for {LiDAR} and camera sensor setups},
  author={Beltr{\'a}n, Jorge and others},
  journal={IEEE Transactions on Intelligent Transportation Systems},
  volume={23},
  number={10},
  pages={17677--17689},
  year={2022},
  publisher={IEEE}
}

@inproceedings{koo2020analytic,
  title={Analytic plane covariances construction for precise planarity-based extrinsic calibration of camera and {LiDAR}},
  author={Koo, Gunhee and others},
  booktitle={2020 IEEE International Conference on Robotics and Automation (ICRA)},
  pages={6042--6048},
  year={2020},
  organization={IEEE}
}

@article{zhang2022multi,
  title={{Multi-FEAT}: Multi-Feature Edge AlignmenT for Targetless {camera-LiDAR} Calibration},
  author={Zhang, Bichi and Rajan, Raj Thilak},
  journal={arXiv preprint arXiv:2207.07228},
  year={2022}
}

@article{xie2022a4lidartag,
  title={{A4LidarTag}: Depth-based fiducial marker for extrinsic calibration of solid-state {LiDAR} and camera},
  author={Xie, Yusen and others},
  journal={IEEE Robotics and Automation Letters},
  volume={7},
  number={3},
  pages={6487--6494},
  year={2022},
  publisher={IEEE}
}

@inproceedings{tsai2021optimising,
  title={Optimising the selection of samples for robust {LiDAR} camera calibration},
  author={Tsai, Darren and others},
  booktitle={2021 IEEE International Intelligent Transportation Systems Conference (ITSC)},
  pages={2631--2638},
  year={2021},
  organization={IEEE}
}

@inproceedings{zhu2020online,
  title={Online camera-{LiDAR} calibration with sensor semantic information},
  author={Zhu, Yufeng and others},
  booktitle={2020 IEEE International Conference on Robotics and Automation (ICRA)},
  pages={4970--4976},
  year={2020},
  organization={IEEE}
}

@inproceedings{ishikawa2018lidar,
  title={{LiDAR} and camera calibration using motions estimated by sensor fusion odometry},
  author={Ishikawa, Ryoichi and others},
  booktitle={2018 IEEE/RSJ International Conference on Intelligent Robots and Systems (IROS)},
  pages={7342--7349},
  year={2018},
  organization={IEEE}
}

@inproceedings{geiger2012we,
  title={Are we ready for autonomous driving? the {KITTI} vision benchmark suite},
  author={Geiger, Andreas and others},
  booktitle={2012 IEEE conference on Computer Vision and Pattern Recognition (CVPR)},
  pages={3354--3361},
  year={2012},
  organization={IEEE}
}


@inproceedings{sarlin2020superglue,
  title={{SuperGlue}: Learning feature matching with graph neural networks},
  author={Sarlin, Paul-Edouard and others},
  booktitle={Proceedings of the IEEE/CVF Conference on Computer Vision and Pattern Recognition (CVPR)},
  pages={4938--4947},
  year={2020}
}

@article{kang2022accurate,
  title={Accurate fruit localisation using high resolution {LiDAR-camera} fusion and instance segmentation},
  author={Kang, Hanwen and others},
  journal={Computers and Electronics in Agriculture},
  volume={203},
  pages={107450},
  year={2022},
  publisher={Elsevier}
}

@article{dhall1705lidar,
  title={{LiDAR-camera} calibration using {3D-3D} point correspondences. arXiv 2017},
  author={Dhall, A and others},
  journal={arXiv preprint arXiv:1705.09785}
}

@inproceedings{bileschi2009fully,
  title={Fully automatic calibration of {LiDAR} and video streams from a vehicle},
  author={Bileschi, Stanley},
  booktitle={2009 IEEE International Conference on Computer Vision Workshops (ICCVW)},
  pages={1457--1464},
  year={2009},
  organization={IEEE}
}

@inproceedings{moghadam2013line,
  title={Line-based extrinsic calibration of range and image sensors},
  author={Moghadam, Peyman and others},
  booktitle={2013 IEEE International Conference on Robotics and Automation},
  pages={3685--3691},
  year={2013},
  organization={IEEE}
}

@inproceedings{qiao2013improved,
  title={Improved Harris sub-pixel corner detection algorithm for chessboard image},
  author={Qiao, Yujing and others},
  booktitle={Proceedings of 2013 2nd International Conference on Measurement, Information and Control},
  volume={2},
  pages={1408--1411},
  year={2013},
  organization={IEEE}
}

@article{cui2020acsc,
  title={{ACSC}: Automatic calibration for non-repetitive scanning solid-state {LiDAR} and camera systems},
  author={Cui, Jiahe and others},
  journal={arXiv preprint arXiv:2011.08516},
  year={2020}
}

@inproceedings{pu2022edter,
  title={{EDTER}: Edge detection with {Transformer}},
  author={Pu, Mengyang and others},
  booktitle={Proceedings of the IEEE/CVF Conference on Computer Vision and Pattern Recognition (CVPR)},
  pages={1402--1412},
  year={2022}
}

@inproceedings{schneider2017regnet,
  title={{RegNet}: Multimodal sensor registration using deep neural networks},
  author={Schneider, Nick and others},
  booktitle={2017 IEEE Intelligent Vehicles Symposium (IV)},
  pages={1803--1810},
  year={2017},
  organization={IEEE}
}

@inproceedings{iyer2018calibnet,
  title={{CalibNet}: Geometrically supervised extrinsic calibration using {3D} spatial transformer networks},
  author={Iyer, Ganesh and others},
  booktitle={2018 IEEE/RSJ International Conference on Intelligent Robots and Systems (IROS)},
  pages={1110--1117},
  year={2018},
  organization={IEEE}
}

@article{pandey2015automatic,
  title={Automatic extrinsic calibration of vision and {LiDAR} by maximizing mutual information},
  author={{G. Pandey} and others},
  journal={Journal of Field Robotics},
  volume={32},
  number={5},
  pages={696--722},
  year={2015},
  publisher={Wiley Online Library}
}

@article{sun2022atop,
  title={{ATOP}: An attention-to-optimization approach for automatic {LiDAR-camera} calibration via cross-modal object matching},
  author={Sun, Yi and others},
  journal={IEEE Transactions on Intelligent Vehicles},
  volume={8},
  number={1},
  pages={696--708},
  year={2022},
  publisher={IEEE}
}

@inproceedings{li2022deepfusion,
  title={{DeepFusion}: {LiDAR-camera} deep fusion for multi-modal {3D} object detection},
  author={Li, Yingwei and others},
  booktitle={Proceedings of the IEEE/CVF Conference on {Computer Vision and Pattern Recognition} (CVPR)},
  pages={17182--17191},
  year={2022}
}

@inproceedings{bai2022transfusion,
  title={{TransFusion}: Robust {LiDAR-camera} fusion for {3D} object detection with Transformers},
  author={Bai, Xuyang and others},
  booktitle={Proceedings of the IEEE/CVF Conference on {Computer Vision and Pattern Recognition} (CVPR)},
  pages={1090--1099},
  year={2022}
}

@article{zhang2023fs,
  title={{FS-Net}: {LiDAR-camera} Fusion With Matched Scale for {3D} Object Detection in Autonomous Driving},
  author={Zhang, Lei and others},
  journal={IEEE Transactions on Intelligent Transportation Systems},
  year={2023},
  publisher={IEEE},
  note = {{DOI}: 10.1109/TITS.2023.3287557}
}

@article{ou2023cross,
  title={Targetless {LiDAR-camera} Calibration via Cross-modality Structure Consistency},
  author={Ou, Ni and others},
  journal={IEEE Transactions on Intelligent Vehicles},
  year={2023},
  publisher={IEEE},
  note = {{DOI}: 10.1109/TIV.2023.3337490}
}


@inproceedings{borer2024chaos,
  title={From Chaos to Calibration: A Geometric Mutual Information Approach to Target-Free Camera {LiDAR} Extrinsic Calibration},
  author={Borer, Jack and others},
  booktitle={Proceedings of the IEEE/CVF Winter Conference on Applications of Computer Vision (WACV)},
  pages={8409--8418},
  year={2024}
}

@article{yuan2020rggnet,
  title={{RGGNet}: Tolerance aware {LiDAR}-camera online calibration with geometric deep learning and generative model},
  author={Yuan, Kaiwen and others},
  journal={IEEE Robotics and Automation Letters},
  volume={5},
  number={4},
  pages={6956--6963},
  year={2020},
  publisher={IEEE}
}

@article{luo2023calib,
  title={{Calib-Anything}: Zero-training lidar-camera extrinsic calibration method using segment anything},
  author={Luo, Zhaotong and Yan, Guohang and Li, Yikang},
  journal={arXiv preprint arXiv:2306.02656},
  year={2023}
}

@ARTICLE{zhiwei2024lcec,
  author={Huang, Zhiwei and others},
  journal={IEEE Transactions on Intelligent Vehicles}, 
  title={Online, Target-Free LiDAR-Camera Extrinsic Calibration via Cross-Modal Mask Matching}, 
  year={2024},
  volume={},
  number={},
  pages={1-12},
  doi={10.1109/TIV.2024.3456299}
}
@ARTICLE{goodale1992seperate,
author={Goodale, Melvyn A. and A. David Milner},
title={Separate visual pathways for perception and action}, 
journal={Trends in Neurosciences},
  volume={15},
  number={1},
  pages={20--25},
  year={1992}
}

@inproceedings{shi2020calibrcnn,
  title={{CalibRCNN}: Calibrating camera and lidar by recurrent convolutional neural network and geometric constraints},
  author={Shi, Jieying and others},
  booktitle={2020 IEEE/RSJ International Conference on Intelligent Robots and Systems (IROS)},
  pages={10197--10202},
  year={2020},
  organization={IEEE}
}
@inproceedings{zhao2021calibdnn,
  title={{CalibDNN}: multimodal sensor calibration for perception using deep neural networks},
  author={Zhao, Ganning and others},
  booktitle={Signal Processing, Sensor/Information Fusion, and Target Recognition XXX},
  volume={11756},
  pages={324--335},
  year={2021},
  organization={SPIE}
}

@article{zhang2023overlap,
  title={An overlap-free calibration method for {LiDAR}-camera platforms based on environmental perception},
  author={Zhang, Dedong and others},
  journal={IEEE Transactions on Instrumentation and Measurement},
  volume={72},
  pages={1--7},
  year={2023},
  publisher={IEEE}
}

@article{yin2023automatic,
  title={Automatic and targetless {LiDAR}-camera extrinsic calibration using edge alignment},
  author={Yin, Jun and others},
  journal={IEEE Sensors Journal},
  year={2023},
  publisher={IEEE}
}

@article{pelau2021makes,
  title={What makes an {AI} device human-like? The role of interaction quality, empathy and perceived psychological anthropomorphic characteristics in the acceptance of artificial intelligence in the service industry},
  author={Pelau, Corina and Dabija, Dan-Cristian and Ene, Irina},
  journal={Computers in Human Behavior},
  volume={122},
  pages={106855},
  year={2021},
  publisher={Elsevier}
}

@article{tian2022kimera,
  title={Kimera-multi: Robust, distributed, dense metric-semantic slam for multi-robot systems},
  author={Tian, Yulun and Chang, Yun and Arias, Fernando Herrera and Nieto-Granda, Carlos and How, Jonathan P and Carlone, Luca},
  journal={IEEE Transactions on Robotics},
  volume={38},
  number={4},
  year={2022},
  publisher={IEEE}
}

@article{liu2022targetless,
  title={Targetless extrinsic calibration of multiple small FoV LiDARs and cameras using adaptive voxelization},
  author={Liu, Xiyuan and Yuan, Chongjian and Zhang, Fu},
  journal={IEEE Transactions on Instrumentation and Measurement},
  volume={71},
  pages={1--12},
  year={2022},
  publisher={IEEE}
}

@article{depth_anything_v2,
  title={{Depth Anything V2}},
  author={Yang, Lihe and others},
  journal={arXiv:2406.09414},
  year={2024}
}

@article{ai2023lidar,
  title={{LiDAR}-Camera Fusion in Perspective View for {3D} Object Detection in Surface Mine},
  author={Ai, Yunfeng and others},
  journal={IEEE Transactions on Intelligent Vehicles},
  year={2023},
  publisher={IEEE},
  note = {{DOI}: 10.1109/TIV.2023.3343377}
}

@inproceedings{rublee2011orb,
  title={{ORB}: An efficient alternative to SIFT or SURF},
  author={Rublee, Ethan and Rabaud, Vincent and Konolige, Kurt and Bradski, Gary},
  booktitle={2011 International conference on computer vision},
  pages={2564--2571},
  year={2011},
  organization={Ieee}
}