@inproceedings{borer2024chaos,
  title={From Chaos to Calibration: A Geometric Mutual Information Approach to Target-Free Camera {LiDAR} Extrinsic Calibration},
  author={Borer, Jack and others},
  booktitle={Proceedings of the IEEE/CVF Winter Conference on Applications of Computer Vision (WACV)},
  pages={8409--8418},
  year={2024}
}

@inproceedings{castorena2016autocalibration,
  title={Autocalibration of {LiDAR} and optical cameras via edge alignment},
  author={Castorena, Juan and others},
  booktitle={2016 IEEE International Conference on Acoustics, Speech and Signal Processing (ICASSP)},
  pages={2862--2866},
  year={2016},
  organization={IEEE}
}

@inproceedings{geiger2012we,
  title={Are we ready for autonomous driving? the {KITTI} vision benchmark suite},
  author={Geiger, Andreas and others},
  booktitle={2012 IEEE conference on Computer Vision and Pattern Recognition (CVPR)},
  pages={3354--3361},
  year={2012},
  organization={IEEE}
}

@inproceedings{han2021auto,
  title={Auto-calibration method using stop signs for urban autonomous driving applications},
  author={Han, Yunhai and others},
  booktitle={2021 IEEE International Conference on Robotics and Automation (ICRA)},
  pages={13179--13185},
  year={2021},
  organization={IEEE}
}

@inproceedings{iyer2018calibnet,
  title={{CalibNet}: Geometrically supervised extrinsic calibration using {3D} spatial transformer networks},
  author={Iyer, Ganesh and others},
  booktitle={2018 IEEE/RSJ International Conference on Intelligent Robots and Systems (IROS)},
  pages={1110--1117},
  year={2018},
  organization={IEEE}
}

@inproceedings{koide2023general,
  title={General, Single-shot, Target-less, and Automatic {LiDAR}-Camera Extrinsic Calibration Toolbox}, 
  author={Koide, Kenji and others},
  booktitle={2023 IEEE International Conference on Robotics and Automation (ICRA)}, 
  year={2023},
  pages={11301-11307},
}

@article{li2018automatic,
  title={Automatic registration of panoramic image sequence and mobile laser scanning data using semantic features},
  author={Li, Jianping and others},
  journal={ISPRS Journal of Photogrammetry and Remote Sensing},
  volume={136},
  pages={41--57},
  year={2018},
  publisher={Elsevier}
}

@article{liao2023se,
  title={{SE-Calib}: Semantic Edges based {LiDAR-camera} Boresight Online Calibration in Urban Scenes},
  author={Liao, Youqi and others},
  journal={IEEE Transactions on Geoscience and Remote Sensing},
  year={2023},
  publisher={IEEE},
  note = {{DOI}: 10.1109/TGRS.2023.3278024}
}

@article{lv2015automatic,
  title={Automatic registration of airborne {LiDAR} point cloud data and optical imagery depth map based on line and points features},
  author={Lv, Fang and Ren, Kan},
  journal={Infrared Physics \& Technology},
  volume={71},
  pages={457--463},
  year={2015},
  publisher={Elsevier}
}

@inproceedings{lv2021lccnet,
  title={{LCCNet}: {LiDAR} and camera self-calibration using cost volume network},
  author={Lv, Xudong and others},
  booktitle={Proceedings of the IEEE/CVF Conference on Computer Vision and Pattern Recognition (CVPR)},
  pages={2894--2901},
  year={2021}
}

@article{ma2021crlf,
  title={{CRLF}: Automatic calibration and refinement based on line feature for {LiDAR} and camera in road scenes},
  author={Ma, Tao and others},
  journal={arXiv preprint arXiv:2103.04558},
  year={2021}
}

@article{ou2023cross,
  title={Targetless {LiDAR-camera} Calibration via Cross-modality Structure Consistency},
  author={Ou, Ni and others},
  journal={IEEE Transactions on Intelligent Vehicles},
  year={2023},
  publisher={IEEE},
  note = {{DOI}: 10.1109/TIV.2023.3337490}
}

@article{ou2023targetless,
  title={Targetless Extrinsic Calibration of Camera and Low-resolution {3D} {LiDAR}},
  author={Ou, Ni and others},
  journal={IEEE Sensors Journal},
  year={2023},
  publisher={IEEE}
}

@article{pandey2015automatic,
  title={Automatic extrinsic calibration of vision and {LiDAR} by maximizing mutual information},
  author={{G. Pandey} and others},
  journal={Journal of Field Robotics},
  volume={32},
  number={5},
  pages={696--722},
  year={2015},
  publisher={Wiley Online Library}
}

@inproceedings{sarlin2020superglue,
  title={{SuperGlue}: Learning feature matching with graph neural networks},
  author={Sarlin, Paul-Edouard and others},
  booktitle={Proceedings of the IEEE/CVF Conference on Computer Vision and Pattern Recognition (CVPR)},
  pages={4938--4947},
  year={2020}
}

@inproceedings{shi2020calibrcnn,
  title={{CalibRCNN}: Calibrating camera and lidar by recurrent convolutional neural network and geometric constraints},
  author={Shi, Jieying and others},
  booktitle={2020 IEEE/RSJ International Conference on Intelligent Robots and Systems (IROS)},
  pages={10197--10202},
  year={2020},
  organization={IEEE}
}

@article{tang2023robust,
  title={Robust calibration of vehicle solid-state {LiDAR-camera} perception system using line-weighted correspondences in natural environments},
  author={Tang, Shengjun and others},
  journal={IEEE Transactions on Intelligent Transportation Systems},
  year={2023},
  publisher={IEEE},
  note = {{DOI}: 10.1109/TITS.2023.3328062}
}

@article{wang2022automatic,
  title={Automatic registration of point cloud and panoramic images in urban scenes based on pole matching},
  author={Wang, Yuan and others},
  journal={International Journal of Applied Earth Observation and Geoinformation},
  volume={115},
  pages={103083},
  year={2022},
  publisher={Elsevier}
}

@article{yin2023automatic,
  title={Automatic and targetless {LiDAR}-camera extrinsic calibration using edge alignment},
  author={Yin, Jun and others},
  journal={IEEE Sensors Journal},
  year={2023},
  publisher={IEEE}
}

@article{yuan2020rggnet,
  title={{RGGNet}: Tolerance aware {LiDAR}-camera online calibration with geometric deep learning and generative model},
  author={Yuan, Kaiwen and others},
  journal={IEEE Robotics and Automation Letters},
  volume={5},
  number={4},
  pages={6956--6963},
  year={2020},
  publisher={IEEE}
}

@article{yuan2021pixel,
  title={Pixel-level extrinsic self calibration of high resolution {LiDAR} and camera in targetless environments},
  author={Yuan, Chongjian and others},
  journal={IEEE Robotics and Automation Letters},
  volume={6},
  number={4},
  pages={7517--7524},
  year={2021},
  publisher={IEEE}
}

@article{zhang2022multi,
  title={{Multi-FEAT}: Multi-Feature Edge AlignmenT for Targetless {camera-LiDAR} Calibration},
  author={Zhang, Bichi and Rajan, Raj Thilak},
  journal={arXiv preprint arXiv:2207.07228},
  year={2022}
}

@article{zhang2023overlap,
  title={An overlap-free calibration method for {LiDAR}-camera platforms based on environmental perception},
  author={Zhang, Dedong and others},
  journal={IEEE Transactions on Instrumentation and Measurement},
  volume={72},
  pages={1--7},
  year={2023},
  publisher={IEEE}
}

@inproceedings{zhao2021calibdnn,
  title={{CalibDNN}: multimodal sensor calibration for perception using deep neural networks},
  author={Zhao, Ganning and others},
  booktitle={Signal Processing, Sensor/Information Fusion, and Target Recognition XXX},
  volume={11756},
  pages={324--335},
  year={2021},
  organization={SPIE}
}

@ARTICLE{zhiwei2024lcec,
  author={Huang, Zhiwei and others},
  journal={IEEE Transactions on Intelligent Vehicles}, 
  title={Online, Target-Free LiDAR-Camera Extrinsic Calibration via Cross-Modal Mask Matching}, 
  year={2024},
  volume={},
  number={},
  pages={1-12},
  doi={10.1109/TIV.2024.3456299}
}

@inproceedings{zhu2020online,
  title={Online camera-{LiDAR} calibration with sensor semantic information},
  author={Zhu, Yufeng and others},
  booktitle={2020 IEEE International Conference on Robotics and Automation (ICRA)},
  pages={4970--4976},
  year={2020},
  organization={IEEE}
}

