@article{bastani2022meta,
  title={Meta dynamic pricing: Transfer learning across experiments},
  author={Bastani, Hamsa and Simchi-Levi, David and Zhu, Ruihao},
  journal={Management Science},
  volume={68},
  number={3},
  pages={1865--1881},
  year={2022},
  publisher={INFORMS}
}

@article{fithian2014local,
  title={Local case-control sampling: Efficient subsampling in imbalanced data sets},
  author={Fithian, William and Hastie, Trevor},
  journal={Annals of statistics},
  volume={42},
  number={5},
  pages={1693},
  year={2014},
  publisher={NIH Public Access}
}

@article{rudelson2009smallest,
  title={Smallest singular value of a random rectangular matrix},
  author={Rudelson, Mark and Vershynin, Roman},
  journal={Communications on Pure and Applied Mathematics: A Journal Issued by the Courant Institute of Mathematical Sciences},
  volume={62},
  number={12},
  pages={1707--1739},
  year={2009},
  publisher={Wiley Online Library}
}

@article{murphy2001marginal,
  title={Marginal mean models for dynamic regimes},
  author={Murphy, Susan A and van der Laan, Mark J and Robins, James M and Conduct Problems Prevention Research Group},
  journal={Journal of the American Statistical Association},
  volume={96},
  number={456},
  pages={1410--1423},
  year={2001},
  publisher={Taylor \& Francis}
}

@article{zolna2020offline,
  title={Offline learning from demonstrations and unlabeled experience},
  author={Zolna, Konrad and Novikov, Alexander and Konyushkova, Ksenia and Gulcehre, Caglar and Wang, Ziyu and Aytar, Yusuf and Denil, Misha and de Freitas, Nando and Reed, Scott},
  journal={arXiv preprint arXiv:2011.13885},
  year={2020}
}

@article{levine2020offline,
  title={Offline reinforcement learning: Tutorial, review, and perspectives on open problems},
  author={Levine, Sergey and Kumar, Aviral and Tucker, George and Fu, Justin},
  journal={arXiv preprint arXiv:2005.01643},
  year={2020}
}

@article{kumar2019stabilizing,
  title={Stabilizing off-policy q-learning via bootstrapping error reduction},
  author={Kumar, Aviral and Fu, Justin and Soh, Matthew and Tucker, George and Levine, Sergey},
  journal={Advances in neural information processing systems},
  volume={32},
  year={2019}
}

@inproceedings{zhu2020borrowing,
  title={Borrowing from the future: An attempt to address double sampling},
  author={Zhu, Yuhua and Ying, Lexing},
  booktitle={Mathematical and scientific machine learning},
  pages={246--268},
  year={2020},
  organization={PMLR}
}

@article{tesauro1995temporal,
  title={Temporal difference learning and TD-Gammon},
  author={Tesauro, Gerald and others},
  journal={Communications of the ACM},
  volume={38},
  number={3},
  pages={58--68},
  year={1995}
}

@article{gowrisankaran2012dynamics,
  title={Dynamics of consumer demand for new durable goods},
  author={Gowrisankaran, Gautam and Rysman, Marc},
  journal={Journal of political Economy},
  volume={120},
  number={6},
  pages={1173--1219},
  year={2012},
  publisher={University of Chicago Press Chicago, IL}
}

@article{rashidinejad2024sail,
  title={Sail into the Headwind: Alignment via Robust Rewards and Dynamic Labels against Reward Hacking},
  author={Rashidinejad, Paria and Tian, Yuandong},
  journal={arXiv preprint arXiv:2412.09544},
  year={2024}
}

@inproceedings{combes2024extension,
  title={An extension of mcdiarmid's inequality},
  author={Combes, Richard},
  booktitle={2024 IEEE International Symposium on Information Theory (ISIT)},
  pages={79--84},
  year={2024},
  organization={IEEE}
}

@misc{kan2023lseminkmodifiednewtonkrylovmethod,
      title={LSEMINK: A Modified Newton-Krylov Method for Log-Sum-Exp Minimization}, 
      author={Kelvin Kan and James G. Nagy and Lars Ruthotto},
      year={2023},
      eprint={2307.04871},
      archivePrefix={arXiv},
      primaryClass={math.OC},
      url={https://arxiv.org/abs/2307.04871}, 
}

@inproceedings{liao2024error,
  title={Error bounds, PL condition, and quadratic growth for weakly convex functions, and linear convergences of proximal point methods},
  author={Liao, Feng-Yi and Ding, Lijun and Zheng, Yang},
  booktitle={6th Annual Learning for Dynamics \& Control Conference},
  pages={993--1005},
  year={2024},
  organization={PMLR}
}

@article{drusvyatskiy2018error,
  title={Error bounds, quadratic growth, and linear convergence of proximal methods},
  author={Drusvyatskiy, Dmitriy and Lewis, Adrian S},
  journal={Mathematics of Operations Research},
  volume={43},
  number={3},
  pages={919--948},
  year={2018},
  publisher={INFORMS}
}

@article{kalouptsidi2021identification,
  title={Identification of counterfactuals in dynamic discrete choice models},
  author={Kalouptsidi, Myrto and Scott, Paul T and Souza-Rodrigues, Eduardo},
  journal={Quantitative Economics},
  volume={12},
  number={2},
  pages={351--403},
  year={2021},
  publisher={Wiley Online Library}
}

@article{mcfadden2001economic,
  title={Economic choices},
  author={McFadden, Daniel},
  journal={American economic review},
  volume={91},
  number={3},
  pages={351--378},
  year={2001},
  publisher={American Economic Association}
}

@article{brockman2016openai,
  title={OpenAI Gym},
  author={Brockman, G},
  journal={arXiv preprint arXiv:1606.01540},
  year={2016}
}

@article{sebag2023combining,
  title={On Combining Expert Demonstrations in Imitation Learning via Optimal Transport},
  author={Sebag, Ilana and Cohen, Samuel and Deisenroth, Marc Peter},
  journal={arXiv preprint arXiv:2307.10810},
  year={2023}
}

@inproceedings{bas2021logistic,
  title={Logistic Q-learning},
  author={Bas-Serrano, Joan and Curi, Sebastian and Krause, Andreas and Neu, Gergely},
  booktitle={International conference on artificial intelligence and statistics},
  pages={3610--3618},
  year={2021},
  organization={PMLR}
}

@inproceedings{zhu2020borrowing,
  title={Borrowing from the future: An attempt to address double sampling},
  author={Zhu, Yuhua and Ying, Lexing},
  booktitle={Mathematical and scientific machine learning},
  pages={246--268},
  year={2020},
  organization={PMLR}
}

@article{schulman2017proximal,
  title={Proximal policy optimization algorithms},
  author={Schulman, John and Wolski, Filip and Dhariwal, Prafulla and Radford, Alec and Klimov, Oleg},
  journal={arXiv preprint arXiv:1707.06347},
  year={2017}
}

@article{raffin2021stable,
  title={Stable-baselines3: Reliable reinforcement learning implementations},
  author={Raffin, Antonin and Hill, Ashley and Gleave, Adam and Kanervisto, Anssi and Ernestus, Maximilian and Dormann, Noah},
  journal={Journal of Machine Learning Research},
  volume={22},
  number={268},
  pages={1--8},
  year={2021}
}


@article{kidambi2021mobile,
  title={Mobile: Model-based imitation learning from observation alone},
  author={Kidambi, Rahul and Chang, Jonathan and Sun, Wen},
  journal={Advances in Neural Information Processing Systems},
  volume={34},
  pages={28598--28611},
  year={2021}
}

@article{torabi2018behavioral,
  title={Behavioral cloning from observation},
  author={Torabi, Faraz and Warnell, Garrett and Stone, Peter},
  journal={arXiv preprint arXiv:1805.01954},
  year={2018}
}

@article{ruszczynski2024functional,
  title={A Functional Model Method for Nonconvex Nonsmooth Conditional Stochastic Optimization},
  author={Ruszczy{\'n}ski, Andrzej and Yang, Shangzhe},
  journal={SIAM Journal on Optimization},
  volume={34},
  number={3},
  pages={3064--3087},
  year={2024},
  publisher={SIAM}
}

@article{arcidiacono2003finite,
  title={Finite mixture distributions, sequential likelihood and the EM algorithm},
  author={Arcidiacono, Peter and Jones, John Bailey},
  journal={Econometrica},
  volume={71},
  number={3},
  pages={933--946},
  year={2003},
  publisher={Wiley Online Library}
}

@article{cheng2023transformers,
  title={Transformers implement functional gradient descent to learn non-linear functions in context},
  author={Cheng, Xiang and Chen, Yuxin and Sra, Suvrit},
  journal={arXiv preprint arXiv:2312.06528},
  year={2023}
}

@article{akyurek2022learning,
  title={What learning algorithm is in-context learning? investigations with linear models},
  author={Aky{\"u}rek, Ekin and Schuurmans, Dale and Andreas, Jacob and Ma, Tengyu and Zhou, Denny},
  journal={arXiv preprint arXiv:2211.15661},
  year={2022}
}

@article{norets2009inference,
  title={Inference in dynamic discrete choice models with serially orrelated unobserved state variables},
  author={Norets, Andriy},
  journal={Econometrica},
  volume={77},
  number={5},
  pages={1665--1682},
  year={2009},
  publisher={Wiley Online Library}
}

@article{yang2024estimation,
  title={Estimation of Dynamic Discrete Choice Models with Unobserved State Variables Using Reinforcement Learning},
  author={Yang, Yingyao Hu Fangzhu},
  year={2024}
}

@inproceedings{geng2023data,
  title={A data-driven state aggregation approach for dynamic discrete choice models},
  author={Geng, Sinong and Nassif, Houssam and Manzanares, Carlos A},
  booktitle={Uncertainty in Artificial Intelligence},
  pages={647--657},
  year={2023},
  organization={PMLR}
}

@article{chiong2016duality,
  title={Duality in dynamic discrete-choice models},
  author={Chiong, Khai Xiang and Galichon, Alfred and Shum, Matt},
  journal={Quantitative Economics},
  volume={7},
  number={1},
  pages={83--115},
  year={2016},
  publisher={Wiley Online Library}
}

@article{reich2018divide,
  title={Divide and conquer: recursive likelihood function integration for hidden Markov models with continuous latent variables},
  author={Reich, Gregor},
  journal={Operations research},
  volume={66},
  number={6},
  pages={1457--1470},
  year={2018},
  publisher={INFORMS}
}

@article{aguirregabiria2002swapping,
  title={Swapping the nested fixed point algorithm: A class of estimators for discrete Markov decision models},
  author={Aguirregabiria, Victor and Mira, Pedro},
  journal={Econometrica},
  volume={70},
  number={4},
  pages={1519--1543},
  year={2002},
  publisher={Wiley Online Library}
}


@article{garg2021iq,
  title={Iq-learn: Inverse soft-q learning for imitation},
  author={Garg, Divyansh and Chakraborty, Shuvam and Cundy, Chris and Song, Jiaming and Ermon, Stefano},
  journal={Advances in Neural Information Processing Systems},
  volume={34},
  pages={4028--4039},
  year={2021}
}

@article{ho2016generative,
  title={Generative adversarial imitation learning},
  author={Ho, Jonathan and Ermon, Stefano},
  journal={Advances in neural information processing systems},
  volume={29},
  year={2016}
}

@article{patterson2024improving,
  title={Improving the reliability of reinforcement learning algorithms through biconjugate Bellman errors},
  author={Patterson, Andrew},
  year={2024}
}

@article{aguirregabiria2007sequential,
  title={Sequential estimation of dynamic discrete games},
  author={Aguirregabiria, Victor and Mira, Pedro},
  journal={Econometrica},
  volume={75},
  number={1},
  pages={1--53},
  year={2007},
  publisher={Wiley Online Library}
}

@inproceedings{dai2018sbeed,
  title={SBEED: Convergent reinforcement learning with nonlinear function approximation},
  author={Dai, Bo and Shaw, Albert and Li, Lihong and Xiao, Lin and He, Niao and Liu, Zhen and Chen, Jianshu and Song, Le},
  booktitle={International conference on machine learning},
  pages={1125--1134},
  year={2018},
  organization={PMLR}
}

@article{patterson2022robust,
  title={Robust losses for learning value functions},
  author={Patterson, Andrew and Liao, Victor and White, Martha},
  journal={IEEE transactions on pattern analysis and machine intelligence},
  volume={45},
  number={5},
  pages={6157--6167},
  year={2022},
  publisher={IEEE}
}

@book{fenchel2014conjugate,
  title={On conjugate convex functions},
  author={Fenchel, Werner},
  year={2014},
  publisher={Springer}
}

@article{moreau1970inf,
  title={Inf-convolution, sous-additivit{\'e}, convexit{\'e} des fonctions num{\'e}riques},
  author={Moreau, Jean Jacques},
  journal={Journal de Math{\'e}matiques Pures et Appliqu{\'e}es},
  year={1970}
}

@incollection{baird1995residual,
  title={Residual algorithms: Reinforcement learning with function approximation},
  author={Baird, Leemon},
  booktitle={Machine learning proceedings 1995},
  pages={30--37},
  year={1995},
  publisher={Elsevier}
}

@inproceedings{haarnoja2017reinforcement,
  title={Reinforcement learning with deep energy-based policies},
  author={Haarnoja, Tuomas and Tang, Haoran and Abbeel, Pieter and Levine, Sergey},
  booktitle={International conference on machine learning},
  pages={1352--1361},
  year={2017},
  organization={PMLR}
}

@article{liuoffline,
  title={When is Offline Hyperparameter Selection Feasible for Reinforcement Learning?},
  author={Liu, Vincent and Nagarajan, Prabhat and Patterson, Andrew and White, Martha},
year = {2023}
}

@inproceedings{le2019batch,
  title={Batch policy learning under constraints},
  author={Le, Hoang and Voloshin, Cameron and Yue, Yisong},
  booktitle={International Conference on Machine Learning},
  pages={3703--3712},
  year={2019},
  organization={PMLR}
}

@article{fujimoto2022should,
  title={Why should i trust you, bellman? the bellman error is a poor replacement for value error},
  author={Fujimoto, Scott and Meger, David and Precup, Doina and Nachum, Ofir and Gu, Shixiang Shane},
  journal={arXiv preprint arXiv:2201.12417},
  year={2022}
}

@inproceedings{geng2020deep,
  title={Deep PQR: Solving inverse reinforcement learning using anchor actions},
  author={Geng, Sinong and Nassif, Houssam and Manzanares, Carlos and Reppen, Max and Sircar, Ronnie},
  booktitle={International Conference on Machine Learning},
  pages={3431--3441},
  year={2020},
  organization={PMLR}
}

@article{jiangoffline,
  title={Offline Reinforcement Learning in Large State Spaces: Algorithms and Guarantees},
  author={Jiang, Nan and Xie, Tengyang},
  journal={Statistical Science},
year = {2024}
}

@article{patterson2022generalized,
  title={A generalized projected bellman error for off-policy value estimation in reinforcement learning},
  author={Patterson, Andrew and White, Adam and White, Martha},
  journal={Journal of Machine Learning Research},
  volume={23},
  number={145},
  pages={1--61},
  year={2022}
}

@inproceedings{feng2020global,
  title={Global concavity and optimization in a class of dynamic discrete choice models},
  author={Feng, Yiding and Khmelnitskaya, Ekaterina and Nekipelov, Denis},
  booktitle={International Conference on Machine Learning},
  pages={3082--3091},
  year={2020},
  organization={PMLR}
}

@article{chernozhukov2022locally,
  title={Locally robust semiparametric estimation},
  author={Chernozhukov, Victor and Escanciano, Juan Carlos and Ichimura, Hidehiko and Newey, Whitney K and Robins, James M},
  journal={Econometrica},
  volume={90},
  number={4},
  pages={1501--1535},
  year={2022},
  publisher={Wiley Online Library}
}

@article{fu2017learning,
  title={Learning robust rewards with adversarial inverse reinforcement learning},
  author={Fu, Justin and Luo, Katie and Levine, Sergey},
  journal={arXiv preprint arXiv:1710.11248},
  year={2017}
}

@article{finn2016connection,
  title={A connection between generative adversarial networks, inverse reinforcement learning, and energy-based models},
  author={Finn, Chelsea and Christiano, Paul and Abbeel, Pieter and Levine, Sergey},
  journal={arXiv preprint arXiv:1611.03852},
  year={2016}
}

@article{gao2017properties,
  title={On the properties of the softmax function with application in game theory and reinforcement learning},
  author={Gao, Bolin and Pavel, Lacra},
  journal={arXiv preprint arXiv:1704.00805},
  year={2017}
}

@article{berry2010tracing,
  title={Tracing the woes: An empirical analysis of the airline industry},
  author={Berry, Steven and Jia, Panle},
  journal={American Economic Journal: Microeconomics},
  volume={2},
  number={3},
  pages={1--43},
  year={2010},
  publisher={American Economic Association}
}

@article{barzegary2022recursive,
  title={A Recursive Partitioning Approach for Dynamic Discrete Choice Modeling in High Dimensional Settings},
  author={Barzegary, Ebrahim and Yoganarasimhan, Hema},
  journal={arXiv preprint arXiv:2208.01476},
  year={2022}
}

@article{zeng2022maximum,
  title={Maximum-likelihood inverse reinforcement learning with finite-time guarantees},
  author={Zeng, Siliang and Li, Chenliang and Garcia, Alfredo and Hong, Mingyi},
  journal={Advances in Neural Information Processing Systems},
  volume={35},
  pages={10122--10135},
  year={2022}
}

@inproceedings{ziebart2008maximum,
  title={Maximum entropy inverse reinforcement learning.},
  author={Ziebart, Brian D and Maas, Andrew L and Bagnell, J Andrew and Dey, Anind K and others},
  booktitle={Aaai},
  volume={8},
  pages={1433--1438},
  year={2008},
  organization={Chicago, IL, USA}
}

@article{adusumilli2019temporal,
  title={Temporal-Difference estimation of dynamic discrete choice models},
  author={Adusumilli, Karun and Eckardt, Dita},
  journal={arXiv preprint arXiv:1912.09509},
  year={2019}
}

@inproceedings{tang2023reward,
  title={Reward innovation for long-term member satisfaction},
  author={Tang, Gary and Pan, Jiangwei and Wang, Henry and Basilico, Justin},
  booktitle={Proceedings of the 17th ACM Conference on Recommender Systems},
  pages={396--399},
  year={2023}
}

@inproceedings{wang2021instabilities,
  title={Instabilities of offline rl with pre-trained neural representation},
  author={Wang, Ruosong and Wu, Yifan and Salakhutdinov, Ruslan and Kakade, Sham},
  booktitle={International Conference on Machine Learning},
  pages={10948--10960},
  year={2021},
  organization={PMLR}
}

@inproceedings{chang2022learning,
  title={Learning bellman complete representations for offline policy evaluation},
  author={Chang, Jonathan and Wang, Kaiwen and Kallus, Nathan and Sun, Wen},
  booktitle={International Conference on Machine Learning},
  pages={2938--2971},
  year={2022},
  organization={PMLR}
}

@article{van2018deep,
  title={Deep reinforcement learning and the deadly triad},
  author={Van Hasselt, Hado and Doron, Yotam and Strub, Florian and Hessel, Matteo and Sonnerat, Nicolas and Modayil, Joseph},
  journal={arXiv preprint arXiv:1812.02648},
  year={2018}
}

@article{norets2012estimation,
  title={Estimation of dynamic discrete choice models using artificial neural network approximations},
  author={Norets, Andriy},
  journal={Econometric Reviews},
  volume={31},
  number={1},
  pages={84--106},
  year={2012},
  publisher={Taylor \& Francis}
}
@incollection{arcidiacono2013approximating,
  title={Approximating high-dimensional dynamic models: Sieve value function iteration},
  author={Arcidiacono, Peter and Bayer, Patrick and Bugni, Federico A and James, Jonathan},
  booktitle={Structural Econometric Models},
  pages={45--95},
  year={2013},
  publisher={Emerald Group Publishing Limited}
}

@article{benitez2000comparison,
  title={A comparison of discrete and parametric approximation methods for continuous-state dynamic programming problems},
  author={Benitez-Silva, Hugo and Hall, George and Hitsch, G{\"u}nter J and Pauletto, Giorgio and Rust, John},
  journal={manuscript, Yale University},
  year={2000}
}

@article{su2012constrained,
  title={Constrained optimization approaches to estimation of structural models},
  author={Su, Che-Lin and Judd, Kenneth L},
  journal={Econometrica},
  volume={80},
  number={5},
  pages={2213--2230},
  year={2012},
  publisher={Wiley Online Library}
}

@article{foster2021offline,
  title={Offline reinforcement learning: Fundamental barriers for value function approximation},
  author={Foster, Dylan J and Krishnamurthy, Akshay and Simchi-Levi, David and Xu, Yunzong},
  journal={arXiv preprint arXiv:2111.10919},
  year={2021}
}


@inproceedings{mutti2022importance,
  title={The importance of non-markovianity in maximum state entropy exploration},
  author={Mutti, Mirco and De Santi, Riccardo and Restelli, Marcello},
  booktitle={International Conference on Machine Learning},
  pages={16223--16239},
  year={2022},
  organization={PMLR}
}

@article{hu2020provable,
  title={Provable benefit of orthogonal initialization in optimizing deep linear networks},
  author={Hu, Wei and Xiao, Lechao and Pennington, Jeffrey},
  journal={arXiv preprint arXiv:2001.05992},
  year={2020}
}

@article{pennington2017resurrecting,
  title={Resurrecting the sigmoid in deep learning through dynamical isometry: theory and practice},
  author={Pennington, Jeffrey and Schoenholz, Samuel and Ganguli, Surya},
  journal={Advances in neural information processing systems},
  volume={30},
  year={2017}
}

@article{rebjock2023fast,
  title={Fast convergence to non-isolated minima: four equivalent conditions for $\mathcal{C}^2$ functions},
  author={Rebjock, Quentin and Boumal, Nicolas},
  journal={arXiv preprint arXiv:2303.00096},
  year={2023}
}

@article{goodfellow2020generative,
  title={Generative adversarial networks},
  author={Goodfellow, Ian and Pouget-Abadie, Jean and Mirza, Mehdi and Xu, Bing and Warde-Farley, David and Ozair, Sherjil and Courville, Aaron and Bengio, Yoshua},
  journal={Communications of the ACM},
  volume={63},
  number={11},
  pages={139--144},
  year={2020},
  publisher={ACM New York, NY, USA}
}

@inproceedings{kang2023near,
  title={Near-equivalence between bounded regret and delay robustness in interactive decision making},
  author={Kang, Enoch H and Kumar, Panganamala},
  booktitle={NeurIPS 2023 Workshop on Adaptive Experimental Design and Active Learning in the Real World}
}

@inproceedings{hao2021online,
  title={Online sparse reinforcement learning},
  author={Hao, Botao and Lattimore, Tor and Szepesv{\'a}ri, Csaba and Wang, Mengdi},
  booktitle={International Conference on Artificial Intelligence and Statistics},
  pages={316--324},
  year={2021},
  organization={PMLR}
}

@article{yang2020global,
  title={Global convergence and variance-reduced optimization for a class of nonconvex-nonconcave minimax problems},
  author={Yang, Junchi and Kiyavash, Negar and He, Niao},
  journal={arXiv preprint arXiv:2002.09621},
  year={2020}
}

@article{merchav2024fast,
  title={A Fast Algorithm for Convex Composite Bi-Level Optimization},
  author={Merchav, Roey and Sabach, Shoham and Teboulle, Marc},
  journal={arXiv preprint arXiv:2407.21221},
  year={2024}
}

@article{sabach2017first,
  title={A first order method for solving convex bilevel optimization problems},
  author={Sabach, Shoham and Shtern, Shimrit},
  journal={SIAM Journal on Optimization},
  volume={27},
  number={2},
  pages={640--660},
  year={2017},
  publisher={SIAM}
}

@article{solodov2007explicit,
  title={An explicit descent method for bilevel convex optimization},
  author={Solodov, Mikhail},
  journal={Journal of Convex Analysis},
  volume={14},
  number={2},
  pages={227},
  year={2007},
  publisher={HELDERMANN VERLAG LANGER GRABEN 17, 32657 LEMGO, GERMANY}
}

@article{arcidiacono2011practical,
  title={Practical methods for estimation of dynamic discrete choice models},
  author={Arcidiacono, Peter and Ellickson, Paul B},
  journal={Annu. Rev. Econ.},
  volume={3},
  number={1},
  pages={363--394},
  year={2011},
  publisher={Annual Reviews}
}

@article{arcidiacono2011conditional,
  title={Conditional choice probability estimation of dynamic discrete choice models with unobserved heterogeneity},
  author={Arcidiacono, Peter and Miller, Robert A},
  journal={Econometrica},
  volume={79},
  number={6},
  pages={1823--1867},
  year={2011},
  publisher={Wiley Online Library}
}

@article{cao2021identifiability,
  title={Identifiability in inverse reinforcement learning},
  author={Cao, Haoyang and Cohen, Samuel and Szpruch, Lukasz},
  journal={Advances in Neural Information Processing Systems},
  volume={34},
  pages={12362--12373},
  year={2021}
}

@inproceedings{ng1999policy,
  title={Policy invariance under reward transformations: Theory and application to reward shaping},
  author={Ng, Andrew Y and Harada, Daishi and Russell, Stuart},
  booktitle={Icml},
  volume={99},
  pages={278--287},
  year={1999}
}

@article{rust1987optimal,
  title={Optimal replacement of GMC bus engines: An empirical model of Harold Zurcher},
  author={Rust, John},
  journal={Econometrica: Journal of the Econometric Society},
  pages={999--1033},
  year={1987},
  publisher={JSTOR}
}

@article{rust1994structural,
  title={Structural estimation of Markov decision processes},
  author={Rust, John},
  journal={Handbook of econometrics},
  volume={4},
  pages={3081--3143},
  year={1994},
  publisher={Elsevier}
}

@book{tikhonov1977solutions,
  added-at = {2011-09-07T17:00:35.000+0200},
  address = {Washington, D.C.: John Wiley \& Sons, New York},
  author = {Tikhonov, Andrey N. and Arsenin, Vasiliy Y.},
  biburl = {https://www.bibsonomy.org/bibtex/2940dd9e8193fd295da5911df36c24851/peter.ralph},
  description = {MR: Publications results for "MR Number=(455365)"},
  interhash = {9aacc055724bc6d774982fca78c5d2d9},
  intrahash = {940dd9e8193fd295da5911df36c24851},
  keywords = {Laplace_inversion inverse_problems laplace_transform},
  mrclass = {65J05 (65R05 65NXX)},
  mrnumber = {0455365 (56 \#13604)},
  mrreviewer = {M. Z. Nashed},
  note = {Translated from the Russian, Preface by translation editor Fritz John, Scripta Series in Mathematics},
  pages = {xiii+258},
  publisher = {V. H. Winston \& Sons},
  timestamp = {2012-03-23T20:17:13.000+0100},
  title = {Solutions of ill-posed problems},
  year = 1977
}


@article{magnac2002identifying,
  title={Identifying dynamic discrete decision processes},
  author={Magnac, Thierry and Thesmar, David},
  journal={Econometrica},
  volume={70},
  number={2},
  pages={801--816},
  year={2002},
  publisher={JSTOR}
}

@article{kasahara2009nonparametric,
  title={Nonparametric identification of finite mixture models of dynamic discrete choices},
  author={Kasahara, Hiroyuki and Shimotsu, Katsumi},
  journal={Econometrica},
  volume={77},
  number={1},
  pages={135--175},
  year={2009},
  publisher={Wiley Online Library}
}


@article{hotz1993conditional,
  title={Conditional choice probabilities and the estimation of dynamic models},
  author={Hotz, V Joseph and Miller, Robert A},
  journal={The Review of Economic Studies},
  volume={60},
  number={3},
  pages={497--529},
  year={1993},
  publisher={Wiley-Blackwell}
}

@inproceedings{ho2016model,
  title={Model-free imitation learning with policy optimization},
  author={Ho, Jonathan and Gupta, Jayesh and Ermon, Stefano},
  booktitle={International conference on machine learning},
  pages={2760--2769},
  year={2016},
  organization={PMLR}
}

@article{bai2024transformers,
  title={Transformers as statisticians: Provable in-context learning with in-context algorithm selection},
  author={Bai, Yu and Chen, Fan and Wang, Huan and Xiong, Caiming and Mei, Song},
  journal={Advances in neural information processing systems},
  volume={36},
  year={2024}
}

@article{bolte2023subgradient,
  title={Subgradient sampling for nonsmooth nonconvex minimization},
  author={Bolte, J{\'e}r{\^o}me and Le, Tam and Pauwels, Edouard},
  journal={SIAM Journal on Optimization},
  volume={33},
  number={4},
  pages={2542--2569},
  year={2023},
  publisher={SIAM}
}

@inproceedings{sharifnassab2023toward,
  title={Toward efficient gradient-based value estimation},
  author={Sharifnassab, Arsalan and Sutton, Richard S},
  booktitle={International Conference on Machine Learning},
  pages={30827--30849},
  year={2023},
  organization={PMLR}
}

@book{sutton2018reinforcement,
  title={Reinforcement learning: An introduction},
  author={Sutton, Richard S and Barto, Andrew G},
  year={2018}
}

@article{lu2024asymptotic,
  title={Asymptotic theory of in-context learning by linear attention},
  author={Lu, Yue M and Letey, Mary I and Zavatone-Veth, Jacob A and Maiti, Anindita and Pehlevan, Cengiz},
  journal={arXiv preprint arXiv:2405.11751},
  year={2024}
}

@article{raventos2024pretraining,
  title={Pretraining task diversity and the emergence of non-bayesian in-context learning for regression},
  author={Ravent{\'o}s, Allan and Paul, Mansheej and Chen, Feng and Ganguli, Surya},
  journal={Advances in Neural Information Processing Systems},
  volume={36},
  year={2024}
}

@article{xie2021explanation,
  title={An explanation of in-context learning as implicit bayesian inference},
  author={Xie, Sang Michael and Raghunathan, Aditi and Liang, Percy and Ma, Tengyu},
  journal={arXiv preprint arXiv:2111.02080},
  year={2021}
}

@article{antos2008learning,
  title={Learning near-optimal policies with Bellman-residual minimization based fitted policy iteration and a single sample path},
  author={Antos, Andr{\'a}s and Szepesv{\'a}ri, Csaba and Munos, R{\'e}mi},
  journal={Machine Learning},
  volume={71},
  pages={89--129},
  year={2008},
  publisher={Springer}
}

@inproceedings{von2023transformers,
  title={Transformers learn in-context by gradient descent},
  author={Von Oswald, Johannes and Niklasson, Eyvind and Randazzo, Ettore and Sacramento, Jo{\~a}o and Mordvintsev, Alexander and Zhmoginov, Andrey and Vladymyrov, Max},
  booktitle={International Conference on Machine Learning},
  pages={35151--35174},
  year={2023},
  organization={PMLR}
}

@article{touati2020sharp,
  title={Sharp Analysis of Smoothed Bellman Error Embedding},
  author={Touati, Ahmed and Vincent, Pascal},
  journal={arXiv preprint arXiv:2007.03749},
  year={2020}
}

@inproceedings{uehara2020minimax,
  title={Minimax weight and q-function learning for off-policy evaluation},
  author={Uehara, Masatoshi and Huang, Jiawei and Jiang, Nan},
  booktitle={International Conference on Machine Learning},
  pages={9659--9668},
  year={2020},
  organization={PMLR}
}

@article{athey2016recursive,
  title={Recursive partitioning for heterogeneous causal effects},
  author={Athey, Susan and Imbens, Guido},
  journal={Proceedings of the National Academy of Sciences},
  volume={113},
  number={27},
  pages={7353--7360},
  year={2016},
  publisher={National Acad Sciences}
}

@article{yue2023clare,
  title={Clare: Conservative model-based reward learning for offline inverse reinforcement learning},
  author={Yue, Sheng and Wang, Guanbo and Shao, Wei and Zhang, Zhaofeng and Lin, Sen and Ren, Ju and Zhang, Junshan},
  journal={arXiv preprint arXiv:2302.04782},
  year={2023}
}

@article{pomerleau1991efficient,
  title={Efficient training of artificial neural networks for autonomous navigation},
  author={Pomerleau, Dean A},
  journal={Neural computation},
  volume={3},
  number={1},
  pages={88--97},
  year={1991},
  publisher={MIT Press One Rogers Street, Cambridge, MA 02142-1209, USA journals-info~…}
}

@inproceedings{riedmiller2005neural,
  title={Neural fitted Q iteration--first experiences with a data efficient neural reinforcement learning method},
  author={Riedmiller, Martin},
  booktitle={Machine learning: ECML 2005: 16th European conference on machine learning, Porto, Portugal, October 3-7, 2005. proceedings 16},
  pages={317--328},
  year={2005},
  organization={Springer}
}

@article{zhong2024dpo,
  title={Dpo meets ppo: Reinforced token optimization for rlhf},
  author={Zhong, Han and Feng, Guhao and Xiong, Wei and Cheng, Xinle and Zhao, Li and He, Di and Bian, Jiang and Wang, Liwei},
  journal={arXiv preprint arXiv:2404.18922},
  year={2024}
}

@inproceedings{gao2023scaling,
  title={Scaling laws for reward model overoptimization},
  author={Gao, Leo and Schulman, John and Hilton, Jacob},
  booktitle={International Conference on Machine Learning},
  pages={10835--10866},
  year={2023},
  organization={PMLR}
}

@article{bettman1998constructive,
  title={Constructive consumer choice processes},
  author={Bettman, James R and Luce, Mary Frances and Payne, John W},
  journal={Journal of consumer research},
  volume={25},
  number={3},
  pages={187--217},
  year={1998},
  publisher={The University of Chicago Press}
}

@article{eisenstein2023helping,
  title={Helping or herding? reward model ensembles mitigate but do not eliminate reward hacking},
  author={Eisenstein, Jacob and Nagpal, Chirag and Agarwal, Alekh and Beirami, Ahmad and D'Amour, Alex and Dvijotham, DJ and Fisch, Adam and Heller, Katherine and Pfohl, Stephen and Ramachandran, Deepak and others},
  journal={arXiv preprint arXiv:2312.09244},
  year={2023}
}

@inproceedings{wulfmeier2024imitating,
  title={Imitating language via scalable inverse reinforcement learning},
  author={Wulfmeier, Markus and Bloesch, Michael and Vieillard, Nino and Ahuja, Arun and Bornschein, Jorg and Huang, Sandy and Sokolov, Artem and Barnes, Matt and Desjardins, Guillaume and Bewley, Alex and others},
  booktitle={The Thirty-eighth Annual Conference on Neural Information Processing Systems},
  year={2024}
}


@article{bajari2007estimating,
  title={Estimating dynamic models of imperfect competition},
  author={Bajari, Patrick and Benkard, C Lanier and Levin, Jonathan},
  journal={Econometrica},
  volume={75},
  number={5},
  pages={1331--1370},
  year={2007},
  publisher={Wiley Online Library}
}

@article{rafailov2024r,
  title={From $ r $ to $ Q* $: Your Language Model is Secretly a Q-Function},
  author={Rafailov, Rafael and Hejna, Joey and Park, Ryan and Finn, Chelsea},
  journal={arXiv preprint arXiv:2404.12358},
  year={2024}
}

@article{kostrikov2019imitation,
  title={Imitation learning via off-policy distribution matching},
  author={Kostrikov, Ilya and Nachum, Ofir and Tompson, Jonathan},
  journal={arXiv preprint arXiv:1912.05032},
  year={2019}
}

@inproceedings{li2022rethinkingvaluedice,
  author = {Ziniu, Li and Tian, Xu and Yang, Yu and Zhi-Quan, Luo},
  title = {Rethinking ValueDice - Does It Really Improve Performance?},
  booktitle = {ICLR Blog Track},
  year = {2022},
  note = {https://iclr-blog-track.github.io/2022/03/25/rethinking-valuedice/},
  url  = {https://iclr-blog-track.github.io/2022/03/25/rethinking-valuedice/}
}

@article{sinaga2020unsupervised,
  title={Unsupervised K-means clustering algorithm},
  author={Sinaga, Kristina P and Yang, Miin-Shen},
  journal={IEEE access},
  volume={8},
  pages={80716--80727},
  year={2020},
  publisher={IEEE}
}

@article{kodinariya2013review,
  title={Review on determining number of Cluster in K-Means Clustering},
  author={Kodinariya, Trupti M and Makwana, Prashant R and others},
  journal={International Journal},
  volume={1},
  number={6},
  pages={90--95},
  year={2013}
}

@inproceedings{ni2021f,
  title={f-irl: Inverse reinforcement learning via state marginal matching},
  author={Ni, Tianwei and Sikchi, Harshit and Wang, Yufei and Gupta, Tejus and Lee, Lisa and Eysenbach, Ben},
  booktitle={Conference on Robot Learning},
  pages={529--551},
  year={2021},
  organization={PMLR}
}

@article{zeng2023understanding,
  title={Understanding expertise through demonstrations: A maximum likelihood framework for offline inverse reinforcement learning},
  author={Zeng, Siliang and Li, Chenliang and Garcia, Alfredo and Hong, Mingyi},
  journal={arXiv preprint arXiv:2302.07457},
  year={2023}
}

@article{tsitsiklis1996analysis,
  title={Analysis of temporal-diffference learning with function approximation},
  author={Tsitsiklis, John and Van Roy, Benjamin},
  journal={Advances in neural information processing systems},
  volume={9},
  year={1996}
}

@inproceedings{jiang2017contextual,
  title={Contextual decision processes with low bellman rank are pac-learnable},
  author={Jiang, Nan and Krishnamurthy, Akshay and Agarwal, Alekh and Langford, John and Schapire, Robert E},
  booktitle={International Conference on Machine Learning},
  pages={1704--1713},
  year={2017},
  organization={PMLR}
}

@article{wang2024transformers,
  title={Transformers Learn Temporal Difference Methods for In-Context Reinforcement Learning},
  author={Wang, Jiuqi and Blaser, Ethan and Daneshmand, Hadi and Zhang, Shangtong},
  journal={arXiv preprint arXiv:2405.13861},
  year={2024}
}

@article{yin2024meta,
  title={Meta-Learning Customer Preference Dynamics on Digital Platforms},
  author={Yin, Mingzhang and Boughanmi, Khaled and Ansari, Asim},
  journal={Available at SSRN},
  year={2024}
}

@article{vaswani2017attention,
  title={Attention is all you need},
  author={Vaswani, Ashish and Shazeer, Noam and Parmar, Niki and Uszkoreit, Jakob and Jones, Llion and Gomez, Aidan N and Kaiser, {\L}ukasz and Polosukhin, Illia},
  journal={Advances in neural information processing systems},
  volume={30},
  year={2017}
}

@article{broder2012dynamic,
  title={Dynamic pricing under a general parametric choice model},
  author={Broder, Josef and Rusmevichientong, Paat},
  journal={Operations Research},
  volume={60},
  number={4},
  pages={965--980},
  year={2012},
  publisher={INFORMS}
}

@article{jain2023effective,
  title={Effective Adaptive Exploration of Prices and Promotions in Choice-Based Demand Models},
  author={Jain, Lalit and Li, Zhaoqi and Loghmani, Erfan and Mason, Blake and Yoganarasimhan, Hema},
  journal={Available at SSRN 4438537},
  year={2023}
}

@article{ban2021personalized,
  title={Personalized dynamic pricing with machine learning: High-dimensional features and heterogeneous elasticity},
  author={Ban, Gah-Yi and Keskin, N Bora},
  journal={Management Science},
  volume={67},
  number={9},
  pages={5549--5568},
  year={2021},
  publisher={INFORMS}
}

@article{wang2020generalizing,
  title={Generalizing from a few examples: A survey on few-shot learning},
  author={Wang, Yaqing and Yao, Quanming and Kwok, James T and Ni, Lionel M},
  journal={ACM computing surveys (csur)},
  volume={53},
  number={3},
  pages={1--34},
  year={2020},
  publisher={ACM New York, NY, USA}
}

@article{du2020few,
  title={Few-shot learning via learning the representation, provably},
  author={Du, Simon S and Hu, Wei and Kakade, Sham M and Lee, Jason D and Lei, Qi},
  journal={arXiv preprint arXiv:2002.09434},
  year={2020}
}

@article{lee2024supervised,
  title={Supervised pretraining can learn in-context reinforcement learning},
  author={Lee, Jonathan and Xie, Annie and Pacchiano, Aldo and Chandak, Yash and Finn, Chelsea and Nachum, Ofir and Brunskill, Emma},
  journal={Advances in Neural Information Processing Systems},
  volume={36},
  year={2024}
}


@article{yu2019meta,
  title={Meta-inverse reinforcement learning with probabilistic context variables},
  author={Yu, Lantao and Yu, Tianhe and Finn, Chelsea and Ermon, Stefano},
  journal={Advances in neural information processing systems},
  volume={32},
  year={2019}
}

@inproceedings{ermon2015learning,
  title={Learning large-scale dynamic discrete choice models of spatio-temporal preferences with application to migratory pastoralism in East Africa},
  author={Ermon, Stefano and Xue, Yexiang and Toth, Russell and Dilkina, Bistra and Bernstein, Richard and Damoulas, Theodoros and Clark, Patrick and DeGloria, Steve and Mude, Andrew and Barrett, Christopher and others},
  booktitle={Proceedings of the AAAI Conference on Artificial Intelligence},
  volume={29},
  number={1},
  year={2015}
}

@inproceedings{charles2018stability,
  title={Stability and generalization of learning algorithms that converge to global optima},
  author={Charles, Zachary and Papailiopoulos, Dimitris},
  booktitle={International conference on machine learning},
  pages={745--754},
  year={2018},
  organization={PMLR}
}

@article{clevert2015fast,
  title={Fast and accurate deep network learning by exponential linear units (elus)},
  author={Clevert, Djork-Arn{\'e} and Unterthiner, Thomas and Hochreiter, Sepp},
  journal={arXiv preprint arXiv:1511.07289},
  year={2015}
}

@article{fazlyab2019efficient,
  title={Efficient and accurate estimation of lipschitz constants for deep neural networks},
  author={Fazlyab, Mahyar and Robey, Alexander and Hassani, Hamed and Morari, Manfred and Pappas, George},
  journal={Advances in neural information processing systems},
  volume={32},
  year={2019}
}

@article{guo2025deepseek,
  title={Deepseek-r1: Incentivizing reasoning capability in llms via reinforcement learning},
  author={Guo, Daya and Yang, Dejian and Zhang, Haowei and Song, Junxiao and Zhang, Ruoyu and Xu, Runxin and Zhu, Qihao and Ma, Shirong and Wang, Peiyi and Bi, Xiao and others},
  journal={arXiv preprint arXiv:2501.12948},
  year={2025}
}

@book{yosida2012functional,
  title={Functional analysis},
  author={Yosida, K{\^o}saku},
  volume={123},
  year={2012},
  publisher={Springer Science \& Business Media}
}

@article{belogolovsky2021inverse,
  title={Inverse reinforcement learning in contextual MDPs},
  author={Belogolovsky, Stav and Korsunsky, Philip and Mannor, Shie and Tessler, Chen and Zahavy, Tom},
  journal={Machine Learning},
  volume={110},
  number={9},
  pages={2295--2334},
  year={2021},
  publisher={Springer}
}