@article{adusumilli2019temporal,
  title={Temporal-Difference estimation of dynamic discrete choice models},
  author={Adusumilli, Karun and Eckardt, Dita},
  journal={arXiv preprint arXiv:1912.09509},
  year={2019}
}

@article{arcidiacono2011conditional,
  title={Conditional choice probability estimation of dynamic discrete choice models with unobserved heterogeneity},
  author={Arcidiacono, Peter and Miller, Robert A},
  journal={Econometrica},
  volume={79},
  number={6},
  pages={1823--1867},
  year={2011},
  publisher={Wiley Online Library}
}

@incollection{arcidiacono2013approximating,
  title={Approximating high-dimensional dynamic models: Sieve value function iteration},
  author={Arcidiacono, Peter and Bayer, Patrick and Bugni, Federico A and James, Jonathan},
  booktitle={Structural Econometric Models},
  pages={45--95},
  year={2013},
  publisher={Emerald Group Publishing Limited}
}

@article{athey2016recursive,
  title={Recursive partitioning for heterogeneous causal effects},
  author={Athey, Susan and Imbens, Guido},
  journal={Proceedings of the National Academy of Sciences},
  volume={113},
  number={27},
  pages={7353--7360},
  year={2016},
  publisher={National Acad Sciences}
}

@article{barzegary2022recursive,
  title={A Recursive Partitioning Approach for Dynamic Discrete Choice Modeling in High Dimensional Settings},
  author={Barzegary, Ebrahim and Yoganarasimhan, Hema},
  journal={arXiv preprint arXiv:2208.01476},
  year={2022}
}

@article{benitez2000comparison,
  title={A comparison of discrete and parametric approximation methods for continuous-state dynamic programming problems},
  author={Benitez-Silva, Hugo and Hall, George and Hitsch, G{\"u}nter J and Pauletto, Giorgio and Rust, John},
  journal={manuscript, Yale University},
  year={2000}
}

@article{cao2021identifiability,
  title={Identifiability in inverse reinforcement learning},
  author={Cao, Haoyang and Cohen, Samuel and Szpruch, Lukasz},
  journal={Advances in Neural Information Processing Systems},
  volume={34},
  pages={12362--12373},
  year={2021}
}

@inproceedings{ermon2015learning,
  title={Learning large-scale dynamic discrete choice models of spatio-temporal preferences with application to migratory pastoralism in East Africa},
  author={Ermon, Stefano and Xue, Yexiang and Toth, Russell and Dilkina, Bistra and Bernstein, Richard and Damoulas, Theodoros and Clark, Patrick and DeGloria, Steve and Mude, Andrew and Barrett, Christopher and others},
  booktitle={Proceedings of the AAAI Conference on Artificial Intelligence},
  volume={29},
  number={1},
  year={2015}
}

@inproceedings{feng2020global,
  title={Global concavity and optimization in a class of dynamic discrete choice models},
  author={Feng, Yiding and Khmelnitskaya, Ekaterina and Nekipelov, Denis},
  booktitle={International Conference on Machine Learning},
  pages={3082--3091},
  year={2020},
  organization={PMLR}
}

@article{finn2016connection,
  title={A connection between generative adversarial networks, inverse reinforcement learning, and energy-based models},
  author={Finn, Chelsea and Christiano, Paul and Abbeel, Pieter and Levine, Sergey},
  journal={arXiv preprint arXiv:1611.03852},
  year={2016}
}

@article{fu2017learning,
  title={Learning robust rewards with adversarial inverse reinforcement learning},
  author={Fu, Justin and Luo, Katie and Levine, Sergey},
  journal={arXiv preprint arXiv:1710.11248},
  year={2017}
}

@article{garg2021iq,
  title={Iq-learn: Inverse soft-q learning for imitation},
  author={Garg, Divyansh and Chakraborty, Shuvam and Cundy, Chris and Song, Jiaming and Ermon, Stefano},
  journal={Advances in Neural Information Processing Systems},
  volume={34},
  pages={4028--4039},
  year={2021}
}

@inproceedings{geng2020deep,
  title={Deep PQR: Solving inverse reinforcement learning using anchor actions},
  author={Geng, Sinong and Nassif, Houssam and Manzanares, Carlos and Reppen, Max and Sircar, Ronnie},
  booktitle={International Conference on Machine Learning},
  pages={3431--3441},
  year={2020},
  organization={PMLR}
}

@inproceedings{geng2023data,
  title={A data-driven state aggregation approach for dynamic discrete choice models},
  author={Geng, Sinong and Nassif, Houssam and Manzanares, Carlos A},
  booktitle={Uncertainty in Artificial Intelligence},
  pages={647--657},
  year={2023},
  organization={PMLR}
}

@article{goodfellow2020generative,
  title={Generative adversarial networks},
  author={Goodfellow, Ian and Pouget-Abadie, Jean and Mirza, Mehdi and Xu, Bing and Warde-Farley, David and Ozair, Sherjil and Courville, Aaron and Bengio, Yoshua},
  journal={Communications of the ACM},
  volume={63},
  number={11},
  pages={139--144},
  year={2020},
  publisher={ACM New York, NY, USA}
}

@article{ho2016generative,
  title={Generative adversarial imitation learning},
  author={Ho, Jonathan and Ermon, Stefano},
  journal={Advances in neural information processing systems},
  volume={29},
  year={2016}
}

@article{hotz1993conditional,
  title={Conditional choice probabilities and the estimation of dynamic models},
  author={Hotz, V Joseph and Miller, Robert A},
  journal={The Review of Economic Studies},
  volume={60},
  number={3},
  pages={497--529},
  year={1993},
  publisher={Wiley-Blackwell}
}

@article{jiangoffline,
  title={Offline Reinforcement Learning in Large State Spaces: Algorithms and Guarantees},
  author={Jiang, Nan and Xie, Tengyang},
  journal={Statistical Science},
year = {2024}
}

@article{kodinariya2013review,
  title={Review on determining number of Cluster in K-Means Clustering},
  author={Kodinariya, Trupti M and Makwana, Prashant R and others},
  journal={International Journal},
  volume={1},
  number={6},
  pages={90--95},
  year={2013}
}

@article{magnac2002identifying,
  title={Identifying dynamic discrete decision processes},
  author={Magnac, Thierry and Thesmar, David},
  journal={Econometrica},
  volume={70},
  number={2},
  pages={801--816},
  year={2002},
  publisher={JSTOR}
}

@article{mcfadden2001economic,
  title={Economic choices},
  author={McFadden, Daniel},
  journal={American economic review},
  volume={91},
  number={3},
  pages={351--378},
  year={2001},
  publisher={American Economic Association}
}

@inproceedings{ni2021f,
  title={f-irl: Inverse reinforcement learning via state marginal matching},
  author={Ni, Tianwei and Sikchi, Harshit and Wang, Yufei and Gupta, Tejus and Lee, Lisa and Eysenbach, Ben},
  booktitle={Conference on Robot Learning},
  pages={529--551},
  year={2021},
  organization={PMLR}
}

@article{norets2012estimation,
  title={Estimation of dynamic discrete choice models using artificial neural network approximations},
  author={Norets, Andriy},
  journal={Econometric Reviews},
  volume={31},
  number={1},
  pages={84--106},
  year={2012},
  publisher={Taylor \& Francis}
}

@article{rust1987optimal,
  title={Optimal replacement of GMC bus engines: An empirical model of Harold Zurcher},
  author={Rust, John},
  journal={Econometrica: Journal of the Econometric Society},
  pages={999--1033},
  year={1987},
  publisher={JSTOR}
}

@article{rust1994structural,
  title={Structural estimation of Markov decision processes},
  author={Rust, John},
  journal={Handbook of econometrics},
  volume={4},
  pages={3081--3143},
  year={1994},
  publisher={Elsevier}
}

@article{sinaga2020unsupervised,
  title={Unsupervised K-means clustering algorithm},
  author={Sinaga, Kristina P and Yang, Miin-Shen},
  journal={IEEE access},
  volume={8},
  pages={80716--80727},
  year={2020},
  publisher={IEEE}
}

@article{su2012constrained,
  title={Constrained optimization approaches to estimation of structural models},
  author={Su, Che-Lin and Judd, Kenneth L},
  journal={Econometrica},
  volume={80},
  number={5},
  pages={2213--2230},
  year={2012},
  publisher={Wiley Online Library}
}

@book{sutton2018reinforcement,
  title={Reinforcement learning: An introduction},
  author={Sutton, Richard S and Barto, Andrew G},
  year={2018}
}

@article{torabi2018behavioral,
  title={Behavioral cloning from observation},
  author={Torabi, Faraz and Warnell, Garrett and Stone, Peter},
  journal={arXiv preprint arXiv:1805.01954},
  year={2018}
}

@article{tsitsiklis1996analysis,
  title={Analysis of temporal-diffference learning with function approximation},
  author={Tsitsiklis, John and Van Roy, Benjamin},
  journal={Advances in neural information processing systems},
  volume={9},
  year={1996}
}

@inproceedings{wang2021instabilities,
  title={Instabilities of offline rl with pre-trained neural representation},
  author={Wang, Ruosong and Wu, Yifan and Salakhutdinov, Ruslan and Kakade, Sham},
  booktitle={International Conference on Machine Learning},
  pages={10948--10960},
  year={2021},
  organization={PMLR}
}

@article{yue2023clare,
  title={Clare: Conservative model-based reward learning for offline inverse reinforcement learning},
  author={Yue, Sheng and Wang, Guanbo and Shao, Wei and Zhang, Zhaofeng and Lin, Sen and Ren, Ju and Zhang, Junshan},
  journal={arXiv preprint arXiv:2302.04782},
  year={2023}
}

@article{zeng2023understanding,
  title={Understanding expertise through demonstrations: A maximum likelihood framework for offline inverse reinforcement learning},
  author={Zeng, Siliang and Li, Chenliang and Garcia, Alfredo and Hong, Mingyi},
  journal={arXiv preprint arXiv:2302.07457},
  year={2023}
}

