@Article{andreev1996,
  title={An extremal property of the icosahedron},
  author={Andreev, Nikolay N},
  journal={East J. Approx},
  volume={2},
  number={4},
  pages={459--462},
  year={1996},
  publisher={Citeseer}
}

@Article{kolushov1997,
  title={Extremal dispositions of points on the sphere},
  author={Kolushov, AV and Yudin, VA},
  journal={Analysis Mathematica},
  volume={23},
  number={1},
  pages={25--34},
  year={1997},
  publisher={Springer}
}

@Article{dragnev2002,
  title={Discrete logarithmic energy on the sphere},
  author={Dragnev, Peter D and Legg, David A and Townsend, Douglas W},
  journal={Pacific journal of mathematics},
  volume={207},
  number={2},
  pages={345--358},
  year={2002},
  publisher={Mathematical Sciences Publishers}
}

@inproceedings{berthomieu2021,
  TITLE = {{msolve: A Library for Solving Polynomial Systems}},
  AUTHOR = {Berthomieu, J{\'e}r{\'e}my and Eder, Christian and {Safey El Din}, Mohab},
  SERIES = {46th International Symposium on Symbolic and Algebraic Computation},
  PAGES     = {51--58},
  PUBLISHER = {{ACM}},
  YEAR = {2021},
  DOI = {10.1145/3452143.3465545},
  PDF = {https://hal.sorbonne-universite.fr/hal-03191666v2/file/main.pdf},
  HAL_ID = {hal-03191666},
  HAL_VERSION = {v2},
}

@article{faugere1999,
  title={A new efficient algorithm for computing {G}r{\"o}bner bases ({F4})},
  author={Faugere, Jean-Charles},
  journal={Journal of pure and applied algebra},
  volume={139},
  number={1-3},
  pages={61--88},
  year={1999},
  publisher={Elsevier}
}

@book{horn2013,
  title={Matrix analysis},
  author={Horn, Roger A and Johnson, Charles R},
  edition = {Second},
  year={2013},
  publisher={Cambridge university press Cambridge}
}

@Misc{M2,
	author = {Grayson, Daniel R. and Stillman, Michael E.},
	title = {Macaulay2, a software system for research in algebraic geometry},
	howpublished = {\url{http://www2.macaulay2.com}}
}

@book{borodachov2019,
  title={Discrete energy on rectifiable sets},
  author={Borodachov, Sergiy V and Hardin, Douglas P and Saff, Edward B},
  edition = {First},
  year={2019},
  publisher={Springer}
}

@article{shub1993,
  title={Complexity of Bezout's Theorem: III. Condition Number and Packing},
  author={Shub, Michael and Smale, Steve},
  journal={Journal of complexity},
  volume={9},
  number={1},
  pages={4--14},
  year={1993},
  publisher={Elsevier}
}

@incollection{rakhmanov1995,
  title={Electrons on the sphere},
  author={Rakhmanov, Evguenii A and Saff, EB and Zhou, YM},
  booktitle={Computational Methods and Function Theory 1994},
  pages={293--309},
  year={1995},
  publisher={World Scientific}
}

@article{beltran2013,
  title={Harmonic properties of the logarithmic potential and the computability of elliptic Fekete points},
  author={Beltran, Carlos},
  journal={Constructive Approximation},
  volume={37},
  number={1},
  pages={135--165},
  year={2013},
  publisher={Springer}
}

@book{hartshorne2013algebraic,
  title={Algebraic geometry},
  author={Hartshorne, Robin},
  volume={52},
  year={2013},
  publisher={Springer Science \& Business Media}
}

@book{cox2005,
  title={Using algebraic geometry},
  author={Cox, David A and Little, John and O'shea, Donal},
  volume={185},
  year={2005},
  publisher={Springer Science \& Business Media}
}

@article{constantineau2023,
  title={Determination of stable branches of relative equilibria of the $ N $-vortex problem on the sphere},
  author={Constantineau, Kevin and Garc{\'\i}a-Azpeitia, Carlos and Garc{\'\i}a-Naranjo, Luis C and Lessard, Jean-Philippe},
  journal={arXiv preprint arXiv:2309.04320},
  year={2023}
}

@article{ballinger2009,
  title={Experimental study of energy-minimizing point configurations on spheres},
  author={Ballinger, Brandon and Blekherman, Grigoriy and Cohn, Henry and Giansiracusa, Noah and Kelly, Elizabeth and Sch{\"u}rmann, Achill},
  journal={Experimental Mathematics},
  volume={18},
  number={3},
  pages={257--283},
  year={2009},
  publisher={Taylor \& Francis}
}

@inproceedings{ge2015,
  title={Escaping from saddle pointsâ€”online stochastic gradient for tensor decomposition},
  author={Ge, Rong and Huang, Furong and Jin, Chi and Yuan, Yang},
  booktitle={Conference on learning theory},
  pages={797--842},
  year={2015},
  organization={PMLR}
}

@inproceedings{jin2017,
  title={How to escape saddle points efficiently},
  author={Jin, Chi and Ge, Rong and Netrapalli, Praneeth and Kakade, Sham M and Jordan, Michael I},
  booktitle={International conference on machine learning},
  pages={1724--1732},
  year={2017},
  organization={PMLR}
}

@article {foppl1912,
    AUTHOR = {F\"oppl, L.},
     TITLE = {Stabile {A}nordnungen von {E}lektronen im {A}tom},
   JOURNAL = {J. Reine Angew. Math.},
  FJOURNAL = {Journal f\"ur die Reine und Angewandte Mathematik. [Crelle's
              Journal]},
    VOLUME = {141},
      YEAR = {1912},
     PAGES = {251--302},
      ISSN = {0075-4102,1435-5345},
   MRCLASS = {99-04},
  MRNUMBER = {1580854},
       DOI = {10.1515/crll.1912.141.251},
       URL = {https://doi.org/10.1515/crll.1912.141.251},
}

@article {ABS,
    AUTHOR = {Armentano, Diego and Beltr\'{a}n, Carlos and Shub, Michael},
     TITLE = {Minimizing the discrete logarithmic energy on the sphere: the
              role of random polynomials},
   JOURNAL = {Trans. Amer. Math. Soc.},
  FJOURNAL = {Transactions of the American Mathematical Society},
    VOLUME = {363},
      YEAR = {2011},
    NUMBER = {6},
     PAGES = {2955--2965},
      ISSN = {0002-9947,1088-6850},
   MRCLASS = {31C20 (52A40 60G99 65Y20)},
  MRNUMBER = {2775794},
MRREVIEWER = {Sione\ N.\ Ma'u},
       DOI = {10.1090/S0002-9947-2011-05243-8},
       URL = {https://doi.org/10.1090/S0002-9947-2011-05243-8},
}

@article {alishahi2015spherical,
    AUTHOR = {Alishahi, Kasra and Zamani, Mohammadsadegh},
     TITLE = {The spherical ensemble and uniform distribution of points on
              the sphere},
   JOURNAL = {Electron. J. Probab.},
  FJOURNAL = {Electronic Journal of Probability},
    VOLUME = {20},
      YEAR = {2015},
     PAGES = {no. 23, 27},
      ISSN = {1083-6489},
   MRCLASS = {60G55 (31B15 60B20)},
  MRNUMBER = {3325094},
MRREVIEWER = {Ilya\ S.\ Molchanov},
       DOI = {10.1214/EJP.v20-3733},
       URL = {https://doi.org/10.1214/EJP.v20-3733},
}

@article {beltran2018diamond,
    AUTHOR = {Beltr\'{a}n, Carlos and Etayo, Uju\'{e}},
     TITLE = {The diamond ensemble: a constructive set of spherical points
              with small logarithmic energy},
   JOURNAL = {J. Complexity},
  FJOURNAL = {Journal of Complexity},
    VOLUME = {59},
      YEAR = {2020},
     PAGES = {101471, 22},
      ISSN = {0885-064X,1090-2708},
   MRCLASS = {31A15 (41A60 52C20 60C05)},
  MRNUMBER = {4099902},
MRREVIEWER = {B\'{e}la\ Nagy},
       DOI = {10.1016/j.jco.2020.101471},
       URL = {https://doi.org/10.1016/j.jco.2020.101471},
}

@incollection {smale_problems,
    AUTHOR = {Smale, Steve},
     TITLE = {Mathematical problems for the next century},
 BOOKTITLE = {Mathematics: frontiers and perspectives},
     PAGES = {271--294},
 PUBLISHER = {Amer. Math. Soc., Providence, RI},
      YEAR = {2000},
      ISBN = {0-8218-2070-2},
   MRCLASS = {00A05 (00-02 01A61 01A67)},
  MRNUMBER = {1754783},
}

@article {carlos_fatima,
    AUTHOR = {Beltr\'an, Carlos and Lizarte, F\'atima},
     TITLE = {A lower bound for the logarithmic energy on {$\mathbb{S}^2$} and
              for the green energy on {$\mathbb{S}^n$}},
   JOURNAL = {Constr. Approx.},
  FJOURNAL = {Constructive Approximation. An International Journal for
              Approximations and Expansions},
    VOLUME = {58},
      YEAR = {2023},
    NUMBER = {3},
     PAGES = {565--587},
      ISSN = {0176-4276,1432-0940},
   MRCLASS = {31C12 (31C20)},
  MRNUMBER = {4672232},
MRREVIEWER = {Brian\ Simanek},
       DOI = {10.1007/s00365-023-09642-4},
       URL = {https://doi.org/10.1007/s00365-023-09642-4},
}

@article {betermin2018renormalized,
    AUTHOR = {B\'{e}termin, Laurent and Sandier, Etienne},
     TITLE = {Renormalized energy and asymptotic expansion of optimal
              logarithmic energy on the sphere},
   JOURNAL = {Constr. Approx.},
  FJOURNAL = {Constructive Approximation. An International Journal for
              Approximations and Expansions},
    VOLUME = {47},
      YEAR = {2018},
    NUMBER = {1},
     PAGES = {39--74},
      ISSN = {0176-4276,1432-0940},
   MRCLASS = {82D05 (31A15 82B05 82B21)},
  MRNUMBER = {3742809},
       DOI = {10.1007/s00365-016-9357-z},
       URL = {https://doi.org/10.1007/s00365-016-9357-z},
}
