@Article{andreev1996,
  title={An extremal property of the icosahedron},
  author={Andreev, Nikolay N},
  journal={East J. Approx},
  volume={2},
  number={4},
  pages={459--462},
  year={1996},
  publisher={Citeseer}
}

@article{ballinger2009,
  title={Experimental study of energy-minimizing point configurations on spheres},
  author={Ballinger, Brandon and Blekherman, Grigoriy and Cohn, Henry and Giansiracusa, Noah and Kelly, Elizabeth and Sch{\"u}rmann, Achill},
  journal={Experimental Mathematics},
  volume={18},
  number={3},
  pages={257--283},
  year={2009},
  publisher={Taylor \& Francis}
}

@article{beltran2013,
  title={Harmonic properties of the logarithmic potential and the computability of elliptic Fekete points},
  author={Beltran, Carlos},
  journal={Constructive Approximation},
  volume={37},
  number={1},
  pages={135--165},
  year={2013},
  publisher={Springer}
}

@book{borodachov2019,
  title={Discrete energy on rectifiable sets},
  author={Borodachov, Sergiy V and Hardin, Douglas P and Saff, Edward B},
  edition = {First},
  year={2019},
  publisher={Springer}
}

@article{constantineau2023,
  title={Determination of stable branches of relative equilibria of the $ N $-vortex problem on the sphere},
  author={Constantineau, Kevin and Garc{\'\i}a-Azpeitia, Carlos and Garc{\'\i}a-Naranjo, Luis C and Lessard, Jean-Philippe},
  journal={arXiv preprint arXiv:2309.04320},
  year={2023}
}

@Article{dragnev2002,
  title={Discrete logarithmic energy on the sphere},
  author={Dragnev, Peter D and Legg, David A and Townsend, Douglas W},
  journal={Pacific journal of mathematics},
  volume={207},
  number={2},
  pages={345--358},
  year={2002},
  publisher={Mathematical Sciences Publishers}
}

@inproceedings{ge2015,
  title={Escaping from saddle pointsâ€”online stochastic gradient for tensor decomposition},
  author={Ge, Rong and Huang, Furong and Jin, Chi and Yuan, Yang},
  booktitle={Conference on learning theory},
  pages={797--842},
  year={2015},
  organization={PMLR}
}

@inproceedings{jin2017,
  title={How to escape saddle points efficiently},
  author={Jin, Chi and Ge, Rong and Netrapalli, Praneeth and Kakade, Sham M and Jordan, Michael I},
  booktitle={International conference on machine learning},
  pages={1724--1732},
  year={2017},
  organization={PMLR}
}

@Article{kolushov1997,
  title={Extremal dispositions of points on the sphere},
  author={Kolushov, AV and Yudin, VA},
  journal={Analysis Mathematica},
  volume={23},
  number={1},
  pages={25--34},
  year={1997},
  publisher={Springer}
}

@incollection{rakhmanov1995,
  title={Electrons on the sphere},
  author={Rakhmanov, Evguenii A and Saff, EB and Zhou, YM},
  booktitle={Computational Methods and Function Theory 1994},
  pages={293--309},
  year={1995},
  publisher={World Scientific}
}

@article{shub1993,
  title={Complexity of Bezout's Theorem: III. Condition Number and Packing},
  author={Shub, Michael and Smale, Steve},
  journal={Journal of complexity},
  volume={9},
  number={1},
  pages={4--14},
  year={1993},
  publisher={Elsevier}
}

