@inproceedings{Luo2023PerpetualHC,
    author={Zhengyi Luo and Jinkun Cao and Alexander W. Winkler and Kris Kitani and Weipeng Xu},
    title={Perpetual Humanoid Control for Real-time Simulated Avatars},
    booktitle={International Conference on Computer Vision (ICCV)},
    year={2023}
}

@Inbook{Moro2019whole,
    author="Moro, Federico L.
    and Sentis, Luis",
    title="Whole-Body Control of Humanoid Robots",
    bookTitle="Humanoid Robotics: A Reference",
    year="2019",
    publisher="Springer Netherlands",
    address="Dordrecht",
    pages="1161--1183",
    isbn="978-94-007-6046-2",
    doi="10.1007/978-94-007-6046-2_51",
    url="https://doi.org/10.1007/978-94-007-6046-2_51"
}

@inproceedings{agarwal2022legged,
    title={Legged Locomotion in Challenging Terrains using Egocentric Vision},
    author={Ananye Agarwal and Ashish Kumar and Jitendra Malik and Deepak Pathak},
    booktitle={6th Annual Conference on Robot Learning},
    year={2022},
    url={https://openreview.net/forum?id=Re3NjSwf0WF}
}

@ARTICLE{antonin2023synchronized,
  author={Dallard, Antonin and Benallegue, Mehdi and Kanehiro, Fumio and Kheddar, Abderrahmane},
  journal={IEEE Robotics and Automation Letters}, 
  title={Synchronized Human-Humanoid Motion Imitation}, 
  year={2023},
  volume={8},
  number={7},
  pages={4155-4162},
  keywords={Synchronization;Robots;Trajectory;Legged locomotion;Humanoid robots;Predictive models;Estimation;Telerobotics and teleoperation;intention recognition;human and humanoid motion analysis and synthesis},
  doi={10.1109/LRA.2023.3280807}
}

@inproceedings{behzad2008whole,
  author       = {Behzad Dariush and
                  Michael Gienger and
                  Bing Jian and
                  Christian Goerick and
                  Kikuo Fujimura},
  title        = {Whole body humanoid control from human motion descriptors},
  booktitle    = {2008 {IEEE} International Conference on Robotics and Automation, {ICRA}
                  2008, May 19-23, 2008, Pasadena, California, {USA}},
  pages        = {2677--2684},
  publisher    = {{IEEE}},
  year         = {2008},
  url          = {https://doi.org/10.1109/ROBOT.2008.4543616},
  doi          = {10.1109/ROBOT.2008.4543616},
  timestamp    = {Mon, 22 May 2017 17:12:13 +0200},
  biburl       = {https://dblp.org/rec/conf/icra/DariushGJGF08.bib},
  bibsource    = {dblp computer science bibliography, https://dblp.org}
}

@INPROCEEDINGS{castillo2021robust,
  author={Castillo, Guillermo A. and Weng, Bowen and Zhang, Wei and Hereid, Ayonga},
  booktitle={2021 IEEE/RSJ International Conference on Intelligent Robots and Systems (IROS)}, 
  title={Robust Feedback Motion Policy Design Using Reinforcement Learning on a 3D Digit Bipedal Robot}, 
  year={2021},
  volume={},
  number={},
  pages={5136-5143},
  keywords={Legged locomotion;Training;Three-dimensional displays;Trajectory planning;Robot sensing systems;Hardware;Regulation},
  doi={10.1109/IROS51168.2021.9636467}}

@article{cheng2023parkour,
title={Extreme Parkour with Legged Robots},
author={Cheng, Xuxin and Shi, Kexin and Agarwal, Ananye and Pathak, Deepak},
journal={arXiv preprint arXiv:2309.14341},
year={2023}
}

@article{cheng2024express,
title={Expressive Whole-Body Control for Humanoid Robots},
author={Cheng, Xuxin and Ji, Yandong and Chen, Junming and Yang, Ruihan and Yang, Ge and Wang, Xiaolong},
journal={arXiv preprint arXiv:2402.16796},
year={2024}
}

@article{david2024anymal,
author = {David Hoeller  and Nikita Rudin  and Dhionis Sako  and Marco Hutter },
title = {ANYmal parkour: Learning agile navigation for quadrupedal robots},
journal = {Science Robotics},
volume = {9},
number = {88},
pages = {eadi7566},
year = {2024},
doi = {10.1126/scirobotics.adi7566},
URL = {https://www.science.org/doi/abs/10.1126/scirobotics.adi7566},
eprint = {https://www.science.org/doi/pdf/10.1126/scirobotics.adi7566},
}

@INPROCEEDINGS{escontrela2022adversarial,
  author={Escontrela, Alejandro and Peng, Xue Bin and Yu, Wenhao and Zhang, Tingnan and Iscen, Atil and Goldberg, Ken and Abbeel, Pieter},
  booktitle={2022 IEEE/RSJ International Conference on Intelligent Robots and Systems (IROS)}, 
  title={Adversarial Motion Priors Make Good Substitutes for Complex Reward Functions}, 
  year={2022},
  volume={},
  number={},
  pages={25-32},
  keywords={Training;Reinforcement learning;Computer graphics;Energy efficiency;Motion capture;Behavioral sciences;Quadrupedal robots},
  doi={10.1109/IROS47612.2022.9981973}}

@inproceedings{fu2024humanplus,
  author    = {Fu, Zipeng and Zhao, Qingqing and Wu, Qi and Wetzstein, Gordon and Finn, Chelsea},
  title     = {HumanPlus: Humanoid Shadowing and Imitation from Humans},
  booktitle = {{Conference on Robot Learning (CoRL)}},
  year      = {2024},
}

@INPROCEEDINGS{grizzle2009mabel,
  author={Grizzle, J.W. and Hurst, Jonathan and Morris, Benjamin and Park, Hae-Won and Sreenath, Koushil},
  booktitle={2009 American Control Conference}, 
  title={MABEL, a new robotic bipedal walker and runner}, 
  year={2009},
  volume={},
  number={},
  pages={2030-2036},
  keywords={Legged locomotion;Robots;Rough surfaces;Surface roughness;Buildings;Mechanical power transmission;Steady-state;Feedback control;Educational institutions;Testing},
  doi={10.1109/ACC.2009.5160550}
}

@article{gu2024humanoid,
  title={Humanoid-Gym: Reinforcement Learning for Humanoid Robot with Zero-Shot Sim2Real Transfer},
  author={Gu, Xinyang and Wang, Yen-Jen and Chen, Jianyu},
  journal={arXiv preprint arXiv:2404.05695},
  year={2024}
}

@inproceedings{he2024learning,
  author    = {He, Tairan and Luo, Zhengyi and Xiao, Wenli and Zhang, Chong and Kitani, Kris and Liu, Changliu and Shi, Guanya},
  title     = {Learning Human-to-Humanoid Real-Time Whole-Body Teleoperation},
  booktitle = {arXiv},
  year      = {2024},
}

@article{he2024omnih2o,
  title={OmniH2O: Universal and Dexterous Human-to-Humanoid Whole-Body Teleoperation and Learning},
  author={He, Tairan and Luo, Zhengyi and He, Xialin and Xiao, Wenli and Zhang, Chong and Zhang, Weinan and Kitani, Kris and Liu, Changliu and Shi, Guanya},
  journal={arXiv preprint arXiv:2406.08858},
  year={2024}
}

@article{ilija2024humanoid,
  publtype={informal},
  author={Ilija Radosavovic and Bike Zhang and Baifeng Shi and Jathushan Rajasegaran and Sarthak Kamat and Trevor Darrell and Koushil Sreenath and Jitendra Malik},
  title={Humanoid Locomotion as Next Token Prediction},
  year={2024},
  cdate={1704067200000},
  journal={CoRR},
  volume={abs/2402.19469},
  url={https://doi.org/10.48550/arXiv.2402.19469}
}

@INPROCEEDINGS{kajita2001the,
  author={Kajita, S. and Kanehiro, F. and Kaneko, K. and Yokoi, K. and Hirukawa, H.},
  booktitle={Proceedings 2001 IEEE/RSJ International Conference on Intelligent Robots and Systems. Expanding the Societal Role of Robotics in the the Next Millennium (Cat. No.01CH37180)}, 
  title={The 3D linear inverted pendulum mode: a simple modeling for a biped walking pattern generation}, 
  year={2001},
  volume={1},
  number={},
  pages={239-246 vol.1},
  keywords={Legged locomotion;Equations;Humanoid robots;Robot kinematics;Jacobian matrices;Motion control;Leg;Industrial control;Electronic mail;Service robots},
  doi={10.1109/IROS.2001.973365}
}

@inproceedings{kumar2021rma,
title={Rma: Rapid motor adaptation for legged robots},
author={Kumar, Ashish and Fu, Zipeng and Pathak, Deepak and Malik, Jitendra},
journal={Robotics: Science and Systems},
year={2021}
}

@article{lee2020learning,
	title        = {Learning quadrupedal locomotion over challenging terrain},
	author       = {Lee, Joonho and Hwangbo, Jemin and Wellhausen, Lorenz and Koltun, Vladlen and Hutter, Marco},
	year         = 2020,
	month        = Oct,
	journal      = {Science Robotics}
}

@misc{liao2024berkeleyhumanoid,
Author = {Qiayuan Liao and Bike Zhang and Xuanyu Huang and Xiaoyu Huang and Zhongyu Li and Koushil Sreenath},
Title = {Berkeley Humanoid: A Research Platform for Learning-based Control},
Year = {2024},
Eprint = {arXiv:2407.21781},
}

@article{liu2024rdt,
    title={RDT-1B: a Diffusion Foundation Model for Bimanual Manipulation},
    author={Liu, Songming and Wu, Lingxuan and Li, Bangguo and Tan, Hengkai and Chen, Huayu and Wang, Zhengyi and Xu, Ke and Su, Hang and Zhu, Jun},
    journal={arXiv preprint arXiv:2410.07864},
    year={2024}
}

@misc{long2024learninghumanoidlocomotionperceptive,
  title={Learning Humanoid Locomotion with Perceptive Internal Model}, 
  author={Junfeng Long and Junli Ren and Moji Shi and Zirui Wang and Tao Huang and Ping Luo and Jiangmiao Pang},
  year={2024},
  eprint={2411.14386},
  archivePrefix={arXiv},
  primaryClass={cs.RO},
  url={https://arxiv.org/abs/2411.14386}, 
}

@article{lu2024pmp,
    title={Mobile-TeleVision: Predictive Motion Priors for Humanoid Whole-Body Control},
    author={Lu, Chenhao and Cheng, Xuxin and Li, Jialong and Yang, Shiqi and Ji, Mazeyu and Yuan, Chengjing and Yang, Ge and Yi, Sha and Wang, Xiaolong},
    journal={arXiv preprint arXiv:2412.07773},
    year={2024}
}

@article{ma2022combining,
  title={Combining learning-based locomotion policy with model-based manipulation for legged mobile manipulators},
  author={Ma, Yuntao and Farshidian, Farbod and Miki, Takahiro and Lee, Joonho and Hutter, Marco},
  journal={IEEE Robotics and Automation Letters},
  year={2022},
}

@INPROCEEDINGS{matthew2021MIThumanoids,
  author={Chignoli, Matthew and Kim, Donghyun and Stanger-Jones, Elijah and Kim, Sangbae},
  booktitle={2020 IEEE-RAS 20th International Conference on Humanoid Robots (Humanoids)}, 
  title={The MIT Humanoid Robot: Design, Motion Planning, and Control For Acrobatic Behaviors}, 
  year={2021},
  volume={},
  number={},
  pages={1-8},
  keywords={Actuators;Torque;Systematics;Dynamics;Humanoid robots;Hardware;Trajectory},
  doi={10.1109/HUMANOIDS47582.2021.9555782}
}

@INPROCEEDINGS{miki2024learning,
  author={Miki, Takahiro and Lee, Joonho and Wellhausen, Lorenz and Hutter, Marco},
  booktitle={2024 IEEE International Conference on Robotics and Automation (ICRA)}, 
  title={Learning to walk in confined spaces using 3D representation}, 
  year={2024},
  volume={},
  number={},
  pages={8649-8656},
  keywords={Legged locomotion;Training;Three-dimensional displays;Navigation;Buildings;Reinforcement learning;Aerospace electronics},
  doi={10.1109/ICRA57147.2024.10610271}}

@INPROCEEDINGS{nahrendra2023dreamwaq,
  author={Aswin Nahrendra, I Made and Yu, Byeongho and Myung, Hyun},
  booktitle={2023 IEEE International Conference on Robotics and Automation (ICRA)}, 
  title={DreamWaQ: Learning Robust Quadrupedal Locomotion With Implicit Terrain Imagination via Deep Reinforcement Learning}, 
  year={2023},
  volume={},
  number={},
  pages={5078-5084},
  keywords={Legged locomotion;Deep learning;Animals;Reinforcement learning;Stairs;Robot sensing systems;Robustness},
  doi={10.1109/ICRA48891.2023.10161144}}

@inproceedings{rudin2022learning,
  title={Learning to walk in minutes using massively parallel deep reinforcement learning},
  author={Rudin, Nikita and Hoeller, David and Reist, Philipp and Hutter, Marco},
  booktitle={Conference on Robot Learning},
  year={2021},
}

@inproceedings{serifi2024vmp,
author = {Serifi, Agon and Grandia, Ruben and Knoop, Espen and Gross, Markus and B\"{a}cher, Moritz},
title = {VMP: Versatile Motion Priors for Robustly Tracking Motion on Physical Characters},
year = {2024},
publisher = {Eurographics Association},
address = {Goslar, DEU},
url = {https://doi.org/10.1111/cgf.15175},
doi = {10.1111/cgf.15175},
pages = {1–11},
numpages = {11},
location = {Montreal, Quebec, Canada},
booktitle = {SCA '24: ACM SIGGRAPH/Eurographics Symposium on Computer Animation},
series = {SCA '24}
}

@article{tessler2024maskedmimic,
    author = {
        Tessler, Chen and Guo, Yunrong and Nabati, Ofir and Chechik, Gal
        and Peng, Xue Bin
    },
    title = {
        MaskedMimic: Unified Physics-Based Character Control Through
        Masked Motion Inpainting
    },
    year = {2024},
    journal={ACM Transactions on Graphics (TOG)},
    publisher={ACM New York, NY, USA}
}

@misc{xia2024dukehumanoid,
      title={The Duke Humanoid: Design and Control For Energy Efficient Bipedal Locomotion Using Passive Dynamics}, 
      author={Boxi Xia and Bokuan Li and Jacob Lee and Michael Scutari and Boyuan Chen},
      year={2024},
      eprint={2409.19795},
      archivePrefix={arXiv},
      primaryClass={cs.RO},
      url={https://arxiv.org/abs/2409.19795}, 
}

@inproceedings{yang2021real,
  title={Real-time optimal navigation planning using learned motion costs},
  author={Yang, Bowen and Wellhausen, Lorenz and Miki, Takahiro and Liu, Ming and Hutter, Marco},
  booktitle={2021 IEEE International Conference on Robotics and Automation (ICRA)},
  year={2021}
}

@misc{zhang2024wholebody,
      title={Whole-body Humanoid Robot Locomotion with Human Reference}, 
      author={Qiang Zhang and Peter Cui and David Yan and Jingkai Sun and Yiqun Duan and Arthur Zhang and Renjing Xu},
      year={2024},
      eprint={2402.18294},
      archivePrefix={arXiv},
      primaryClass={id='cs.RO' full_name='Robotics' is_active=True alt_name=None in_archive='cs' is_general=False description='Roughly includes material in ACM Subject Class I.2.9.'}
}

@inproceedings{zhuang2023robot,
    title={Robot Parkour Learning},
    author={Ziwen Zhuang and Zipeng Fu and Jianren Wang and Christopher G Atkeson and S{\"o}ren Schwertfeger and Chelsea Finn and Hang Zhao},
    booktitle={Conference on Robot Learning {CoRL}},
    year={2023}
}

