
@article{parkour,
  title={Merriam Webster: Parkour},
  url={https://www.merriam-webster.com/dictionary/parkour}
}

@article{puddle2013ground,
  title={Ground reaction forces and loading rates associated with parkour and traditional drop landing techniques},
  author={Puddle, Damien L and Maulder, Peter S},
  journal={Journal of sports science \& medicine},
  year={2013},
}

@article{patla1997understanding,
  title={Understanding the roles of vision in the control of human locomotion},
  author={Patla, Aftab E},
  journal={Gait \& posture},
  year={1997}
}

@article{mohagheghi2004effects,
  title={The effects of distant and on-line visual information on the control of approach phase and step over an obstacle during locomotion},
  author={Mohagheghi, Amir A and Moraes, Renato and Patla, Aftab E},
  journal={Experimental brain research},
  year={2004},
}

# legged locomotion
@inproceedings{rudin2022learning,
  title={Learning to walk in minutes using massively parallel deep reinforcement learning},
  author={Rudin, Nikita and Hoeller, David and Reist, Philipp and Hutter, Marco},
  booktitle={Conference on Robot Learning},
  year={2021},
}

@inproceedings{kumar2021rma,
title={Rma: Rapid motor adaptation for legged robots},
author={Kumar, Ashish and Fu, Zipeng and Pathak, Deepak and Malik, Jitendra},
journal={Robotics: Science and Systems},
year={2021}
}

@inproceedings{agarwal2022legged,
    title={Legged Locomotion in Challenging Terrains using Egocentric Vision},
    author={Ananye Agarwal and Ashish Kumar and Jitendra Malik and Deepak Pathak},
    booktitle={6th Annual Conference on Robot Learning},
    year={2022},
    url={https://openreview.net/forum?id=Re3NjSwf0WF}
}

@inproceedings{smith2021legged,
	title        = {Legged Robots that Keep on Learning: Fine-Tuning Locomotion Policies in the Real World},
	author       = {Smith, Laura and Kew, J Chase and Peng, Xue Bin and Ha, Sehoon and Tan, Jie and Levine, Sergey},
	year         = 2022,
	booktitle    = {ICRA}
}

@article{lee2020learning,
	title        = {Learning quadrupedal locomotion over challenging terrain},
	author       = {Lee, Joonho and Hwangbo, Jemin and Wellhausen, Lorenz and Koltun, Vladlen and Hutter, Marco},
	year         = 2020,
	month        = Oct,
	journal      = {Science Robotics}
}

@INPROCEEDINGS{nahrendra2023dreamwaq,
  author={Aswin Nahrendra, I Made and Yu, Byeongho and Myung, Hyun},
  booktitle={2023 IEEE International Conference on Robotics and Automation (ICRA)}, 
  title={DreamWaQ: Learning Robust Quadrupedal Locomotion With Implicit Terrain Imagination via Deep Reinforcement Learning}, 
  year={2023},
  volume={},
  number={},
  pages={5078-5084},
  keywords={Legged locomotion;Deep learning;Animals;Reinforcement learning;Stairs;Robot sensing systems;Robustness},
  doi={10.1109/ICRA48891.2023.10161144}}

@inproceedings{margolisyang2022rapid,
  title={Rapid Locomotion via Reinforcement Learning},
  author={Margolis, Gabriel and Yang, Ge and Paigwar, 
          Kartik and Chen, Tao and Agrawal, Pulkit},
  booktitle={Robotics: Science and Systems},
  year={2022}
}

@article{margolis2022walktheseways,
    title={Walk These Ways: Tuning Robot Control for Generalization with Multiplicity of Behavior},
    author={Margolis, Gabriel B and Agrawal, Pulkit},
    journal={Conference on Robot Learning},
    year={2022}
}

@inproceedings{tan2018sim,
	title        = {Sim-to-Real: Learning Agile Locomotion For Quadruped Robots},
	year         = 2018,
	author       = {Jie Tan and Tingnan Zhang and Erwin Coumans and Atil Iscen and Yunfei Bai and Danijar Hafner and Steven Bohez and Vincent Vanhoucke},
	booktitle    = {RSS}
}

@article{margolis2022rapid,
  title={Rapid Locomotion via Reinforcement Learning},
  author={Margolis, Gabriel B and Yang, Ge and Paigwar, Kartik and Chen, Tao and Agrawal, Pulkit},
  journal={RSS},
  year={2022}
}

@article{ji2022concurrent,
  title={Concurrent training of a control policy and a state estimator for dynamic and robust legged locomotion},
  author={Ji, Gwanghyeon and Mun, Juhyeok and Kim, Hyeongjun and Hwangbo, Jemin},
  journal={IEEE Robotics and Automation Letters},
  year={2022},
}

@inproceedings{fu2021minimizing,
	title        = {Minimizing Energy Consumption Leads to the Emergence of Gaits in Legged Robots},
	author       = {Fu, Zipeng and Kumar, Ashish and Malik, Jitendra and Pathak, Deepak},
	year         = 2021,
	booktitle    = {CoRL}
}

@inproceedings{xie2020dynamics,
	title        = {Dynamics Randomization Revisited: A Case Study for Quadrupedal Locomotion},
	author       = {Xie, Zhaoming and Da, Xingye and van de Panne, Michiel and Babich, Buck and Garg, Animesh},
	year         = 2021,
	booktitle    = {ICRA}
}

@inproceedings{peng2020learning,
	title        = {Learning Agile Robotic Locomotion Skills by Imitating Animals},
	author       = {Peng, Xue Bin and Coumans, Erwin and Zhang, Tingnan and Lee, Tsang-Wei Edward and Tan, Jie and Levine, Sergey},
	year         = 2020,
	booktitle    = {RSS}
}

@INPROCEEDINGS{escontrela2022adversarial,
  author={Escontrela, Alejandro and Peng, Xue Bin and Yu, Wenhao and Zhang, Tingnan and Iscen, Atil and Goldberg, Ken and Abbeel, Pieter},
  booktitle={2022 IEEE/RSJ International Conference on Intelligent Robots and Systems (IROS)}, 
  title={Adversarial Motion Priors Make Good Substitutes for Complex Reward Functions}, 
  year={2022},
  volume={},
  number={},
  pages={25-32},
  keywords={Training;Reinforcement learning;Computer graphics;Energy efficiency;Motion capture;Behavioral sciences;Quadrupedal robots},
  doi={10.1109/IROS47612.2022.9981973}}

@article{hwangbo2019learning,
	title        = {Learning agile and dynamic motor skills for legged robots},
	author       = {Hwangbo, Jemin and Lee, Joonho and Dosovitskiy, Alexey and Bellicoso, Dario and Tsounis, Vassilios and Koltun, Vladlen and Hutter, Marco},
	year         = 2019,
	journal      = {Science Robotics},
}

@article{haarnoja2018learning,
	title        = {Learning to walk via deep reinforcement learning},
	author       = {Haarnoja, Tuomas and Ha, Sehoon and Zhou, Aurick and Tan, Jie and Tucker, George and Levine, Sergey},
	year         = 2018,
	journal      = {arXiv preprint arXiv:1812.11103}
}

@inproceedings{yang2022learning,
	title        = {Learning Vision-Guided Quadrupedal Locomotion End-to-End with Cross-Modal Transformers},
	author       = {Ruihan Yang and Minghao Zhang and Nicklas Hansen and Huazhe Xu and Xiaolong Wang},
	year         = 2022,
	booktitle    = {ICLR}
}

@article{jain2020pixels,
  title={From pixels to legs: Hierarchical learning of quadruped locomotion},
  author={Jain, Deepali and Iscen, Atil and Caluwaerts, Ken},
  journal={arXiv preprint arXiv:2011.11722},
  year={2020}
}

# jumping over obstacles
@article{park2015online,
  title={Online planning for autonomous running jumps over obstacles in high-speed quadrupeds},
  author={Park, Hae-Won and Wensing, Patrick M and Kim, Sangbae and others},
  journal={{RSS}},
  year={2015}
}

@inproceedings{nguyen2019optimized,
  title={Optimized jumping on the mit cheetah 3 robot},
  author={Nguyen, Quan and Powell, Matthew J and Katz, Benjamin and Di Carlo, Jared and Kim, Sangbae},
  booktitle={2019 International Conference on Robotics and Automation (ICRA)},
  year={2019},
}

@INPROCEEDINGS{gerardo2018MITcheetah,
  author={Bledt, Gerardo and Powell, Matthew J. and Katz, Benjamin and Di Carlo, Jared and Wensing, Patrick M. and Kim, Sangbae},
  booktitle={2018 IEEE/RSJ International Conference on Intelligent Robots and Systems (IROS)}, 
  title={MIT Cheetah 3: Design and Control of a Robust, Dynamic Quadruped Robot}, 
  year={2018},
  volume={},
  number={},
  pages={2245-2252},
  keywords={Legged locomotion;Actuators;Torque;Force;Knee;Robot sensing systems},
  doi={10.1109/IROS.2018.8593885}}


@inproceedings{nguyen2022continuous,
  title={Continuous Jumping for Legged Robots on Stepping Stones via Trajectory Optimization and Model Predictive Control},
  author={Nguyen, Chuong and Bao, Lingfan and Nguyen, Quan},
  booktitle={2022 IEEE 61st Conference on Decision and Control (CDC)},
  pages={93--99},
  year={2022},
  organization={IEEE}
}

@inproceedings{wright2012design,
  title={Design and architecture of the unified modular snake robot},
  author={Wright, Cornell and Buchan, Austin and Brown, Ben and Geist, Jason and Schwerin, Michael and Rollinson, David and Tesch, Matthew and Choset, Howie},
  booktitle={2012 IEEE International Conference on Robotics and Automation},
  year={2012},
}

@article{fabian2024deep,
  author = {Fabian Jenelten  and Junzhe He  and Farbod Farshidian  and Marco Hutter },
  title = {DTC: Deep Tracking Control},
  journal = {Science Robotics},
  volume = {9},
  number = {86},
  pages = {eadh5401},
  year = {2024},
  doi = {10.1126/scirobotics.adh5401},
  URL = {https://www.science.org/doi/abs/10.1126/scirobotics.adh5401},
  eprint = {https://www.science.org/doi/pdf/10.1126/scirobotics.adh5401},
}

@article{margolis2021learning,
  title={Learning to jump from pixels},
  author={Margolis, Gabriel B and Chen, Tao and Paigwar, Kartik and Fu, Xiang and Kim, Donghyun and Kim, Sangbae and Agrawal, Pulkit},
  journal={{CoRL}},
  year={2021}
}

# agile locomotion
@article{atlas,
  title={Boston Dynamics: Atlas},
  url={https://www.bostondynamics.com/atlas}
}
@misc{parkour_atlas,
    url={https://www.youtube.com/watch?v=LikxFZZO2sk},
    journal={YouTube},
}

@article{zhang2023learning,
  title={Learning agile locomotion on risky terrains},
  author={Zhang, Chong and Rudin, Nikita and Hoeller, David and Hutter, Marco},
  journal={arXiv preprint arXiv:2311.10484},
  year={2023},
  note={Using goal point as command interface}
}

@inproceedings{zhuang2023robot,
    title={Robot Parkour Learning},
    author={Ziwen Zhuang and Zipeng Fu and Jianren Wang and Christopher G Atkeson and S{\"o}ren Schwertfeger and Chelsea Finn and Hang Zhao},
    booktitle={Conference on Robot Learning {CoRL}},
    year={2023}
}

@article{cheng2023parkour,
title={Extreme Parkour with Legged Robots},
author={Cheng, Xuxin and Shi, Kexin and Agarwal, Ananye and Pathak, Deepak},
journal={arXiv preprint arXiv:2309.14341},
year={2023}
}

@article{david2024anymal,
author = {David Hoeller  and Nikita Rudin  and Dhionis Sako  and Marco Hutter },
title = {ANYmal parkour: Learning agile navigation for quadrupedal robots},
journal = {Science Robotics},
volume = {9},
number = {88},
pages = {eadi7566},
year = {2024},
doi = {10.1126/scirobotics.adi7566},
URL = {https://www.science.org/doi/abs/10.1126/scirobotics.adi7566},
eprint = {https://www.science.org/doi/pdf/10.1126/scirobotics.adi7566},
}

# bipedal
@article{agility_robot,
  title={Cassie Sets a Guinness World Record},
  url={https://agilityrobotics.com/news/2022/cassie-sets-a-guinness-world-record}
}

@inproceedings{siekmann2021blind,
author = {Siekmann, Jonah and Green, Kevin and Warila, John and Fern, Alan and Hurst, Jonathan},
year = {2021},
month = {07},
pages = {},
title = {Blind Bipedal Stair Traversal via Sim-to-Real Reinforcement Learning},
doi = {10.15607/RSS.2021.XVII.061}
}

@INPROCEEDINGS{qu2022custom,
  author={Wu, Qi and Zhang, Chong and Liu, Yanchen},
  booktitle={2022 IEEE International Conference on Mechatronics and Automation (ICMA)}, 
  title={Custom Sine Waves Are Enough for Imitation Learning of Bipedal Gaits with Different Styles}, 
  year={2022},
  volume={},
  number={},
  pages={499-505},
  keywords={Legged locomotion;Mechatronics;Codes;Automation;Reinforcement learning;Iterative methods;Robots;Bipedal locomotion;imitation learning;reinforcement learning},
  doi={10.1109/ICMA54519.2022.9856382}}

@inproceedings{
	li2021reinforcement,
	author={Li, Zhongyu and Cheng, Xuxin and Peng, Xue Bin and Abbeel, Pieter and Levine, Sergey and Berseth, Glen and Sreenath, Koushil},
	booktitle={2021 IEEE International Conference on Robotics and Automation (ICRA)}, 
	title={Reinforcement Learning for Robust Parameterized Locomotion Control of Bipedal Robots}, 
	year={2021},
	volume={},
	number={},
	pages={2811-2817},
	doi={10.1109/ICRA48506.2021.9560769}
}

@misc{li2023robust,
      title={Robust and Versatile Bipedal Jumping Control through Reinforcement Learning}, 
      author={Zhongyu Li and Xue Bin Peng and Pieter Abbeel and Sergey Levine and Glen Berseth and Koushil Sreenath},
      year={2023},
      eprint={2302.09450},
      archivePrefix={arXiv},
      primaryClass={cs.RO}
}

@misc{duan2023learning,
      title={Learning Vision-Based Bipedal Locomotion for Challenging Terrain}, 
      author={Helei Duan and Bikram Pandit and Mohitvishnu S. Gadde and Bart van Marum and Jeremy Dao and Chanho Kim and Alan Fern},
      year={2023},
      eprint={2309.14594},
      archivePrefix={arXiv},
      primaryClass={cs.RO}
}

@inproceedings{
    zargarbashi2024robotkeyframing,
    title={RobotKeyframing: Learning Locomotion with High-Level Objectives via Mixture of Dense and Sparse Rewards},
    author={Fatemeh Zargarbashi and Jin Cheng and Dongho Kang and Robert Sumner and Stelian Coros},
    booktitle={8th Annual Conference on Robot Learning},
    year={2024},
    url={https://openreview.net/forum?id=wcbrhPnOei}
}

@misc{liao2024berkeleyhumanoid,
Author = {Qiayuan Liao and Bike Zhang and Xuanyu Huang and Xiaoyu Huang and Zhongyu Li and Koushil Sreenath},
Title = {Berkeley Humanoid: A Research Platform for Learning-based Control},
Year = {2024},
Eprint = {arXiv:2407.21781},
}

@misc{xia2024dukehumanoid,
      title={The Duke Humanoid: Design and Control For Energy Efficient Bipedal Locomotion Using Passive Dynamics}, 
      author={Boxi Xia and Bokuan Li and Jacob Lee and Michael Scutari and Boyuan Chen},
      year={2024},
      eprint={2409.19795},
      archivePrefix={arXiv},
      primaryClass={cs.RO},
      url={https://arxiv.org/abs/2409.19795}, 
}

# qradruped-bipedal
@INPROCEEDINGS{lib2024learning,
  author={Li, Yunfei and Li, Jinhan and Fu, Wei and Wu, Yi},
  booktitle={2024 IEEE International Conference on Robotics and Automation (ICRA)}, 
  title={Learning Agile Bipedal Motions on a Quadrupedal Robot}, 
  year={2024},
  volume={},
  number={},
  pages={9735-9742},
  keywords={Tracking;Natural languages;Propioception;Human-robot interaction;Generators;Trajectory;Quadrupedal robots},
  doi={10.1109/ICRA57147.2024.10611442}
}


# humanoid learning
@article{ilija2024humanoid,
  publtype={informal},
  author={Ilija Radosavovic and Bike Zhang and Baifeng Shi and Jathushan Rajasegaran and Sarthak Kamat and Trevor Darrell and Koushil Sreenath and Jitendra Malik},
  title={Humanoid Locomotion as Next Token Prediction},
  year={2024},
  cdate={1704067200000},
  journal={CoRR},
  volume={abs/2402.19469},
  url={https://doi.org/10.48550/arXiv.2402.19469}
}

@misc{zhang2024wholebody,
      title={Whole-body Humanoid Robot Locomotion with Human Reference}, 
      author={Qiang Zhang and Peter Cui and David Yan and Jingkai Sun and Yiqun Duan and Arthur Zhang and Renjing Xu},
      year={2024},
      eprint={2402.18294},
      archivePrefix={arXiv},
      primaryClass={id='cs.RO' full_name='Robotics' is_active=True alt_name=None in_archive='cs' is_general=False description='Roughly includes material in ACM Subject Class I.2.9.'}
}

@article{cheng2024express,
title={Expressive Whole-Body Control for Humanoid Robots},
author={Cheng, Xuxin and Ji, Yandong and Chen, Junming and Yang, Ruihan and Yang, Ge and Wang, Xiaolong},
journal={arXiv preprint arXiv:2402.16796},
year={2024}
}

@inproceedings{he2024learning,
  author    = {He, Tairan and Luo, Zhengyi and Xiao, Wenli and Zhang, Chong and Kitani, Kris and Liu, Changliu and Shi, Guanya},
  title     = {Learning Human-to-Humanoid Real-Time Whole-Body Teleoperation},
  booktitle = {arXiv},
  year      = {2024},
}

@article{bart2024robustSaW,
  author    = {Bart van Marum and Aayam Shrestha and Helei Duan and Pranay Dugar and Jeremy Dao and Alan Fern},
  title     = {Revisiting Reward Design and Evaluation for Robust Human Standing and walking},
  journal   = {(Under Submission)},
  year      = {2024},
}

@INPROCEEDINGS{castillo2021robust,
  author={Castillo, Guillermo A. and Weng, Bowen and Zhang, Wei and Hereid, Ayonga},
  booktitle={2021 IEEE/RSJ International Conference on Intelligent Robots and Systems (IROS)}, 
  title={Robust Feedback Motion Policy Design Using Reinforcement Learning on a 3D Digit Bipedal Robot}, 
  year={2021},
  volume={},
  number={},
  pages={5136-5143},
  keywords={Legged locomotion;Training;Three-dimensional displays;Trajectory planning;Robot sensing systems;Hardware;Regulation},
  doi={10.1109/IROS51168.2021.9636467}}

@article{gu2024humanoid,
  title={Humanoid-Gym: Reinforcement Learning for Humanoid Robot with Zero-Shot Sim2Real Transfer},
  author={Gu, Xinyang and Wang, Yen-Jen and Chen, Jianyu},
  journal={arXiv preprint arXiv:2404.05695},
  year={2024}
}

@inproceedings{
      zhuang2024humanoid,
      title={Humanoid Parkour Learning},
      author={Ziwen Zhuang and Shenzhe Yao and Hang Zhao},
      booktitle={8th Annual Conference on Robot Learning},
      year={2024},
      url={https://openreview.net/forum?id=fs7ia3FqUM}
  }

@inproceedings{
    zhang2024wococo,
    title={WoCoCo: Learning Whole-Body Humanoid Control with Sequential Contacts},
    author={Chong Zhang and Wenli Xiao and Tairan He and Guanya Shi},
    booktitle={8th Annual Conference on Robot Learning},
    year={2024},
    url={https://openreview.net/forum?id=Czs2xH9114}
}

 @misc{long2024learninghumanoidlocomotionperceptive,
  title={Learning Humanoid Locomotion with Perceptive Internal Model}, 
  author={Junfeng Long and Junli Ren and Moji Shi and Zirui Wang and Tao Huang and Ping Luo and Jiangmiao Pang},
  year={2024},
  eprint={2411.14386},
  archivePrefix={arXiv},
  primaryClass={cs.RO},
  url={https://arxiv.org/abs/2411.14386}, 
}

# mobile+manipulation
@article{lu2024pmp,
    title={Mobile-TeleVision: Predictive Motion Priors for Humanoid Whole-Body Control},
    author={Lu, Chenhao and Cheng, Xuxin and Li, Jialong and Yang, Shiqi and Ji, Mazeyu and Yuan, Chengjing and Yang, Ge and Yi, Sha and Wang, Xiaolong},
    journal={arXiv preprint arXiv:2412.07773},
    year={2024}
}

@article{he2024omnih2o,
  title={OmniH2O: Universal and Dexterous Human-to-Humanoid Whole-Body Teleoperation and Learning},
  author={He, Tairan and Luo, Zhengyi and He, Xialin and Xiao, Wenli and Zhang, Chong and Zhang, Weinan and Kitani, Kris and Liu, Changliu and Shi, Guanya},
  journal={arXiv preprint arXiv:2406.08858},
  year={2024}
}

@inproceedings{fu2024humanplus,
  author    = {Fu, Zipeng and Zhao, Qingqing and Wu, Qi and Wetzstein, Gordon and Finn, Chelsea},
  title     = {HumanPlus: Humanoid Shadowing and Imitation from Humans},
  booktitle = {{Conference on Robot Learning (CoRL)}},
  year      = {2024},
}

@article{liu2024rdt,
    title={RDT-1B: a Diffusion Foundation Model for Bimanual Manipulation},
    author={Liu, Songming and Wu, Lingxuan and Li, Bangguo and Tan, Hengkai and Chen, Huayu and Wang, Zhengyi and Xu, Ke and Su, Hang and Zhu, Jun},
    journal={arXiv preprint arXiv:2410.07864},
    year={2024}
}

# humanoid motions

@article{
	peng2018deepMimic,
	author = {Peng, Xue Bin and Abbeel, Pieter and Levine, Sergey and van de Panne, Michiel},
	title = {DeepMimic: Example-guided Deep Reinforcement Learning of Physics-based Character Skills},
	journal = {ACM Trans. Graph.},
	issue_date = {August 2018},
	volume = {37},
	number = {4},
	month = jul,
	year = {2018},
	issn = {0730-0301},
	pages = {143:1--143:14},
	articleno = {143},
	numpages = {14},
	url = {http://doi.acm.org/10.1145/3197517.3201311},
	doi = {10.1145/3197517.3201311},
	acmid = {3201311},
	publisher = {ACM},
	address = {New York, NY, USA},
	keywords = {motion control, physics-based character animation, reinforcement learning},
}

@inproceedings{
	tessler2023calm,
	author={Tessler, Chen and Kasten, Yoni and Guo, Yunrong and Mannor, Shie and Chechik, Gal and Peng, Xue Bin},
	title = {CALM: Conditional Adversarial Latent Models for Directable Virtual Characters},
	year = {2023},
	isbn = {9798400701597},
	publisher = {Association for Computing Machinery},
	address = {New York, NY, USA},
	url = {https://doi.org/10.1145/3588432.3591541},
	doi = {10.1145/3588432.3591541},
	booktitle = {ACM SIGGRAPH 2023 Conference Proceedings},
	keywords = {reinforcement learning, animated character control, adversarial training, motion capture data},
	location = {Los Angeles, CA, USA},
	series = {SIGGRAPH '23}
}

@inproceedings{Luo2023PerpetualHC,
    author={Zhengyi Luo and Jinkun Cao and Alexander W. Winkler and Kris Kitani and Weipeng Xu},
    title={Perpetual Humanoid Control for Real-time Simulated Avatars},
    booktitle={International Conference on Computer Vision (ICCV)},
    year={2023}
}     

@inproceedings{serifi2024vmp,
author = {Serifi, Agon and Grandia, Ruben and Knoop, Espen and Gross, Markus and B\"{a}cher, Moritz},
title = {VMP: Versatile Motion Priors for Robustly Tracking Motion on Physical Characters},
year = {2024},
publisher = {Eurographics Association},
address = {Goslar, DEU},
url = {https://doi.org/10.1111/cgf.15175},
doi = {10.1111/cgf.15175},
pages = {1–11},
numpages = {11},
location = {Montreal, Quebec, Canada},
booktitle = {SCA '24: ACM SIGGRAPH/Eurographics Symposium on Computer Animation},
series = {SCA '24}
}

@article{tessler2024maskedmimic,
    author = {
        Tessler, Chen and Guo, Yunrong and Nabati, Ofir and Chechik, Gal
        and Peng, Xue Bin
    },
    title = {
        MaskedMimic: Unified Physics-Based Character Control Through
        Masked Motion Inpainting
    },
    year = {2024},
    journal={ACM Transactions on Graphics (TOG)},
    publisher={ACM New York, NY, USA}
}

# climbing stairs
@article{siekmann2021blind_duplicated,
  title={Blind bipedal stair traversal via sim-to-real reinforcement learning},
  author={Siekmann, Jonah and Green, Kevin and Warila, John and Fern, Alan and Hurst, Jonathan},
  journal={arXiv preprint arXiv:2105.08328},
  year={2021}
}


@article{takahiro2022learning,
	title        = {Learning robust perceptive locomotion for quadrupedal robots in the wild},
	author       = {Miki, Takahiro and Lee, Joonho and Hwangbo, Jemin and Wellhausen, Lorenz and Koltun, Vladlen and Hutter, Marco},
	year         = 2022,
	month        = Jan,
	journal      = {Science Robotics}
}

% agarwal2022legged

@article{yang2023neural,
  title={Neural Volumetric Memory for Visual Locomotion Control},
  author={Yang, Ruihan and Yang, Ge and Wang, Xiaolong},
  journal={{CVPR}},
  year={2023}
}

@article{hoeller2022neural,
  title={Neural scene representation for locomotion on structured terrain},
  author={Hoeller, David and Rudin, Nikita and Choy, Christopher and Anandkumar, Animashree and Hutter, Marco},
  journal={IEEE Robotics and Automation Letters},
  year={2022},
}

@inproceedings{yu2021visual,
  title={Visual-locomotion: Learning to walk on complex terrains with vision},
  author={Yu, Wenhao and Jain, Deepali and Escontrela, Alejandro and Iscen, Atil and Xu, Peng and Coumans, Erwin and Ha, Sehoon and Tan, Jie and Zhang, Tingnan},
  booktitle={5th Annual Conference on Robot Learning},
  year={2021}
}

% siekmann2021blind

% gu2024humanoid

@inproceedings{long2023him,
  title={Hybrid Internal Model: Learning Agile Legged Locomotion with Simulated Robot Response},
  author={Long, Junfeng and Wang, ZiRui and Li, Quanyi and Cao, Liu and Gao, Jiawei and Pang, Jiangmiao},
  booktitle={The Twelfth International Conference on Learning Representations},
  year={2024}
}

@misc{long2024hinf,
  title={Learning H-Infinity Locomotion Control}, 
  author={Junfeng Long and Wenye Yu and Quanyi Li and Zirui Wang and Dahua Lin and Jiangmiao Pang},
  year={2024},
  eprint={2404.14405},
  archivePrefix={arXiv},
}

# legged manipulator
@inproceedings{fu2022deep,
  title={Deep whole-body control: learning a unified policy for manipulation and locomotion},
  author={Fu, Zipeng and Cheng, Xuxin and Pathak, Deepak},
  booktitle={Conference on Robot Learning},
  year={2022},
}

@article{ma2022combining,
  title={Combining learning-based locomotion policy with model-based manipulation for legged mobile manipulators},
  author={Ma, Yuntao and Farshidian, Farbod and Miki, Takahiro and Lee, Joonho and Hutter, Marco},
  journal={IEEE Robotics and Automation Letters},
  year={2022},
}

@inproceedings{cheng2023legs,
title={Legs as Manipulator: Pushing Quadrupedal Agility Beyond Locomotion},
author={Cheng, Xuxin and Kumar, Ashish and Pathak, Deepak},
booktitle={2023 IEEE International Conference on Robotics and Automation (ICRA)},
year={2023},
}


@article{ito2022efficient,
  title={Efficient multitask learning with an embodied predictive model for door opening and entry with whole-body control},
  author={Ito, Hiroshi and Yamamoto, Kenjiro and Mori, Hiroki and Ogata, Tetsuya},
  journal={Science Robotics},
  year={2022},
}

@INPROCEEDINGS{ji2022hierarchical,
  author={Ji, Yandong and Li, Zhongyu and Sun, Yinan and Peng, Xue Bin and Levine, Sergey and Berseth, Glen and Sreenath, Koushil},
  booktitle={2022 IEEE/RSJ International Conference on Intelligent Robots and Systems (IROS)}, 
  title={Hierarchical Reinforcement Learning for Precise Soccer Shooting Skills using a Quadrupedal Robot}, 
  year={2022},
  volume={},
  number={},
  pages={1479-1486},
  keywords={Legged locomotion;Robot motion;Target tracking;Dynamics;Reinforcement learning;Planning;Quadrupedal robots},
  doi={10.1109/IROS47612.2022.9981984}
}

@inproceedings{
zhang2024learning,
title={Learning to Open and Traverse Doors with a Legged Manipulator},
author={Mike Zhang and Yuntao Ma and Takahiro Miki and Marco Hutter},
booktitle={8th Annual Conference on Robot Learning},
year={2024},
url={https://openreview.net/forum?id=VoC3wF6fbh}
}

# model based bipedal/humanoid
@article{hirofumi1984dynamic,
    author = {Hirofumi Miura and Isao Shimoyama},
    title ={Dynamic Walk of a Biped},
    journal = {The International Journal of Robotics Research},
    volume = {3},
    number = {2},
    pages = {60-74},
    year = {1984},
    doi = {10.1177/027836498400300206},
    URL = {https://doi.org/10.1177/027836498400300206},
    eprint = {https://doi.org/10.1177/027836498400300206}
}

@inproceedings{behzad2008whole,
  author       = {Behzad Dariush and
                  Michael Gienger and
                  Bing Jian and
                  Christian Goerick and
                  Kikuo Fujimura},
  title        = {Whole body humanoid control from human motion descriptors},
  booktitle    = {2008 {IEEE} International Conference on Robotics and Automation, {ICRA}
                  2008, May 19-23, 2008, Pasadena, California, {USA}},
  pages        = {2677--2684},
  publisher    = {{IEEE}},
  year         = {2008},
  url          = {https://doi.org/10.1109/ROBOT.2008.4543616},
  doi          = {10.1109/ROBOT.2008.4543616},
  timestamp    = {Mon, 22 May 2017 17:12:13 +0200},
  biburl       = {https://dblp.org/rec/conf/icra/DariushGJGF08.bib},
  bibsource    = {dblp computer science bibliography, https://dblp.org}
}

@INPROCEEDINGS{grizzle2009mabel,
  author={Grizzle, J.W. and Hurst, Jonathan and Morris, Benjamin and Park, Hae-Won and Sreenath, Koushil},
  booktitle={2009 American Control Conference}, 
  title={MABEL, a new robotic bipedal walker and runner}, 
  year={2009},
  volume={},
  number={},
  pages={2030-2036},
  keywords={Legged locomotion;Robots;Rough surfaces;Surface roughness;Buildings;Mechanical power transmission;Steady-state;Feedback control;Educational institutions;Testing},
  doi={10.1109/ACC.2009.5160550}
}

@Inbook{Moro2019whole,
    author="Moro, Federico L.
    and Sentis, Luis",
    title="Whole-Body Control of Humanoid Robots",
    bookTitle="Humanoid Robotics: A Reference",
    year="2019",
    publisher="Springer Netherlands",
    address="Dordrecht",
    pages="1161--1183",
    isbn="978-94-007-6046-2",
    doi="10.1007/978-94-007-6046-2_51",
    url="https://doi.org/10.1007/978-94-007-6046-2_51"
}

@ARTICLE{antonin2023synchronized,
  author={Dallard, Antonin and Benallegue, Mehdi and Kanehiro, Fumio and Kheddar, Abderrahmane},
  journal={IEEE Robotics and Automation Letters}, 
  title={Synchronized Human-Humanoid Motion Imitation}, 
  year={2023},
  volume={8},
  number={7},
  pages={4155-4162},
  keywords={Synchronization;Robots;Trajectory;Legged locomotion;Humanoid robots;Predictive models;Estimation;Telerobotics and teleoperation;intention recognition;human and humanoid motion analysis and synthesis},
  doi={10.1109/LRA.2023.3280807}
}

@INPROCEEDINGS{kajita2001the,
  author={Kajita, S. and Kanehiro, F. and Kaneko, K. and Yokoi, K. and Hirukawa, H.},
  booktitle={Proceedings 2001 IEEE/RSJ International Conference on Intelligent Robots and Systems. Expanding the Societal Role of Robotics in the the Next Millennium (Cat. No.01CH37180)}, 
  title={The 3D linear inverted pendulum mode: a simple modeling for a biped walking pattern generation}, 
  year={2001},
  volume={1},
  number={},
  pages={239-246 vol.1},
  keywords={Legged locomotion;Equations;Humanoid robots;Robot kinematics;Jacobian matrices;Motion control;Leg;Industrial control;Electronic mail;Service robots},
  doi={10.1109/IROS.2001.973365}
}



# humanoid simulation
@article{zhang2023vid2player3d,
	author = {Zhang, Haotian and Yuan, Ye and Makoviychuk, Viktor and Guo, Yunrong and Fidler, Sanja and Peng, Xue Bin and Fatahalian, Kayvon},
	title = {Learning Physically Simulated Tennis Skills from Broadcast Videos},
	year = {2023},
	issue_date = {August 2023},
	publisher = {Association for Computing Machinery},
	address = {New York, NY, USA},
	volume = {42},
	number = {4},
	issn = {0730-0301},
	url = {https://doi.org/10.1145/3592408},
	doi = {10.1145/3592408},
	journal = {ACM Trans. Graph.},
	month = {jul},
	articleno = {95},
	numpages = {14},
	keywords = {imitation learning, physics-based character animation, reinforcement learning}
}

@article{peng2022ase,
	author = {Peng, Xue Bin and Guo, Yunrong and Halper, Lina and Levine, Sergey and Fidler, Sanja},
	title = {ASE: Large-scale Reusable Adversarial Skill Embeddings for Physically Simulated Characters},
	journal = {ACM Trans. Graph.},
	issue_date = {August 2022},
	volume = {41},
	number = {4},
	month = jul,
	year = {2022},
	articleno = {94},
	publisher = {ACM},
	address = {New York, NY, USA},
	keywords = {motion control, physics-based character animation, reinforcement learning}
}

@inproceedings{Abdolhosseini2019learning,
author = {Abdolhosseini, Farzad and Ling, Hung Yu and Xie, Zhaoming and Peng, Xue Bin and van de Panne, Michiel},
title = {On Learning Symmetric Locomotion},
year = {2019},
isbn = {9781450369947},
publisher = {Association for Computing Machinery},
address = {New York, NY, USA},
url = {https://doi.org/10.1145/3359566.3360070},
doi = {10.1145/3359566.3360070},
booktitle = {Motion, Interaction and Games},
articleno = {19},
numpages = {10},
keywords = {locomotion, reinforcement learning, symmetry},
location = {Newcastle upon Tyne, United Kingdom},
series = {MIG '19}
}

# traversability mapping
@inproceedings{pan2019gpu,
  title={GPU accelerated real-time traversability mapping},
  author={Pan, Yiyuan and Xu, Xuecheng and Wang, Yue and Ding, Xiaqing and Xiong, Rong},
  booktitle={2019 IEEE International Conference on Robotics and Biomimetics (ROBIO)},
  year={2019},
}

@inproceedings{yang2021real,
  title={Real-time optimal navigation planning using learned motion costs},
  author={Yang, Bowen and Wellhausen, Lorenz and Miki, Takahiro and Liu, Ming and Hutter, Marco},
  booktitle={2021 IEEE International Conference on Robotics and Automation (ICRA)},
  year={2021}
}

@article{chavez2018learning,
  title={Learning ground traversability from simulations},
  author={Chavez-Garcia, R Omar and Guzzi, J{\'e}r{\^o}me and Gambardella, Luca M and Giusti, Alessandro},
  journal={IEEE Robotics and Automation letters},
  year={2018},
}

@article{guzzi2020path,
  title={Path planning with local motion estimations},
  author={Guzzi, J{\'e}r{\^o}me and Chavez-Garcia, R Omar and Nava, Mirko and Gambardella, Luca Maria and Giusti, Alessandro},
  journal={IEEE Robotics and Automation Letters},
  year={2020},
}

# state estimation
@article{yang2022cerberus,
  title={Cerberus: Low-Drift Visual-Inertial-Leg Odometry For Agile Locomotion},
  author={Yang, Shuo and Zhang, Zixin and Fu, Zhengyu and Manchester, Zachary},
  journal={ICRA},
  year={2023}
}

@inproceedings{bloesch2015robust,
  title={Robust visual inertial odometry using a direct EKF-based approach},
  author={Bloesch, Michael and Omari, Sammy and Hutter, Marco and Siegwart, Roland},
  booktitle={2015 IEEE/RSJ international conference on intelligent robots and systems (IROS)},
  pages={298--304},
  year={2015},
  organization={IEEE}
}

@article{wisth2022vilens,
  title={VILENS: Visual, inertial, lidar, and leg odometry for all-terrain legged robots},
  author={Wisth, David and Camurri, Marco and Fallon, Maurice},
  journal={IEEE Transactions on Robotics},
  year={2022},
  publisher={IEEE}
}


@article{wisth2021unified,
  title={Unified multi-modal landmark tracking for tightly coupled lidar-visual-inertial odometry},
  author={Wisth, David and Camurri, Marco and Das, Sandipan and Fallon, Maurice},
  journal={IEEE Robotics and Automation Letters},
  volume={6},
  number={2},
  pages={1004--1011},
  year={2021},
  publisher={IEEE}
}

@inproceedings{buchanan2022learning,
  title={Learning inertial odometry for dynamic legged robot state estimation},
  author={Buchanan, Russell and Camurri, Marco and Dellaert, Frank and Fallon, Maurice},
  booktitle={Conference on Robot Learning},
  pages={1575--1584},
  year={2022},
  organization={PMLR}
}

@article{yang2019state,
  title={State estimation for legged robots using contact-centric leg odometry},
  author={Yang, Shuo and Kumar, Hans and Gu, Zhaoyuan and Zhang, Xiangyuan and Travers, Matthew and Choset, Howie},
  journal={arXiv preprint arXiv:1911.05176},
  year={2019}
}


@article{wisth2019robust,
  title={Robust legged robot state estimation using factor graph optimization},
  author={Wisth, David and Camurri, Marco and Fallon, Maurice},
  journal={IEEE Robotics and Automation Letters},
  year={2019},
}

@inproceedings{omari2015dense,
  title={Dense visual-inertial navigation system for mobile robots},
  author={Omari, Sammy and Bloesch, Michael and Gohl, Pascal and Siegwart, Roland},
  booktitle={2015 IEEE International Conference on Robotics and Automation (ICRA)},
  pages={2634--2640},
  year={2015},
  organization={IEEE}
}

@inproceedings{forster2014svo,
  title={SVO: Fast semi-direct monocular visual odometry},
  author={Forster, Christian and Pizzoli, Matia and Scaramuzza, Davide},
  booktitle={2014 IEEE international conference on robotics and automation (ICRA)},
  year={2014},
}

@article{scaramuzza2011visual,
  title={Visual odometry [tutorial]},
  author={Scaramuzza, Davide and Fraundorfer, Friedrich},
  journal={IEEE robotics \& automation magazine},
  year={2011},
}

# foothold planning and control
@article{jenelten2020perceptive,
  title={Perceptive locomotion in rough terrain--online foothold optimization},
  author={Jenelten, Fabian and Miki, Takahiro and Vijayan, Aravind E and Bjelonic, Marko and Hutter, Marco},
  journal={IEEE Robotics and Automation Letters},
  year={2020},
}

@inproceedings{kim2020vision,
  title={Vision aided dynamic exploration of unstructured terrain with a small-scale quadruped robot},
  author={Kim, Donghyun and Carballo, Daniel and Di Carlo, Jared and Katz, Benjamin and Bledt, Gerardo and Lim, Bryan and Kim, Sangbae},
  booktitle={2020 IEEE International Conference on Robotics and Automation (ICRA)},
  year={2020},
}

@inproceedings{wermelinger2016navigation,
  title={Navigation planning for legged robots in challenging terrain},
  author={Wermelinger, Martin and Fankhauser, P{\'e}ter and Diethelm, Remo and Kr{\"u}si, Philipp and Siegwart, Roland and Hutter, Marco},
  booktitle={2016 IEEE/RSJ International Conference on Intelligent Robots and Systems (IROS)},
  year={2016},
}

@inproceedings{chilian2009stereo,
  title={Stereo camera based navigation of mobile robots on rough terrain},
  author={Chilian, Annett and Hirschm{\"u}ller, Heiko},
  booktitle={2009 IEEE/RSJ International Conference on Intelligent Robots and Systems},
  year={2009},
}

@inproceedings{mastalli2015line,
  title={On-line and on-board planning and perception for quadrupedal locomotion},
  author={Mastalli, Carlos and Havoutis, Ioannis and Winkler, Alexander W and Caldwell, Darwin G and Semini, Claudio},
  booktitle={2015 IEEE International Conference on Technologies for Practical Robot Applications (TePRA)},
  year={2015},
}

@inproceedings{agrawal2022vision,
  title={Vision-aided dynamic quadrupedal locomotion on discrete terrain using motion libraries},
  author={Agrawal, Ayush and Chen, Shuxiao and Rai, Akshara and Sreenath, Koushil},
  booktitle={2022 International Conference on Robotics and Automation (ICRA)},
  year={2022},
}


@inproceedings{kolter2008control,
  title={A control architecture for quadruped locomotion over rough terrain},
  author={Kolter, J Zico and Rodgers, Mike P and Ng, Andrew Y},
  booktitle={2008 IEEE International Conference on Robotics and Automation},
  year={2008},
}

@inproceedings{kalakrishnan2009learning,
  title={Learning locomotion over rough terrain using terrain templates},
  author={Kalakrishnan, Mrinal and Buchli, Jonas and Pastor, Peter and Schaal, Stefan},
  booktitle={2009 IEEE/RSJ International Conference on Intelligent Robots and Systems},
  year={2009},
}

@inproceedings{wellhausen2021rough,
  title={Rough terrain navigation for legged robots using reachability planning and template learning},
  author={Wellhausen, Lorenz and Hutter, Marco},
  booktitle={2021 IEEE/RSJ International Conference on Intelligent Robots and Systems (IROS)},
  year={2021},
}

@inproceedings{mastalli2017trajectory,
  title={Trajectory and foothold optimization using low-dimensional models for rough terrain locomotion},
  author={Mastalli, Carlos and Focchi, Michele and Havoutis, Ioannis and Radulescu, Andreea and Calinon, Sylvain and Buchli, Jonas and Caldwell, Darwin G and Semini, Claudio},
  booktitle={2017 IEEE International Conference on Robotics and Automation (ICRA)},
  year={2017},
}

@article{magana2019fast,
  title={Fast and continuous foothold adaptation for dynamic locomotion through cnns},
  author={Magana, Octavio Antonio Villarreal and Barasuol, Victor and Camurri, Marco and Franceschi, Luca and Focchi, Michele and Pontil, Massimiliano and Caldwell, Darwin G and Semini, Claudio},
  journal={IEEE Robotics and Automation Letters},
  year={2019},
}


@inproceedings{bermudez2012performance,
  title={Performance analysis and terrain classification for a legged robot over rough terrain},
  author={Bermudez, Fernando L Garcia and Julian, Ryan C and Haldane, Duncan W and Abbeel, Pieter and Fearing, Ronald S},
  booktitle={2012 IEEE/RSJ International Conference on Intelligent Robots and Systems},
  pages={513--519},
  year={2012},
  organization={IEEE}
}

@INPROCEEDINGS{miki2024learning,
  author={Miki, Takahiro and Lee, Joonho and Wellhausen, Lorenz and Hutter, Marco},
  booktitle={2024 IEEE International Conference on Robotics and Automation (ICRA)}, 
  title={Learning to walk in confined spaces using 3D representation}, 
  year={2024},
  volume={},
  number={},
  pages={8649-8656},
  keywords={Legged locomotion;Training;Three-dimensional displays;Navigation;Buildings;Reinforcement learning;Aerospace electronics},
  doi={10.1109/ICRA57147.2024.10610271}}


% fabian2024deep

# bipedal/humanoid tradition control
@inproceedings{Khatib2008AUF,
  title={A Unified Framework for Whole-Body Humanoid Robot Control with Multiple Constraints and Contacts},
  author={Oussama Khatib and Luis Sentis and Jaeheung Park},
  booktitle={European Robotics Symposium},
  year={2008},
  url={https://api.semanticscholar.org/CorpusID:8117859}
}

@INPROCEEDINGS{matthew2021MIThumanoids,
  author={Chignoli, Matthew and Kim, Donghyun and Stanger-Jones, Elijah and Kim, Sangbae},
  booktitle={2020 IEEE-RAS 20th International Conference on Humanoid Robots (Humanoids)}, 
  title={The MIT Humanoid Robot: Design, Motion Planning, and Control For Acrobatic Behaviors}, 
  year={2021},
  volume={},
  number={},
  pages={1-8},
  keywords={Actuators;Torque;Systematics;Dynamics;Humanoid robots;Hardware;Trajectory},
  doi={10.1109/HUMANOIDS47582.2021.9555782}
}

@Inbook{nelson2019Atlas,
author="Nelson, Gabe
and Saunders, Aaron
and Playter, Robert",
title="The PETMAN and Atlas Robots at Boston Dynamics",
bookTitle="Humanoid Robotics: A Reference",
year="2019",
publisher="Springer Netherlands",
address="Dordrecht",
pages="169--186",
isbn="978-94-007-6046-2",
doi="10.1007/978-94-007-6046-2_15",
url="https://doi.org/10.1007/978-94-007-6046-2_15"
}



# hardware safety
@ARTICLE{kim2024legConstrainedRL,
    author={Kim, Yunho and Oh, Hyunsik and Lee, Jeonghyun and Choi, Jinhyeok and Ji, Gwanghyeon and Jung, Moonkyu and Youm, Donghoon and Hwangbo, Jemin},
    journal={IEEE Transactions on Robotics}, 
    title={Not Only Rewards but Also Constraints: Applications on Legged Robot Locomotion}, 
    year={2024},
    volume={40},
    number={},
    pages={2984-3003},
    keywords={Robots;Legged locomotion;Reinforcement learning;Optimization;Neural networks;Quadrupedal robots;Training;Constrained reinforcement learning (RL);legged locomotion;RL},
    doi={10.1109/TRO.2024.3400935}
}

@misc{chanesane2024cat,
      title={CaT: Constraints as Terminations for Legged Locomotion Reinforcement Learning},
      author={Elliot Chane-Sane and Pierre-Alexandre Leziart and Thomas Flayols and Olivier Stasse and Philippe Souères and Nicolas Mansard},
      year={2024},
      eprint={2403.18765},
      archivePrefix={arXiv},
      primaryClass={cs.RO}
}


# mimic animals
@article{yang2020multi,
  title={Multi-expert learning of adaptive legged locomotion},
  author={Yang, Chuanyu and Yuan, Kai and Zhu, Qiuguo and Yu, Wanming and Li, Zhibin},
  journal={Science Robotics},
  year={2020},
}

# algorithms
@article{schulman2017proximal,
  author       = {John Schulman and
                  Filip Wolski and
                  Prafulla Dhariwal and
                  Alec Radford and
                  Oleg Klimov},
  title        = {Proximal Policy Optimization Algorithms},
  journal      = {CoRR},
  volume       = {abs/1707.06347},
  year         = {2017},
  url          = {http://arxiv.org/abs/1707.06347},
  eprinttype    = {arXiv},
  eprint       = {1707.06347},
  timestamp    = {Mon, 13 Aug 2018 16:47:34 +0200},
  biburl       = {https://dblp.org/rec/journals/corr/SchulmanWDRK17.bib},
  bibsource    = {dblp computer science bibliography, https://dblp.org}
}

@article{burda2018exploration,
  title={Exploration by random network distillation},
  author={Burda, Yuri and Edwards, Harrison and Storkey, Amos and Klimov, Oleg},
  journal={arXiv preprint arXiv:1810.12894},
  year={2018}
}

@article{chen2024lcp,
title={Learning Smooth Humanoid Locomotion through Lipschitz-Constrained Policies},
author={Zixuan Chen and Xialin He and Yen-Jen Wang and Qiayuan Liao and Yanjie Ze and Zhongyu Li and S. Shankar Sastry and Jiajun Wu and Koushil Sreenath and Saurabh Gupta and Xue Bin Peng},
journal={arxiv Preprint arXiv:2410.11825},
year={2024}
}

@article{schulman2015gae,
  title={High-Dimensional Continuous Control Using Generalized Advantage Estimation},
  author={John Schulman and Philipp Moritz and Sergey Levine and Michael I. Jordan and P. Abbeel},
  journal={CoRR},
  year={2015},
  volume={abs/1506.02438},
  url={https://api.semanticscholar.org/CorpusID:3075448}
}

@ARTICLE{juan2020multicritic,
  author={Martinez-Piazuelo, Juan and Ochoa, Daniel E. and Quijano, Nicanor and Giraldo, Luis Felipe},
  journal={IEEE Access}, 
  title={A Multi-Critic Reinforcement Learning Method: An Application to Multi-Tank Water Systems}, 
  year={2020},
  volume={8},
  number={},
  pages={173227-173238},
  keywords={Neural networks;Learning (artificial intelligence);Task analysis;Training;Control systems;Process control;Sensitivity;Data-driven control;approximate dynamic programming;reinforcement learning;actor-critic methods;deep deterministic policy gradient;water-tank systems},
  doi={10.1109/ACCESS.2020.3025194}}


# dagger
@inproceedings{ross2011reduction,
  title={A reduction of imitation learning and structured prediction to no-regret online learning},
  author={Ross, St{\'e}phane and Gordon, Geoffrey and Bagnell, Drew},
  booktitle={Proceedings of the fourteenth international conference on artificial intelligence and statistics},
  year={2011},
  organization={JMLR Workshop and Conference Proceedings}
}
@inproceedings{chen2020learning,
  title={Learning by cheating},
  author={Chen, Dian and Zhou, Brady and Koltun, Vladlen and Kr{\"a}henb{\"u}hl, Philipp},
  booktitle={Conference on Robot Learning},
  year={2020}
}

@article{chung2014empirical,
  title={Empirical evaluation of gated recurrent neural networks on sequence modeling},
  author={Chung, Junyoung and Gulcehre, Caglar and Cho, KyungHyun and Bengio, Yoshua},
  journal={arXiv preprint arXiv:1412.3555},
  year={2014}
}


% Simulators
@INPROCEEDINGS{todorov2012mujoco,
  author={Todorov, Emanuel and Erez, Tom and Tassa, Yuval},
  booktitle={2012 IEEE/RSJ International Conference on Intelligent Robots and Systems}, 
  title={MuJoCo: A physics engine for model-based control}, 
  year={2012},
  volume={},
  number={},
  pages={5026-5033},
  keywords={Engines;Optimization;Computational modeling;Heuristic algorithms;Dynamics;Mathematical model},
  doi={10.1109/IROS.2012.6386109}
}

@article{makoviychuk2021isaac,
  title={Isaac gym: High performance gpu-based physics simulation for robot learning},
  author={Makoviychuk, Viktor and Wawrzyniak, Lukasz and Guo, Yunrong and Lu, Michelle and Storey, Kier and Macklin, Miles and Hoeller, David and Rudin, Nikita and Allshire, Arthur and Handa, Ankur and others},
  journal={arXiv preprint arXiv:2108.10470},
  year={2021}
}

% Datasets
@conference{mahmood2019amass,
  title = {{AMASS}: Archive of Motion Capture as Surface Shapes},
  author = {Mahmood, Naureen and Ghorbani, Nima and Troje, Nikolaus F. and Pons-Moll, Gerard and Black, Michael J.},
  booktitle = {International Conference on Computer Vision},
  pages = {5442--5451},
  month = oct,
  year = {2019},
  month_numeric = {10}
}

@misc{cmumocap,
    url={http://mocap.cs.cmu.edu/},
    journal={Carnegie Mellon University - CMU Graphics Lab - motion capture library},
}

@ARTICLE {Mandery2016unifying,
author = {Christian Mandery and \"Omer Terlemez and Martin Do and Nikolaus Vahrenkamp and Tamim Asfour},
title = {Unifying Representations and Large-Scale Whole-Body Motion Databases for Studying Human Motion},
pages = {796--809},
volume ={32},
number ={4},
journal ={IEEE Transactions on Robotics},
year = {2016},
}

@inproceedings{goel2023humans,
    title={Humans in 4{D}: Reconstructing and Tracking Humans with Transformers},
    author={Goel, Shubham and Pavlakos, Georgios and Rajasegaran, Jathushan and Kanazawa, Angjoo and Malik, Jitendra},
    booktitle={ICCV},
    year={2023}
}

% hardware and acceleration
@misc{onnxruntime,
  title={ONNX Runtime},
  author={ONNX Runtime developers},
  year={2021},
  howpublished={\url{https://onnxruntime.ai/}},

}

@software{Zhong2024PyTorchKinematics,
author = {Zhong, Sheng and Power, Thomas and Gupta, Ashwin and Mitrano, Peter},
doi = {10.5281/zenodo.7700587},
month = feb,
title = {{PyTorch Kinematics}},
version = {v0.7.1},
year = {2024}
}

