@inproceedings{ADM,
 author = {Dhariwal, Prafulla and Nichol, Alexander},
 booktitle = {Proc. NeurIPS},
 title = {Diffusion Models Beat GANs on Image Synthesis},
 address = {Virtual Event},
 year = {Dec. 2021}
}

@inproceedings{DM,
 author = {Ho, Jonathan and Jain, Ajay and Abbeel, Pieter},
 booktitle = {Proc. NeurIPS},
 title = {Denoising Diffusion Probabilistic Models},
 address={Virtual Event},
 year = {Dec. 2020}
}

@article{DMsurvey2,
  title={Diffusion models: A comprehensive survey of methods and applications},
  author={Yang, Ling and Zhang, Zhilong and Song, Yang and Hong, Shenda and Xu, Runsheng and Zhao, Yue and Zhang, Wentao and Cui, Bin and Yang, Ming-Hsuan},
  journal={ACM Comput. Surv.},
  volume={56},
  number={4},
  pages={1--39},
  year={2023}
}

@InProceedings{DiT,
    author    = {Peebles, William and Xie, Saining},
    title     = {Scalable Diffusion Models with Transformers},
    booktitle = {Proc. ICCV},
    address   = {Paris, France},
    year      = {Oct. 2023}
}

@InProceedings{LDM,
    author    = {Rombach, Robin and Blattmann, Andreas and Lorenz, Dominik and Esser, Patrick and Ommer, Bj\"orn},
    title     = {High-Resolution Image Synthesis With Latent Diffusion Models},
    booktitle = {Proc. IEEE/CVF CVPR},
    address={New Orleans, US},
    year      = {June 2022},
}

@InProceedings{PTQ2,
  title = 	 {Up or Down? Adaptive Rounding for Post-Training Quantization},
  author =       {Nagel, Markus and Amjad, Rana Ali and Van Baalen, Mart and Louizos, Christos and Blankevoort, Tijmen},
  booktitle = 	 {Proc. ICML},
  address = {Virtual Event},
  year = 	 {July 2020},
}

@InProceedings{PTQ3,
author="Yuan, Zhihang
and Xue, Chenhao
and Chen, Yiqi
and Wu, Qiang
and Sun, Guangyu",
title="PTQ4ViT: Post-training Quantization for Vision Transformers with Twin Uniform Quantization",
booktitle="Proc. ECCV",
address = {Tel Aviv, Israel},
year="Oct. 2022",
}

@article{PTQ4,
  title={A white paper on neural network quantization},
  author={Nagel, Markus and Fournarakis, Marios and Amjad, Rana Ali and Bondarenko, Yelysei and Van Baalen, Mart and Blankevoort, Tijmen},
  journal={arXiv preprint arXiv:2106.08295},
  year={2021}
}

@article{PTQ4DiT,
  title={PTQ4DiT: Post-training Quantization for Diffusion Transformers},
  author={Wu, Junyi and Wang, Haoxuan and Shang, Yuzhang and Shah, Mubarak and Yan, Yan},
  journal={arXiv preprint arXiv:2405.16005},
  year={2024}
}

@inproceedings{PTQD,
 author = {He, Yefei and Liu, Luping and Liu, Jing and Wu, Weijia and Zhou, Hong and Zhuang, Bohan},
 booktitle = {Proc. NeurIPS},
 title = {PTQD: Accurate Post-Training Quantization for Diffusion Models},
 address={New Orleans, US},
 year = {Dec. 2023}
}

@InProceedings{Q-Diffusion,
    author    = {Li, Xiuyu and Liu, Yijiang and Lian, Long and Yang, Huanrui and Dong, Zhen and Kang, Daniel and Zhang, Shanghang and Keutzer, Kurt},
    title     = {Q-Diffusion: Quantizing Diffusion Models},
    booktitle = {Proc. ICCV},
    address   = {Paris, France},
    year      = {Dec. 2023},
}

@inproceedings{QLLM,
  title={Smoothquant: Accurate and efficient post-training quantization for large language models},
  author={Xiao, Guangxuan and Lin, Ji and Seznec, Mickael and Wu, Hao and Demouth, Julien and Han, Song},
  booktitle={Proc. ICML},
  address   = {Honolulu, US},
  year={July 2023}
}

@inproceedings{QLLM2,
 author = {Dettmers, Tim and Lewis, Mike and Belkada, Younes and Zettlemoyer, Luke},
 booktitle = {Proc. NeurIPS},
 title = {GPT3.int8(): 8-bit Matrix Multiplication for Transformers at Scale},
 address={New Orleans, US},
 year={Dec. 2022}
}

@InProceedings{Qinference,
author = {Jacob, Benoit and Kligys, Skirmantas and Chen, Bo and Zhu, Menglong and Tang, Matthew and Howard, Andrew and Adam, Hartwig and Kalenichenko, Dmitry},
title = {Quantization and Training of Neural Networks for Efficient Integer-Arithmetic-Only Inference},
booktitle = {Proc. IEEE/CVF CVPR},
address   = {Salt Lake City, US},
year = {June 2018}
}

@INPROCEEDINGS{chainnet_edge_ai,
  author={Niu, Zifeng and Roveri, Manuel and Casale, Giuliano},
  booktitle={Proc. IEEE/IFIP DSN}, 
  title={ChainNet: A Customized Graph Neural Network Model for Loss-Aware Edge AI Service Deployment}, 
  address={Brisbane, Australia},
  year={June 2024}
}

