@article{GAN,
author = {Goodfellow, Ian and Pouget-Abadie, Jean and Mirza, Mehdi and Xu, Bing and Warde-Farley, David and Ozair, Sherjil and Courville, Aaron and Bengio, Yoshua},
title = {Generative adversarial networks},
year = {2020},
volume = {63},
number = {11},
journal = {Commun. ACM},
pages = {139–144},
}

@inproceedings{
Trilemma,
title={Tackling the Generative Learning Trilemma with Denoising Diffusion {GAN}s},
author={Zhisheng Xiao and Karsten Kreis and Arash Vahdat},
booktitle={Proc. ICLR},
address={Virtual Event},
year={April 2022}
}

@inproceedings{DM,
 author = {Ho, Jonathan and Jain, Ajay and Abbeel, Pieter},
 booktitle = {Proc. NeurIPS},
 title = {Denoising Diffusion Probabilistic Models},
 address={Virtual Event},
 year = {Dec. 2020}
}

@inproceedings{
ViT,
title={An Image is Worth 16x16 Words: Transformers for Image Recognition at Scale},
author={Alexey Dosovitskiy and Lucas Beyer and Alexander Kolesnikov and Dirk Weissenborn and Xiaohua Zhai and Thomas Unterthiner and Mostafa Dehghani and Matthias Minderer and Georg Heigold and Sylvain Gelly and Jakob Uszkoreit and Neil Houlsby},
booktitle={Proc. ICLR},
address={Vienna, Austria},
year={May 2021}
}

@inproceedings{
ViT2,
title={All are Worth Words: a ViT Backbone for Score-based Diffusion Models},
author={Fan Bao and Chongxuan Li and Yue Cao and Jun Zhu},
booktitle={Proc. NeurIPS 2022 Workshop on Score-Based Methods},
address={New Orleans, US},
year={Dec. 2022}
}

@InProceedings{Transformer1,
author="Carion, Nicolas
and Massa, Francisco
and Synnaeve, Gabriel
and Usunier, Nicolas
and Kirillov, Alexander
and Zagoruyko, Sergey",
title="End-to-End Object Detection with Transformers",
booktitle="Proc. ECCV",
address={Virtual Event},
year="Aug. 2020"
}

@InProceedings{DiT,
    author    = {Peebles, William and Xie, Saining},
    title     = {Scalable Diffusion Models with Transformers},
    booktitle = {Proc. ICCV},
    address   = {Paris, France},
    year      = {Oct. 2023}
}

@InProceedings{DiT2,
    author    = {Brooks, Tim and Peebles, Bill and Holmes, Connor and DePue, Will and Guo, Yufei and Jing, Li and Schnurr, David and Taylor, Joe and  Luhman, Troy and Luhman, Eric and Ng, Clarence and Wang, Ricky and Ramesh, Aditya},
    title     = {Video generation models as world simulators},
    year      = {2024}
}

@InProceedings{DiT3,
    author    = {Gao, Shanghua and Zhou, Pan and Cheng, Ming-Ming and Yan, Shuicheng},
    title     = {Masked Diffusion Transformer is a Strong Image Synthesizer},
    booktitle = {Proc. ICCV},
    address   = {Paris, France},
    year      = {Oct. 2023},
}

@article{DiT4,
    title={Pixart-alpha: Fast training of diffusion transformer for photorealistic text-to-image synthesis}, 
    author={Chen, Junsong and Yu, Jincheng and Ge, Chongjian and Yao, Lewei and Xie, Enze and Wu, Yue and others},
    year={2023},
    journal = {arXiv preprint arXiv:2310.00426}
}

@article{DiT5,
    title={Sora: A review on background, technology, limitations, and opportunities of large vision models}, 
    author={Liu, Yixin and Zhang, Kai and Li, Yuan and Yan, Zhiling and Gao, Chujie and Chen, Ruoxi and others},
    year={2024},
    journal = {arXiv preprint arXiv:2402.17177}
}

@InProceedings{Qinference,
author = {Jacob, Benoit and Kligys, Skirmantas and Chen, Bo and Zhu, Menglong and Tang, Matthew and Howard, Andrew and Adam, Hartwig and Kalenichenko, Dmitry},
title = {Quantization and Training of Neural Networks for Efficient Integer-Arithmetic-Only Inference},
booktitle = {Proc. IEEE/CVF CVPR},
address   = {Salt Lake City, US},
year = {June 2018}
}

@inproceedings{
PTQ1,
title={BRECQ: Pushing the Limit of Post-Training Quantization by Block Reconstruction},
author={Yuhang Li and Ruihao Gong and Xu Tan and Yang Yang and Peng Hu and Qi Zhang and Fengwei Yu and Wei Wang and Shi Gu},
booktitle={Proc. ICLR},
address={Virtual Event},
year={May 2021}
}

@InProceedings{PTQ2,
  title = 	 {Up or Down? Adaptive Rounding for Post-Training Quantization},
  author =       {Nagel, Markus and Amjad, Rana Ali and Van Baalen, Mart and Louizos, Christos and Blankevoort, Tijmen},
  booktitle = 	 {Proc. ICML},
  address = {Virtual Event},
  year = 	 {July 2020},
}

@InProceedings{PTQ3,
author="Yuan, Zhihang
and Xue, Chenhao
and Chen, Yiqi
and Wu, Qiang
and Sun, Guangyu",
title="PTQ4ViT: Post-training Quantization for Vision Transformers with Twin Uniform Quantization",
booktitle="Proc. ECCV",
address = {Tel Aviv, Israel},
year="Oct. 2022",
}

@article{PTQ4,
  title={A white paper on neural network quantization},
  author={Nagel, Markus and Fournarakis, Marios and Amjad, Rana Ali and Bondarenko, Yelysei and Van Baalen, Mart and Blankevoort, Tijmen},
  journal={arXiv preprint arXiv:2106.08295},
  year={2021}
}

@article{PTQ4DiT,
  title={PTQ4DiT: Post-training Quantization for Diffusion Transformers},
  author={Wu, Junyi and Wang, Haoxuan and Shang, Yuzhang and Shah, Mubarak and Yan, Yan},
  journal={arXiv preprint arXiv:2405.16005},
  year={2024}
}

@inproceedings{ADM,
 author = {Dhariwal, Prafulla and Nichol, Alexander},
 booktitle = {Proc. NeurIPS},
 title = {Diffusion Models Beat GANs on Image Synthesis},
 address = {Virtual Event},
 year = {Dec. 2021}
}

@InProceedings{LDM,
    author    = {Rombach, Robin and Blattmann, Andreas and Lorenz, Dominik and Esser, Patrick and Ommer, Bj\"orn},
    title     = {High-Resolution Image Synthesis With Latent Diffusion Models},
    booktitle = {Proc. IEEE/CVF CVPR},
    address={New Orleans, US},
    year      = {June 2022},
}

@article{DMsurvey2,
  title={Diffusion models: A comprehensive survey of methods and applications},
  author={Yang, Ling and Zhang, Zhilong and Song, Yang and Hong, Shenda and Xu, Runsheng and Zhao, Yue and Zhang, Wentao and Cui, Bin and Yang, Ming-Hsuan},
  journal={ACM Comput. Surv.},
  volume={56},
  number={4},
  pages={1--39},
  year={2023}
}

@inproceedings{PTQD,
 author = {He, Yefei and Liu, Luping and Liu, Jing and Wu, Weijia and Zhou, Hong and Zhuang, Bohan},
 booktitle = {Proc. NeurIPS},
 title = {PTQD: Accurate Post-Training Quantization for Diffusion Models},
 address={New Orleans, US},
 year = {Dec. 2023}
}

@InProceedings{Q-Diffusion,
    author    = {Li, Xiuyu and Liu, Yijiang and Lian, Long and Yang, Huanrui and Dong, Zhen and Kang, Daniel and Zhang, Shanghang and Keutzer, Kurt},
    title     = {Q-Diffusion: Quantizing Diffusion Models},
    booktitle = {Proc. ICCV},
    address   = {Paris, France},
    year      = {Dec. 2023},
}

@inproceedings{QLLM,
  title={Smoothquant: Accurate and efficient post-training quantization for large language models},
  author={Xiao, Guangxuan and Lin, Ji and Seznec, Mickael and Wu, Hao and Demouth, Julien and Han, Song},
  booktitle={Proc. ICML},
  address   = {Honolulu, US},
  year={July 2023}
}

@inproceedings{QLLM2,
 author = {Dettmers, Tim and Lewis, Mike and Belkada, Younes and Zettlemoyer, Luke},
 booktitle = {Proc. NeurIPS},
 title = {GPT3.int8(): 8-bit Matrix Multiplication for Transformers at Scale},
 address={New Orleans, US},
 year={Dec. 2022}
}

@article{ImageNet,
  title={Imagenet large scale visual recognition challenge},
  author={Russakovsky, Olga and Deng, Jia and Su, Hao and Krause, Jonathan and Satheesh, Sanjeev and Ma, Sean and Huang, Zhiheng and Karpathy, Andrej and Khosla, Aditya and Bernstein, Michael and others},
  journal={IJCV},
  volume={115},
  pages={211--252},
  year={2015}
}

@INPROCEEDINGS{chainnet_edge_ai,
  author={Niu, Zifeng and Roveri, Manuel and Casale, Giuliano},
  booktitle={Proc. IEEE/IFIP DSN}, 
  title={ChainNet: A Customized Graph Neural Network Model for Loss-Aware Edge AI Service Deployment}, 
  address={Brisbane, Australia},
  year={June 2024}
}

@ARTICLE{TinyML,
  author={Barbieri, Luca and Brambilla, Mattia and Stefanutti, Mario and Romano, Ciro and De Carlo, Niccolò and Roveri, Manuel},
  journal={IEEE Open Journal of Signal Processing}, 
  title={A Tiny Transformer-Based Anomaly Detection Framework for IoT Solutions}, 
  year={2023},
  volume={4},
  pages={462-478}
}

@inproceedings{MSE1,
  title={Low-bit quantization of neural networks for efficient inference},
  author={Choukroun, Yoni and Kravchik, Eli and Yang, Fan and Kisilev, Pavel},
  booktitle={Proc. IEEE/CVF ICCV Workshops},
  address={Seoul, Korea},
  year={Oct. 2019}
}

@inproceedings{MSE2,
 author = {Liu, Zhenhua and Wang, Yunhe and Han, Kai and Zhang, Wei and Ma, Siwei and Gao, Wen},
 booktitle = {Proc. NeurIPS},
 title = {Post-Training Quantization for Vision Transformer},
 address = {Virtual Event},
 year = {Dec. 2021}
}

@inproceedings{FID,
 author = {Heusel, Martin and Ramsauer, Hubert and Unterthiner, Thomas and Nessler, Bernhard and Hochreiter, Sepp},
 booktitle = {Proc. NeurIPS},
 title = {GANs Trained by a Two Time-Scale Update Rule Converge to a Local Nash Equilibrium},
 address = {Long Beach, US},
 year = {Dec. 2017}
}

@inproceedings{IS,
 author = {Salimans, Tim and Goodfellow, Ian and Zaremba, Wojciech and Cheung, Vicki and Radford, Alec and Chen, Xi and Chen, Xi},
 booktitle = {Proc. NeurIPS},
 title = {Improved Techniques for Training GANs},
 address = {Barcelona, Spain},
 year = {2016}
}

@article{sFID,
  title={Generating images with sparse representations},
  author={Nash, Charlie and Menick, Jacob and Dieleman, Sander and Battaglia, Peter W},
  journal={arXiv preprint arXiv:2103.03841},
  year={2021}
}

@INPROCEEDINGS{energy,
  author={Ayaz, Ferheen and Nekovee, Maziar},
  booktitle={IET 6G 2024}, 
  title={AI-based energy consumption modeling of 5G base stations: an energy efficient approach}, 
  address = {London, UK},
  year={June 2024}
}

@ARTICLE{Semantic,
  author={Erdemir, Ecenaz and Tung, Tze-Yang and Dragotti, Pier Luigi and Gündüz, Deniz},
  journal={JSAC}, 
  title={Generative Joint Source-Channel Coding for Semantic Image Transmission}, 
  year={2023},
  volume={41},
  number={8},
  pages={2645-2657}
}

@article{Semantic2,
  title={Vision, Enabling Technologies, and Scenarios for a 6G-Enabled Internet of Verticals (6G-IoV)},
  author={Nekovee, Maziar and Ayaz, Ferheen},
  journal={Future Internet},
  volume={15},
  number={2},
  pages={57},
  year={2023}
}

@article{SusAI1,
title = {A review of green artificial intelligence: Towards a more sustainable future},
journal = {Neurocomputing},
volume = {599},
pages = {128096},
year = {2024},
author={Bol{\'o}n-Canedo, Ver{\'o}nica and Mor{\'a}n-Fern{\'a}ndez, Laura and Cancela, Brais and Alonso-Betanzos, Amparo},
}

@inproceedings{SusAI2,
 author={Wu, Carole-Jean and Raghavendra, Ramya and Gupta, Udit and Acun, Bilge and Ardalani, Newsha and Maeng, Kiwan and Chang, Gloria and Aga, Fiona and Huang, Jinshi and Bai, Charles and others},
 booktitle = {Proc. MLSys},
 title = {Sustainable AI: Environmental Implications, Challenges and Opportunities},
 address = {Santa Clara, US},
 year = {Aug. 2022}
}
