@article{AnAggregateDemandModel,
  title={An aggregate demand model for air passenger traffic in the hub-and-spoke network},
  author={Wei, Wenbin and Hansen, Mark},
  journal={Transportation Research Part A: Policy and Practice},
  volume={40},
  number={10},
  pages={841--851},
  year={2006},
  publisher={Elsevier}
}

@article{AnAirortLevelFramework,
  title={An airport level framework for examining the impact of COVID-19 on airline demand},
  author={Tirtha, Sudipta Dey and Bhowmik, Tanmoy and Eluru, Naveen},
  journal={Transportation Research Part A: Policy and Practice},
  volume={159},
  pages={169--181},
  year={2022},
  publisher={Elsevier}
}

@article{De-hubbingofAirportsandTheir,
  title={De-hubbing of airports and their recovery patterns},
  author={Redondi, Renato and Malighetti, Paolo and Paleari, Stefano},
  journal={Journal of Air Transport Management},
  volume={18},
  number={1},
  pages={1--4},
  year={2012},
  publisher={Elsevier}
}

@article{DetermingFactorsofAirPassengers,
  title={Determining factors of air passengers’ transfer airport choice in the Southeast Asia--North America market: Managerial and policy implications},
  author={Choi, Jong Hae and Wang, Kun and Xia, Wenyi and Zhang, Anming},
  journal={Transportation Research Part A: Policy and Practice},
  volume={124},
  pages={203--216},
  year={2019},
  publisher={Elsevier}
}

@article{DevelopmentoTransferPassenger,
  title={The development of transfer passenger volumes and shares at airport and world region levels},
  author={Maertens, Sven and Grimme, Wolfgang and Bingemer, Stephan},
  journal={Transportation Research Procedia},
  volume={51},
  pages={171--178},
  year={2020},
  publisher={Elsevier}
}

@article{Zhang2024,
    author = {Qilei Zhang},
    title = {General Aviation Aircraft Flight Status Identification Framework},
    publisher = {Purdue University Graduate School.},
    year = {2024},
    month = {4},
    url = {https://hammer.purdue.edu/articles/thesis/GENERAL_AVIATION_AIRCRAFT_FLIGHT_STATUS_IDENTIFICATION_FRAMEWORK/25520944},
    doi = {10.25394/PGS.25520944.v1},
    journal={Thesis}
}

@inproceedings{berndt1994using,
  title={Using dynamic time warping to find patterns in time series},
  author={Berndt, Donald J and Clifford, James},
  booktitle={Proceedings of the 3rd international conference on knowledge discovery and data mining},
  pages={359--370},
  year={1994}
}

@article{calinski1974dendrite,
  title={A dendrite method for cluster analysis},
  author={Cali{\'n}ski, Tadeusz and Harabasz, Jerzy},
  journal={Communications in Statistics-theory and Methods},
  volume={3},
  number={1},
  pages={1--27},
  year={1974},
  publisher={Taylor \& Francis}
}

@article{davies1979cluster,
  title={A cluster separation measure},
  author={Davies, David L and Bouldin, Donald W},
  journal={IEEE transactions on pattern analysis and machine intelligence},
  number={2},
    volume={PAMI-1},
  pages={224--227},
  year={1979},
  publisher={IEEE}
}

@article{dunn1974well,
  title={Well-separated clusters and optimal fuzzy partitions},
  author={Dunn, Joseph C},
  journal={Journal of cybernetics},
  volume={4},
  number={1},
  pages={95--104},
  year={1974},
  publisher={Taylor \& Francis}
}

@article{el2015optimization,
  title={Optimization of traveling salesman problem using affinity propagation clustering and genetic algorithm},
  author={El-Samak, Ahmad Fouad and Ashour, Wesam},
  journal={Journal of Artificial Intelligence and Soft Computing Research},
  volume={5},
  number={4},
  pages={239--245},
  year={2015}
}

@article{frey2007clustering,
  title={Clustering by passing messages between data points},
  author={Frey, Brendan J and Dueck, Delbert},
  journal={science},
  volume={315},
  number={5814},
  pages={972--976},
  year={2007},
  publisher={American Association for the Advancement of Science}
}

@article{gao2022benchmarking,
  title={Benchmarking the recovery of air travel demands for US airports during the COVID-19 Pandemic},
  author={Gao, Yi},
  journal={Transportation Research Interdisciplinary Perspectives},
  volume={13},
  pages={100570},
  year={2022},
  publisher={Elsevier}
}

@article{gunter2021forecasting,
  title={Forecasting air passenger numbers with a GVAR model},
  author={Gunter, Ulrich and Zekan, Bozana},
  journal={Annals of Tourism Research},
  volume={89},
  pages={103252},
  year={2021},
  publisher={Elsevier}
}

@article{kohonen1990self,
  title={The self-organizing map},
  author={Kohonen, Teuvo},
  journal={Proceedings of the IEEE},
  volume={78},
  number={9},
  pages={1464--1480},
  year={1990},
  publisher={IEEE}
}

@inproceedings{kumar2014self,
  title={Self-organizing map (SOM) neural networks for air space sectoring},
  author={Kumar, Krishan},
  booktitle={2014 International Conference on Computational Intelligence and Communication Networks},
  pages={1096--1100},
  year={2014},
  organization={IEEE}
}

@article{liao2005clustering,
  title={Clustering of time series data—a survey},
  author={Liao, T Warren},
  journal={Pattern recognition},
  volume={38},
  number={11},
  pages={1857--1874},
  year={2005},
  publisher={Elsevier}
}

@article{paparrizos2015k,
author = {Paparrizos, John and Gravano, Luis},
title = {k-Shape: Efficient and Accurate Clustering of Time Series},
year = {2016},
issue_date = {March 2016},
publisher = {Association for Computing Machinery},
address = {New York, NY, USA},
volume = {45},
number = {1},
issn = {0163-5808},
url = {https://doi.org/10.1145/2949741.2949758},
doi = {10.1145/2949741.2949758},
journal = {SIGMOD Rec.},
month = {jun},
pages = {69-76},
numpages = {8}
}

@article{paparrizos2017fast,
  title={Fast and accurate time-series clustering},
  author={Paparrizos, John and Gravano, Luis},
  journal={ACM Transactions on Database Systems (TODS)},
  volume={42},
  number={2},
  pages={1--49},
  year={2017},
  publisher={ACM New York, NY, USA}
}

@article{petitjean2011global,
  title={A global averaging method for dynamic time warping, with applications to clustering},
  author={Petitjean, Fran{\c{c}}ois and Ketterlin, Alain and Gan{\c{c}}arski, Pierre},
  journal={Pattern recognition},
  volume={44},
  number={3},
  pages={678--693},
  year={2011},
  publisher={Elsevier}
}

@article{rousseeuw1987silhouettes,
  title={Silhouettes: a graphical aid to the interpretation and validation of cluster analysis},
  author={Rousseeuw, Peter J},
  journal={Journal of computational and applied mathematics},
  volume={20},
  pages={53--65},
  year={1987},
  publisher={Elsevier}
}

@article{todoric2023comparison,
  title={Comparison of Similarity Measures for Trajectory Clustering-Aviation Use Case},
  author={Todoric, Marija and Mastelic, Toni},
  journal={Journal of Communications Software and Systems},
  volume={19},
  number={2},
  pages={178--187},
  year={2023},
  publisher={Udruga za komunikacijske i informacijske tehnologije}
}

@inproceedings{wang2023similarity,
  title={The Similarity Recognition of Pilots’ Operational Action Sequence Based on Blocked Dynamic Time Warping during a Flight Mission},
  author={Wang, Huihui and Lu, Yanyu and Fu, Shan},
  booktitle={International Conference on Human-Computer Interaction},
  pages={253--263},
  year={2023},
  organization={Springer}
}

@article{zanin2013modelling,
  title={Modelling the air transport with complex networks: A short review},
  author={Zanin, Massimiliano and Lillo, Fabrizio},
  journal={The European Physical Journal Special Topics},
  volume={215},
  number={1},
  pages={5--21},
  year={2013},
  publisher={Springer}
}

@inproceedings{zheng2019air,
  title={Air transportation direct share time series analysis and forecast},
  author={Zheng, Xufang and Wei, Peng},
  booktitle={AIAA Aviation 2019 Forum},
  pages={3187},
  year={2019}
}

@article{zheng2020air,
  title={Air Transportation Direct Share Time Series Forecasting: A Hybrid Model},
  author={Zheng, Xufang and Wei, Peng},
  journal={Journal of Aerospace Information Systems},
  volume={17},
  number={12},
  pages={682--694},
  year={2020},
  publisher={American Institute of Aeronautics and Astronautics}
}

