@article{vatistas1986reverse,
  title={Reverse Flow Radius in Vortex Chambers},
  author={Vatistas, G H and Lin, S and Kwok, C K},
  journal={AIAA Journal},
  volume={24},
  number={11},
  pages={1872, 1873},
  year={1986},
  publisher={American Institute of Aeronautics and Astronautics},
  doi = {10.2514/3.13046}
}

@article{dornheim1996planetary,
  title={Planetary Flight Surge Faces Budget Realities},
  author={Dornheim, Michael A},
  journal={Aviation Week \& Space Technology},
  volume={145},
  number={24},
  pages={44--46},
  year={1996}
}

@article{terster1997nasa,
  title={NASA Considers Switch to Delta 2},
  author={Terster, W},
  journal={Space News},
  volume={8},
  number={2},
  pages={13--19},
  year={1997}
}

@inbook{peyret2012computational,
  title={Computational Methods for Fluid Flow},
  edition={2},
  author={Peyret, Roger and Taylor, Thomas D},
  year={1983},
  publisher={Springer-Verlag},
  address={New York},
  chapter={7, 14}
}

@inbook{oates1997aerothermodynamics,
  title={Aerothermodynamics of Gas Turbine and Rocket Propulsion},
  series={AIAA Education Series},
  author = {Oates, Gordon C},
  editor={Oates, Gordon C},
  year={1984},
  publisher={AIAA},
  address={New York},
  pages={19, 136},
}

@incollection{volpe1994techniques,
  title={Techniques for Collision Prevention, Impact Stability, and Force Control by Space Manipulators},
  author={Volpe, Richard},
  booktitle={Teleoperation and Robotics in Space},
  series={Progress in Astronautics and Aeronautics},
  editor={S. B. Skaar and C. F. Ruoff},
  pages={175--212},
  year={1994},
  publisher={AIAA},
  address={Washington, DC}
}

@inproceedings{thompsonspacecraft,
  title={Spacecraft Thermal Control, Design, and Operation},
  author={Thompson, C M},
  booktitle={AIAA Guidance, Navigation, and Control Conference},
  series={CP849},
  volume={1},
  year={1989},
  pages={103--115},
  publisher={AIAA},
  address={Washington, DC}
}

@proceedings{chi1993fluid,
  title={Fluid Mechanics Proceedings},
  editor={Chi, Y},
  series={NASA SP-255},
  year={1993}
}

@article{brandis2016nonequi,
  title={Nonequilibrium Radiation for Earth Entry},
  author={Aaron M. Brandis and Christopher O. Johnston and Brett A. Cruden},
  journal={AIAA Paper 2016--3690},
  year={June 2016},
  doi={10.2514/6.2016-3690}
}

% ------------- reference in the manuscript 
@misc{FAAAerospaceForecast,
  author = {{Federal Aviation Administration}},
  title = {FAA Aerospace Forecast FY2024-2044},
  Year = {2024},
  url = {https://www.faa.gov/dataresearch/aviation/aerospaceforecasts/faa-aerospace-forecast-fy-2024-2044},
  urldate = {2024}
}

@misc{ACIImpactofCOVID19,
  author = {{Airports Council International}},
  title = {Economic Performance of the Airline Industry},
  Year = {2022},
  url = {https://aci.aero/2022/02/24/the-impact-of-covid-19-on-the-airport-business-and-the-path-to-recovery-4},
  urldate = {2022-02-24}
}

@misc{ACIAirportIndustry,
  author = {{Airports Council International}},
  title = {Airport Industry Connectivity Report 2023},
  Year = 2023,
  url = {https://www.aci-europe.org/downloads/resources/ACI\%20EUROPE\%20Airport\%20Industry\%20Connectivity\%20Report\%202023.pdf},
  urldate = {2023}
}

@misc{ACIAnnualWorldAirport,
  author = {{Airports Council International}},
  title = {Annual World Airport Traffic Report, 2021},
  Year = 2021,
  url = {https://store.aci.aero/product/annual-world-airport-traffic-report-2021/},
  urldate = {2021}
}


@article{DevelopmentoTransferPassenger,
  title={The development of transfer passenger volumes and shares at airport and world region levels},
  author={Maertens, Sven and Grimme, Wolfgang and Bingemer, Stephan},
  journal={Transportation Research Procedia},
  volume={51},
  pages={171--178},
  year={2020},
  publisher={Elsevier}
}

@article{ForecastingAirportTransferPassenger,
  title={Forecasting airport transfer passenger flow using real-time data and machine learning},
  author={Guo, Xiaojia and Grushka-Cockayne, Yael and De Reyck, Bert},
  journal={Manufacturing \& Service Operations Management},
  volume={24},
  number={6},
  pages={3193--3214},
  year={2022},
  publisher={INFORMS}
}

@misc{AirportCategoriesAirports,
  author = {{Federal Aviation Administration}},
  title = {Airport Categories Airports},
  Year = {2018},
  url = {https://www.faa.gov/airports/planning_capacity/passenger_allcargo_stats/categories/},
  urldate = {2018-04-20}
}

@article{DetermingFactorsofAirPassengers,
  title={Determining factors of air passengers’ transfer airport choice in the Southeast Asia--North America market: Managerial and policy implications},
  author={Choi, Jong Hae and Wang, Kun and Xia, Wenyi and Zhang, Anming},
  journal={Transportation Research Part A: Policy and Practice},
  volume={124},
  pages={203--216},
  year={2019},
  publisher={Elsevier}
}

@article{EvaluationofLevelofService,
  title={Evaluation of level of service for transfer passengers at airports},
  author={de Barros, Alexandre G and Somasundaraswaran, AK and Wirasinghe, SC},
  journal={Journal of Air Transport Management},
  volume={13},
  number={5},
  pages={293--298},
  year={2007},
  publisher={Elsevier}
}

@article{OptimizationofTerminalAllocation,
  title={Optimization of Terminal Allocation of Airlines Considering Passengers' Cross-terminal Transfer},
  author={Yan-hua, LI and Jie, YANG and Zhi-shuo, LIU and Jie, DENG},
  journal={Journal of Transportation Systems Engineering and Information Technology},
  volume={23},
  number={5},
  pages={298},
  year={2023}
}

@article{AnIntegratedConnectionPlanning,
  title={An integrated connection planning and passenger allocation model for low-cost carriers},
  author={Birolini, Sebastian and Besana, Emanuele and Cattaneo, Mattia and Redondi, Renato and Sallan, Jose Maria},
  journal={Journal of Air Transport Management},
  volume={99},
  pages={102160},
  year={2022},
  publisher={Elsevier}
}


@article{De-hubbingofAirportsandTheir,
  title={De-hubbing of airports and their recovery patterns},
  author={Redondi, Renato and Malighetti, Paolo and Paleari, Stefano},
  journal={Journal of Air Transport Management},
  volume={18},
  number={1},
  pages={1--4},
  year={2012},
  publisher={Elsevier}
}


@article{AirlineHubbing—someImplications,
  title={Airline hubbing—some implications for airport economics},
  author={Kanafani, Adib and Ghobrial, Atef A},
  journal={Transportation Research Part A: General},
  volume={19},
  number={1},
  pages={15--27},
  year={1985},
  publisher={Elsevier}
}

@article{EvolutionofTheEuropean,
  title={Evolution of the European network and implications for self-connection},
  author={Cattaneo, Mattia and Malighetti, Paolo and Paleari, Stefano and Redondi, Renato},
  journal={Journal of Air Transport Management},
  volume={65},
  pages={18--28},
  year={2017},
  publisher={Elsevier}
}

@inbook{AirportSystemsPlanning,
  title={Air Transport Management},
  edition={},
  author={De Neufville, Richard},
  year={2020},
  publisher={Routledge},
  chapter={Airport systems planning, design, and management}, 
  pages = {79-96}
}


@article{AnAggregateDemandModel,
  title={An aggregate demand model for air passenger traffic in the hub-and-spoke network},
  author={Wei, Wenbin and Hansen, Mark},
  journal={Transportation Research Part A: Policy and Practice},
  volume={40},
  number={10},
  pages={841--851},
  year={2006},
  publisher={Elsevier}
}

@article{AnAirortLevelFramework,
  title={An airport level framework for examining the impact of COVID-19 on airline demand},
  author={Tirtha, Sudipta Dey and Bhowmik, Tanmoy and Eluru, Naveen},
  journal={Transportation Research Part A: Policy and Practice},
  volume={159},
  pages={169--181},
  year={2022},
  publisher={Elsevier}
}

@misc{DB1B,
  author = {{Bureau of Transportation Statistics}},
  title = {Data Profile: Airline Origin and Destination Survey (DB1B)},
  Year = 2018,
  url = {https://www.transtats.bts.gov/DatabaseInfo.aspDB_ID=125&DB_Name=Airline\%20Origin\%20and\%20Destination\%20Survey\%20\%28DB1B\%29},
  urldate = {2018-04-20}
}

@misc{FAATAF,
  author = {{Federal Aviation Administration}},
  title = {Terminal Area Forecast (TAF)},
  Year = 2024,
  url = {https://www.faa.gov/data_research/aviation/taf},
  urldate = {2024-01-22}
}

@misc{Citygrowth,
  author = {{Josh Howarth}},
  title = {20 Fastest Growing Cities In The US (2024)},
  Year = 2024,
  url = {https://explodingtopics.com/blog/fastest-growing-cities},
  urldate = {2024}
}

@misc{AUSgrowth,
  author = {{austintexas.gov}},
  title = {
Journey With AUS - The Austin-Bergstrom Airport Expansion \& Development Program},
  Year = 2024,
  url = {https://www.austintexas.gov/AUSJourney#:~:text=Construction%20started%20in%20Spring%202024,be%20completed%20in%20Spring%202026.&text=The%20total%20estimated%20cost%20for%20this%20project%20is%20approximately%20%24241.5,increase%20space%20and%20improve%20services.},
  urldate = {2024}
}

@misc{bloom2020airlines,
  author = {Bloom, Laura Begley},
  title = {You Won't Believe How Many Airlines Haven't Survived Coronavirus. How Does It Affect You},
  year = {2020},
  howpublished = {Forbes},
  note = {Accessed: 2024-08-02},
  url = {https://www.forbes.com/sites/laurabegleybloom/2020/06/27/airlines-coronavirus-travel-bankruptcy/}
}

@article{gao2022benchmarking,
  title={Benchmarking the recovery of air travel demands for US airports during the COVID-19 Pandemic},
  author={Gao, Yi},
  journal={Transportation Research Interdisciplinary Perspectives},
  volume={13},
  pages={100570},
  year={2022},
  publisher={Elsevier}
}

@article{pearce2012state,
  title={The state of air transport markets and the airline industry after the great recession},
  author={Pearce, Brian},
  journal={Journal of Air Transport Management},
  volume={21},
  pages={3--9},
  year={2012},
  publisher={Elsevier}
}

@misc{TRBResearch,
  author = {{Transportation Research Board}},
  title = {How Has Air Service Changed Over Time?},
  Year = 2024,
  url = {https://crp.trb.org/acrpwebresource12/understanding-air-service-and-regional-economic-activity/how-has-air-service-changed-over-time/#covid},
  urldate = {2024}
}

@article{gunter2021forecasting,
  title={Forecasting air passenger numbers with a GVAR model},
  author={Gunter, Ulrich and Zekan, Bozana},
  journal={Annals of Tourism Research},
  volume={89},
  pages={103252},
  year={2021},
  publisher={Elsevier}
}
@inproceedings{zheng2019air,
  title={Air transportation direct share time series analysis and forecast},
  author={Zheng, Xufang and Wei, Peng},
  booktitle={AIAA Aviation 2019 Forum},
  pages={3187},
  year={2019}
}

@article{zheng2020air,
  title={Air Transportation Direct Share Time Series Forecasting: A Hybrid Model},
  author={Zheng, Xufang and Wei, Peng},
  journal={Journal of Aerospace Information Systems},
  volume={17},
  number={12},
  pages={682--694},
  year={2020},
  publisher={American Institute of Aeronautics and Astronautics}
}

@article{AA,
  title={},
  author={},
  journal={},
  year={},
  volume={},
  number = {},
  pages = {}
}

@article{li2022new,
  title={A new shape-based clustering algorithm for time series},
  author={Li, Yucheng and Shen, Derong and Nie, Tiezheng and Kou, Yue},
  journal={Information Sciences},
  volume={609},
  pages={411--428},
  year={2022},
  publisher={Elsevier}
}

@article{paparrizos2015k,
author = {Paparrizos, John and Gravano, Luis},
title = {k-Shape: Efficient and Accurate Clustering of Time Series},
year = {2016},
issue_date = {March 2016},
publisher = {Association for Computing Machinery},
address = {New York, NY, USA},
volume = {45},
number = {1},
issn = {0163-5808},
url = {https://doi.org/10.1145/2949741.2949758},
doi = {10.1145/2949741.2949758},
journal = {SIGMOD Rec.},
month = {jun},
pages = {69-76},
numpages = {8}
}

@article{liao2005clustering,
  title={Clustering of time series data—a survey},
  author={Liao, T Warren},
  journal={Pattern recognition},
  volume={38},
  number={11},
  pages={1857--1874},
  year={2005},
  publisher={Elsevier}
}

@article{Zhang2024,
    author = {Qilei Zhang},
    title = {General Aviation Aircraft Flight Status Identification Framework},
    publisher = {Purdue University Graduate School.},
    year = {2024},
    month = {4},
    url = {https://hammer.purdue.edu/articles/thesis/GENERAL_AVIATION_AIRCRAFT_FLIGHT_STATUS_IDENTIFICATION_FRAMEWORK/25520944},
    doi = {10.25394/PGS.25520944.v1},
    journal={Thesis}
}

@article{zanin2013modelling,
  title={Modelling the air transport with complex networks: A short review},
  author={Zanin, Massimiliano and Lillo, Fabrizio},
  journal={The European Physical Journal Special Topics},
  volume={215},
  number={1},
  pages={5--21},
  year={2013},
  publisher={Springer}
}


@inproceedings{berndt1994using,
  title={Using dynamic time warping to find patterns in time series},
  author={Berndt, Donald J and Clifford, James},
  booktitle={Proceedings of the 3rd international conference on knowledge discovery and data mining},
  pages={359--370},
  year={1994}
}

@inproceedings{wang2023similarity,
  title={The Similarity Recognition of Pilots’ Operational Action Sequence Based on Blocked Dynamic Time Warping during a Flight Mission},
  author={Wang, Huihui and Lu, Yanyu and Fu, Shan},
  booktitle={International Conference on Human-Computer Interaction},
  pages={253--263},
  year={2023},
  organization={Springer}
}

@article{todoric2023comparison,
  title={Comparison of Similarity Measures for Trajectory Clustering-Aviation Use Case},
  author={Todoric, Marija and Mastelic, Toni},
  journal={Journal of Communications Software and Systems},
  volume={19},
  number={2},
  pages={178--187},
  year={2023},
  publisher={Udruga za komunikacijske i informacijske tehnologije}
}

@article{kohonen1990self,
  title={The self-organizing map},
  author={Kohonen, Teuvo},
  journal={Proceedings of the IEEE},
  volume={78},
  number={9},
  pages={1464--1480},
  year={1990},
  publisher={IEEE}
}

@inproceedings{kumar2014self,
  title={Self-organizing map (SOM) neural networks for air space sectoring},
  author={Kumar, Krishan},
  booktitle={2014 International Conference on Computational Intelligence and Communication Networks},
  pages={1096--1100},
  year={2014},
  organization={IEEE}
}

@article{paparrizos2017fast,
  title={Fast and accurate time-series clustering},
  author={Paparrizos, John and Gravano, Luis},
  journal={ACM Transactions on Database Systems (TODS)},
  volume={42},
  number={2},
  pages={1--49},
  year={2017},
  publisher={ACM New York, NY, USA}
}

@article{frey2007clustering,
  title={Clustering by passing messages between data points},
  author={Frey, Brendan J and Dueck, Delbert},
  journal={science},
  volume={315},
  number={5814},
  pages={972--976},
  year={2007},
  publisher={American Association for the Advancement of Science}
}

@article{el2015optimization,
  title={Optimization of traveling salesman problem using affinity propagation clustering and genetic algorithm},
  author={El-Samak, Ahmad Fouad and Ashour, Wesam},
  journal={Journal of Artificial Intelligence and Soft Computing Research},
  volume={5},
  number={4},
  pages={239--245},
  year={2015}
}

@article{petitjean2011global,
  title={A global averaging method for dynamic time warping, with applications to clustering},
  author={Petitjean, Fran{\c{c}}ois and Ketterlin, Alain and Gan{\c{c}}arski, Pierre},
  journal={Pattern recognition},
  volume={44},
  number={3},
  pages={678--693},
  year={2011},
  publisher={Elsevier}
}

@inproceedings{yeh2016matrix,
  title={Matrix profile I: all pairs similarity joins for time series: a unifying view that includes motifs, discords and shapelets},
  author={Yeh, Chin-Chia Michael and Zhu, Yan and Ulanova, Liudmila and Begum, Nurjahan and Ding, Yifei and Dau, Hoang Anh and Silva, Diego Furtado and Mueen, Abdullah and Keogh, Eamonn},
  booktitle={2016 IEEE 16th international conference on data mining (ICDM)},
  pages={1317--1322},
  year={2016},
  organization={Ieee}
}


@article{lee1999learning,
  title={Learning the parts of objects by non-negative matrix factorization},
  author={Lee, Daniel D and Seung, H Sebastian},
  journal={nature},
  volume={401},
  number={6755},
  pages={788--791},
  year={1999},
  publisher={Nature Publishing Group UK London}
}


@article{murtagh2012algorithms,
  title={Algorithms for hierarchical clustering: an overview},
  author={Murtagh, Fionn and Contreras, Pedro},
  journal={Wiley Interdisciplinary Reviews: Data Mining and Knowledge Discovery},
  volume={2},
  number={1},
  pages={86--97},
  year={2012},
  publisher={Wiley Online Library}
}


@article{reynolds2009gaussian,
  title={Gaussian mixture models.},
  author={Reynolds, Douglas A and others},
  journal={Encyclopedia of biometrics},
  volume={741},
  number={659-663},
  year={2009},
  publisher={Berlin, Springer}
}

@article{zhang2021development,
  title={Development of a reliable method for general aviation flight phase identification},
  author={Zhang, Qilei and Mott, John H and Johnson, Mary E and Springer, John A},
  journal={IEEE Transactions on Intelligent Transportation Systems},
  volume={23},
  number={8},
  pages={11729--11738},
  year={2021},
  publisher={IEEE}
}

@article{zhang2023improved,
  title={Improved Framework for Classification of Flight Phases of General Aviation Aircraft},
  author={Zhang, Qilei and Mott, John H},
  journal={Transportation Research Record},
  volume={2677},
  number={3},
  pages={1665--1675},
  year={2023},
  publisher={SAGE Publications Sage CA: Los Angeles, CA}
}


@article{bendel1989comparison,
  title={Comparison of skewness coefficient, coefficient of variation, and Gini coefficient as inequality measures within populations},
  author={Bendel, RB and Higgins, SS and Teberg, JE and Pyke, DA},
  journal={Oecologia},
  volume={78},
  pages={394--400},
  year={1989},
  publisher={Springer}
}


@inproceedings{hallac2017toeplitz,
author = {Hallac, David and Vare, Sagar and Boyd, Stephen and Leskovec, Jure},
title = {Toeplitz Inverse Covariance-Based Clustering of Multivariate Time Series Data},
year = {2017},
isbn = {9781450348874},
publisher = {Association for Computing Machinery},
address = {New York, NY, USA},
url = {https://doi.org/10.1145/3097983.3098060},
doi = {10.1145/3097983.3098060},
booktitle = {Proceedings of the 23rd ACM SIGKDD International Conference on Knowledge Discovery and Data Mining},
pages = {215-223},
numpages = {9},
keywords = {alternating minimization, clustering, convex optimization, networks, time series analysis},
location = {Halifax, NS, Canada},
series = {KDD '17}
}

@article{salvador2007toward,
  title={Toward accurate dynamic time warping in linear time and space},
  author={Salvador, Stan and Chan, Philip},
  journal={Intelligent Data Analysis},
  volume={11},
  number={5},
  pages={561--580},
  year={2007},
  publisher={IOS Press}
}

@article{teixeira2020revealing,
  title={Revealing route bias in air transport data: The case of the Bureau of Transport Statistics (BTS), Origin-Destination Survey (DB1B)},
  author={Teixeira, Filipe Marques and Derudder, Ben},
  journal={Journal of Air Transport Management},
  volume={82},
  pages={101745},
  year={2020},
  publisher={Elsevier}
}

@inproceedings{li2019recent,
  title={Recent trends in payload fuel energy efficiency: An analysis of US air carriers from 2003 to 2017},
  author={Li, Guanying and Bardell, Nicholas},
  booktitle={Proceedings of the 41st Australasian Transport Research Forum (ATRF 2019)},
  pages={170--185},
  year={2019},
  organization={Bureau of Infrastructure, Transport and Regional Economics}
}

@inproceedings{bardell2023quantifying,
  title={Quantifying the Effects of COVID-19 on US Carriers Engaged in International Aviation from 2020--2022},
  author={Bardell, Nicholas and Zhang, Ziqian and Yao, Yutong and Fan, Xinyue and Zhao, Hengli},
  booktitle={Asia-Pacific International Symposium on Aerospace Technology},
  pages={1165--1192},
  year={2023},
  organization={Springer}
}

@misc{müllner2011modern,
      title={Modern hierarchical, agglomerative clustering algorithms}, 
      author={Daniel Müllner},
      year={2011},
      eprint={1109.2378},
      archivePrefix={arXiv},
      primaryClass={stat.ML},
      url={https://arxiv.org/abs/1109.2378}, 
}

@incollection{yang201719Temporal,
title = {Chapter 3 - Temporal Data Clustering},
editor = {Yun Yang},
booktitle = {Temporal Data Mining Via Unsupervised Ensemble Learning},
publisher = {Elsevier},
pages = {19-34},
year = {2017},
isbn = {978-0-12-811654-8},
doi = {https://doi.org/10.1016/B978-0-12-811654-8.00003-8},
url = {https://www.sciencedirect.com/science/article/pii/B9780128116548000038},
author = {Yun Yang},
keywords = {Cluster validity index, Clustering validation, Density-based clustering, Hierarchical clustering, Model-based clustering, Partitional clustering},
abstract = {In chapter 2, we generally reviewed the temporal data mining from three aspects: temporal data representation, similarity measures, and mining tasks. Now, we are going to discuss four classes of temporal data clustering algorithms including partitional clustering, hierarchical clustering, density-based clustering, and model-based clustering. Furthermore, clustering validation techniques will be reviewed at the end of this chapter.}
}


@article{rousseeuw1987silhouettes,
  title={Silhouettes: a graphical aid to the interpretation and validation of cluster analysis},
  author={Rousseeuw, Peter J},
  journal={Journal of computational and applied mathematics},
  volume={20},
  pages={53--65},
  year={1987},
  publisher={Elsevier}
}

@article{davies1979cluster,
  title={A cluster separation measure},
  author={Davies, David L and Bouldin, Donald W},
  journal={IEEE transactions on pattern analysis and machine intelligence},
  number={2},
    volume={PAMI-1},
  pages={224--227},
  year={1979},
  publisher={IEEE}
}

@article{dunn1974well,
  title={Well-separated clusters and optimal fuzzy partitions},
  author={Dunn, Joseph C},
  journal={Journal of cybernetics},
  volume={4},
  number={1},
  pages={95--104},
  year={1974},
  publisher={Taylor \& Francis}
}


@article{calinski1974dendrite,
  title={A dendrite method for cluster analysis},
  author={Cali{\'n}ski, Tadeusz and Harabasz, Jerzy},
  journal={Communications in Statistics-theory and Methods},
  volume={3},
  number={1},
  pages={1--27},
  year={1974},
  publisher={Taylor \& Francis}
}

@misc{DeltaMerge,
  author       = {Delta Air Lines},
  title        = {Delta and Northwest Merge, Creating Premier Global Airline},
  howpublished = {\url{https://ir.delta.com/news/news-details/2008/Delta-and-Northwest-Merge-Creating-Premier-Global-Airline/default.aspx}},
  year         = {2008}
}

@article{yu2009effects,
  title={Effects of climate change on the seasonality of weather for tourism in Alaska},
  author={Yu, Gongmei and Schwartz, Zvi and Walsh, John E},
  journal={Arctic},
  pages={443--457},
  year={2009},
  publisher={JSTOR}
}