@article{NM2023NucleotideTrans,
    title={The nucleotide transformer: Building and evaluating robust foundation models for human genomics},
    author={Dalla-Torre, Hugo and Gonzalez, Liam and Mendoza-Revilla, Javier and Carranza, Nicolas Lopez and Grzywaczewski, Adam Henryk and Oteri, Francesco and Dallago, Christian and Trop, Evan and de Almeida, Bernardo P and Sirelkhatim, Hassan and others},
    journal={bioRxiv},
    pages={2023--01},
    year={2023},
    publisher={Cold Spring Harbor Laboratory}
}

@article{he2024lucaone,
    title={LucaOne: Generalized Biological Foundation Model with Unified Nucleic Acid and Protein Language},
    author={He, Yong and Fang, Pan and Shan, Yongtao and Pan, Yuanfei and Wei, Yanhong and Chen, Yichang and Chen, Yihao and Liu, Yi and Zeng, Zhenyu and Zhou, Zhan and others},
    journal={bioRxiv},
    pages={2024--05},
    year={2024},
    publisher={Cold Spring Harbor Laboratory}
}

@article{ji2021dnabert,
title={DNABERT: pre-trained Bidirectional Encoder Representations from Transformers model for DNA-language in genome},
author={Ji, Yanrong and Zhou, Zhihan and Liu, Han and Davuluri, Ramana V},
journal={Bioinformatics},
volume={37},
number={15},
pages={2112--2120},
year={2021},
publisher={Oxford University Press}
}

@inproceedings{jumper2021alphafold,
  title={Highly accurate protein structure prediction with AlphaFold},
  author={Jumper, John and Evans, Richard and Pritzel, Alexander and Green, Tim and Figurnov, Michael},
  booktitle={Proceedings of the National Academy of Sciences (PNAS)},
  pages={102--109},
  year={2021}
}

\bibitem{hong2022crossomics}

@article{jumper2021alphafold2,
title={Highly accurate protein structure prediction with AlphaFold},
author={Jumper, John and Evans, Richard and Pritzel, Alexander and Green, Tim and Figurnov, Michael and Ronneberger, Olaf and Tunyasuvunakool, Kathryn and Bates, Russ and {\v{Z}}{\'\i}dek, Augustin and Potapenko, Anna and others},
journal={Nature},
volume={596},
number={7873},
pages={583--589},
year={2021},
publisher={Nature Publishing Group}
}

@article{lin2022ESM2,
    title={Language models of protein sequences at the scale of evolution enable accurate structure prediction},
    author={Lin, Zeming and Akin, Halil and Rao, Roshan and Hie, Brian and Zhu, Zhongkai and Lu, Wenting and Smetanin, Nikita and dos Santos Costa, Allan and Fazel-Zarandi, Maryam and Sercu, Tom and Candido, Sal and others},
    journal={bioRxiv},
    year={2022},
    publisher={Cold Spring Harbor Laboratory}
}

@article{nguyen2024evo,
   author = {Eric Nguyen and Michael Poli and Matthew G. Durrant and Brian Kang and Dhruva Katrekar and David B. Li and Liam J. Bartie and Armin W. Thomas and Samuel H. King and Garyk Brixi and Jeremy Sullivan and Madelena Y. Ng and Ashley Lewis and Aaron Lou and Stefano Ermon and Stephen A. Baccus and Tina Hernandez-Boussard and Christopher RÃ© and Patrick D. Hsu and Brian L. Hie },
   title = {Sequence modeling and design from molecular to genome scale with Evo},
   journal = {Science},
   volume = {386},
   number = {6723},
   pages = {eado9336},
   year = {2024},
   doi = {10.1126/science.ado9336},
   URL = {https://www.science.org/doi/abs/10.1126/science.ado9336},
}

@article{nguyen2024hyenadna,
title={Hyenadna: Long-range genomic sequence modeling at single nucleotide resolution},
author={Nguyen, Eric and Poli, Michael and Faizi, Marjan and Thomas, Armin and Wornow, Michael and Birch-Sykes, Callum and Massaroli, Stefano and Patel, Aman and Rabideau, Clayton and Bengio, Yoshua and others},
journal={Advances in neural information processing systems},
volume={36},
year={2024}
}

@inproceedings{nips2024MXDNA,
    title={Model Decides How to Tokenize: Adaptive DNA Sequence Tokenization with MxDNA},
    author={Lifeng Qiao and Peng Ye and Yuchen Ren and Weiqiang Bai and Chaoqi Liang and Xinzhu Ma and Nanqing Dong and Wanli Ouyang},
    year={2024},
    booktitle=NIPS,
}

@article{schiff2024caduceus,
title={Caduceus: Bi-directional equivariant long-range dna sequence modeling},
author={Schiff, Yair and Kao, Chia-Hsiang and Gokaslan, Aaron and Dao, Tri and Gu, Albert and Kuleshov, Volodymyr},
journal={arXiv preprint arXiv:2403.03234},
year={2024}
}

@article{shen2024rnafm,
  title={Accurate RNA 3D structure prediction using a language model-based deep learning approach},
  author={Shen, Tao and Hu, Zhihang and Sun, Siqi and Liu, Di and Wong, Felix and Wang, Jiuming and Chen, Jiayang and Wang, Yixuan and Hong, Liang and Xiao, Jin and others},
  journal={Nature Methods},
  pages={1--12},
  year={2024},
  publisher={Nature Publishing Group US New York}
}

@article{xiang2024BSM,
    title={BSM: Small but Powerful Biological Sequence Model for Genes and Proteins},
    author={Xiang, Weixi and Han, Xueting and Chai, Xiujuan and Bai, Jing},
    journal={arXiv preprint arXiv:2410.11499},
    year={2024}
}

@article{zhou2023dnabert2,
title={Dnabert-2: Efficient foundation model and benchmark for multi-species genome},
author={Zhou, Zhihan and Ji, Yanrong and Li, Weijian and Dutta, Pratik and Davuluri, Ramana and Liu, Han},
journal={arXiv preprint arXiv:2306.15006},
year={2023}
}

@article{zhu2024CDGPT,
    title={CD-GPT: a biological foundation model bridging the gap between molecular sequences through central dogma},
    author={Zhu, Xiao and Qin, Chenchen and Wang, Fang and Yang, Fan and He, Bing and Zhao, Yu and Yao, Jianhua},
    journal={bioRxiv},
    pages={2024--06},
    year={2024},
    publisher={Cold Spring Harbor Laboratory}
}

