@string{ICML="Proceedings of the International Conference on Machine Learning (ICML)"}
@string{ICLR="International Conference on Learning Representations (ICLR)"}
@string{NIPS="Advances in Neural Information Processing Systems (NeurIPS)"}
@string{AAAI="Proceedings of the AAAI Conference on Artificial Intelligence (AAAI)"}
@string{IJCAI="International Joint Conference on Artificial Intelligence"}
@string{ICCV="Proceedings of the International Conference on Computer Vision (ICCV)"}
@string{CVPR="Proceedings of the Conference on Computer Vision and Pattern Recognition (CVPR)"}
@string{NIPS="Advances in Neural Information Processing Systems (NeurIPS)"}
@string{WACV="Winter Conference on Applications of Computer Vision (WACV)"}
@string{ECCV="Proceedings of the European Conference on Computer Vision (ECCV)"}
@string{TPAMI="IEEE Transactions on Pattern Analysis and Machine Intelligence"}
@string{IJCV="International Journal of Computer Vision (IJCV)"}
@string{KDD="ACM SIGKDD International Conference on Knowledge Discovery and Data Mining (KDD)"}
@string{ACL="Annual Meeting of the Association for Computational Linguistics (ACL)"}
@string{CVMJ="Computational Visual Media (CVMJ)"}

%%%%%%%%%%%%%%%%%%%%%%%%%%%%%%% Optimization %%%%%%%%%%%%%%%%%%%%%%%%%%%%%%%
@InProceedings{iclr2019AdamW,
  title={Decoupled Weight Decay Regularization}, 
  author={Ilya Loshchilov and Frank Hutter},
  booktitle = {International Conference on Learning Representations (ICLR)}, 
  year = {2019}
}
@inproceedings{vaswani2017attention,
  title={Attention is all you need},
  author={Vaswani, Ashish and Shazeer, Noam and Parmar, Niki and Uszkoreit, Jakob and Jones, Llion and Gomez, Aidan N and Kaiser, {\L}ukasz and Polosukhin, Illia},
  booktitle=NIPS,
  volume={30},
  year={2017}
}
@inproceedings{cvpr2016resnet,
  title={Deep residual learning for image recognition},
  author={He, Kaiming and Zhang, Xiangyu and Ren, Shaoqing and Sun, Jian},
  booktitle={Proceedings of the IEEE conference on computer vision and pattern recognition (CVPR)},
  pages={770--778},
  year={2016}
}
@article{2016layernorm,
  title={Layer Normalization},
  author={Jimmy Ba and Jamie Ryan Kiros and Geoffrey E. Hinton},
  journal={ArXiv},
  year={2016},
  volume={abs/1607.06450}
}
@inproceedings{acl2019PreNorm,
  title={Learning Deep Transformer Models for Machine Translation},
  author={Qiang Wang and Bei Li and Tong Xiao and Jingbo Zhu and Changliang Li and Derek F. Wong and Lidia S. Chao},
  booktitle={Annual Meeting of the Association for Computational Linguistics},
  year={2019},
}
@article{Zhang2019RMSNorm,
  title={Root Mean Square Layer Normalization},
  author={Biao Zhang and Rico Sennrich},
  journal={ArXiv},
  year={2019},
  volume={abs/1910.07467},
  url={https://api.semanticscholar.org/CorpusID:113405151}
}
@inproceedings{iccv2021CaiT,
  title={Going deeper with Image Transformers},
  author={Hugo Touvron and Matthieu Cord and Alexandre Sablayrolles and Gabriel Synnaeve and Herv'e J'egou},
  booktitle=ICCV,
  year={2021},
  pages={32-42},
}
@article{lin2023dualmtl,
  title={Dual-Balancing for Multi-Task Learning}, 
  author={Baijiong Lin and Weisen Jiang and Feiyang Ye and Yu Zhang and Pengguang Chen and Ying-Cong Chen and Shu Liu and James T. Kwok},
  journal={ArXiv},
  year={2023},
  volume={abs/2308.12029}
}
@article{Press2021ALiBi,
  title={Train short, test long: Attention with linear biases enables input length extrapolation},
  author={Press, Ofir and Smith, Noah A and Lewis, Mike},
  journal={arXiv preprint arXiv:2108.12409},
  year={2021}
}
@article{Su2021RoFormer,
  title={RoFormer: Enhanced Transformer with Rotary Position Embedding},
  author={Jianlin Su and Yu Lu and Shengfeng Pan and Bo Wen and Yunfeng Liu},
  journal={ArXiv},
  year={2021},
  volume={abs/2104.09864},
}
@article{Hu2021LoRA,
  title={Lora: Low-rank adaptation of large language models},
  author={Hu, Edward J and Shen, Yelong and Wallis, Phillip and Allen-Zhu, Zeyuan and Li, Yuanzhi and Wang, Shean and Wang, Lu and Chen, Weizhu},
  journal={arXiv preprint arXiv:2106.09685},
  year={2021}
}

%%%%%%%%%%%%%%%%%%%%%%%%%%%%%%% LLM Architectures %%%%%%%%%%%%%%%%%%%%%%%%%%%%%%%
\bibitem{devlin2019bert}
@inproceedings{devlin2019bert,
  title={BERT: Pre-training of Deep Bidirectional Transformers for Language Understanding},
  author={Devlin, Jacob and Chang, Ming-Wei and Lee, Kenton and Toutanova, Kristina},
  booktitle={Proceedings of the North American Chapter of the Association for Computational Linguistics (NAACL)},
  pages={4171--4186},
  year={2019}
}
\bibitem{zhou2022transformer}
@inproceedings{zhou2022transformer,
  title={Transformer-based Genomic Variant Effect Prediction},
  author={Zhou, Zhi and Liu, Min and Zhang, Hui},
  booktitle={Proceedings of the IEEE International Conference on Bioinformatics and Biomedicine (BIBM)},
  pages={621--628},
  year={2022}
}
\bibitem{choromanski2021rethinking}
@inproceedings{choromanski2021rethinking,
  title={Rethinking Attention with Performers},
  author={Choromanski, Krzysztof and Likhosherstov, Valerii and Dohan, David and Song, Xin and Gane, Andreea},
  booktitle={International Conference on Learning Representations (ICLR)},
  year={2021}
}

@article{Touvron2023LLaMA,
  title={LLaMA: Open and Efficient Foundation Language Models},
  author={Hugo Touvron and Thibaut Lavril and Gautier Izacard and Xavier Martinet and Marie-Anne Lachaux and Timoth{\'e}e Lacroix and Baptiste Rozi{\`e}re and Naman Goyal and Eric Hambro and Faisal Azhar and Aur{\'e}lien Rodriguez and Armand Joulin and Edouard Grave and Guillaume Lample},
  journal={ArXiv},
  year={2023},
  volume={abs/2302.13971},
}
@article{MiniMax2025MiniMax01,
  title={MiniMax-01: Scaling Foundation Models with Lightning Attention},
  author={MiniMax and Aonian Li and Bangwei Gong and Bo Yang and Boji Shan and Chang Liu and Cheng Zhu and Chunhao Zhang and Congchao Guo and Da Chen and Dong Li and Enwei Jiao and Gengxin Li and Guojun Zhang and Haohai Sun and Houze Dong and Jiadai Zhu and Jiaqi Zhuang and Jiayuan Song and Jin Zhu and Jin-Meng Han and Jingyang Li and Junbin Xie and Junhao Xu and Jun Yan and Kaishun Zhang and Ke Xiao and Kexi Kang and Le Han and Leyang Wang and Lian-Chun Yu and Li Feng and Lin Zheng and Linbo Chai and Long Xing and Meizhi Ju and Mingyuan Chi and Mozhi Zhang and Pei‚ÄêYu Huang and Peng-Xia Niu and Pengfei Li and Pengyu Zhao and Qi Yang and Qidi Xu and Qiexiang Wang and Qin Wang and Qiuhui Li and Ruitao Leng and Shengmin Shi and Shu Yu and Si-Si Li and Song He Zhu and Tao Huang and Tianrun Liang and Weigao Sun and Wei-Bing Sun and Weiyu Cheng and Wenkai Li and Xiangjun Song and Xiaojuan Su and Xiaodong Han and Xinjie Zhang and Xi-Yong Hou and Xu Min and Xun Zou and Xuyang Shen and Yan Gong and Yi-Heng Zhu and Yipeng Zhou and Yiran Zhong and Yong Hu and Yuanxiang Fan and Yue Yu and Yufeng Yang and Yuhao Li and Yunan Huang and Yunji Li and Yunpeng Huang and Yun Xu and Yuxin Mao and Zehan Li and Zekang Li and Zewei Tao and Zewen Ying and Zhaoyang Cong and Zhen Qin and Zhe-Yu Fan and Zhihang Yu and Zhuo Jiang and Zijia Wu},
  year={2025},
  journal={ArXiv},
  url={https://api.semanticscholar.org/CorpusID:275515682}
}
@article{Warner2024ModernBERT,
  title={Smarter, Better, Faster, Longer: A Modern Bidirectional Encoder for Fast, Memory Efficient, and Long Context Finetuning and Inference},
  author={Benjamin Warner and Antoine Chaffin and Benjamin Clavi'e and Orion Weller and Oskar Hallstr{\"o}m and Said Taghadouini and Alexis Gallagher and Raja Biswas and Faisal Ladhak and Tom Aarsen and Nathan Cooper and Griffin Adams and Jeremy Howard and Iacopo Poli},
  journal={ArXiv},
  year={2024},
  volume={abs/2412.13663},
}

\bibitem{smith2023largescale}
@inproceedings{smith2023largescale,
  title={Large-Scale Omics Datasets and Their Applications},
  author={Smith, Jane and Doe, Alan},
  booktitle={Proceedings of the International Conference on Machine Learning (ICML)},
  pages={1234--1242},
  year={2023}
}
@misc{yang2025deltanet,
      title={Parallelizing Linear Transformers with the Delta Rule over Sequence Length}, 
      author={Songlin Yang and Bailin Wang and Yu Zhang and Yikang Shen and Yoon Kim},
      year={2025},
      eprint={2406.06484},
      archivePrefix={arXiv},
      primaryClass={cs.LG},
      url={https://arxiv.org/abs/2406.06484}, 
}

@inproceedings{icml2024chela,
      title={Short-Long Convolutions Help Hardware-Efficient Linear Attention to Focus on Long Sequences}, 
      author={Zicheng Liu and Siyuan Li and Li Wang and Zedong Wang and Yunfan Liu and Stan Z. Li},
      year={2024},
      booktitle=ICML,
}
@inproceedings{ijcai2024longvq,
      title={LongVQ: Long Sequence Modeling with Vector Quantization on Structured Memory}, 
      author={Zicheng Liu and Li Wang and Siyuan Li and Zedong Wang and Haitao Lin and Stan Z. Li},
      year={2024},
      booktitle=IJCAI,
}

@misc{yang2024gateddelta,
      title={Gated Delta Networks: Improving Mamba2 with Delta Rule}, 
      author={Songlin Yang and Jan Kautz and Ali Hatamizadeh},
      year={2024},
      eprint={2412.06464},
      archivePrefix={arXiv},
      primaryClass={cs.CL},
      url={https://arxiv.org/abs/2412.06464}, 
}

%%%%%%%%%%%%%%%%%%%%%%%%%%%%%%% Protein Models %%%%%%%%%%%%%%%%%%%%%%%%%%%%%%%
\bibitem{liwang2024protein}
@inproceedings{liwang2024protein,
  title={Deep Learning in Protein Engineering},
  author={Li, Xue and Wang, Yan},
  booktitle={Proceedings of the International Conference on Learning Representations (ICLR)},
  pages={334--343},
  year={2024}
}

\bibitem{jumper2021alphafold}
@inproceedings{jumper2021alphafold,
  title={Highly accurate protein structure prediction with AlphaFold},
  author={Jumper, John and Evans, Richard and Pritzel, Alexander and Green, Tim and Figurnov, Michael},
  booktitle={Proceedings of the National Academy of Sciences (PNAS)},
  pages={102--109},
  year={2021}
}

\bibitem{hong2022crossomics}
@inproceedings{hong2022crossomics,
  title={Cross-Omics Data Integration: A Survey},
  author={Hong, Mei and Xu, Li and Chen, Xinlei and others},
  booktitle={ACM/IEEE Joint Conference on Digital Libraries},
  pages={112--121},
  year={2022}
}

\bibitem{rives2021biological}
@inproceedings{rives2021biological,
  title={Biological structure and function emerge from scaling unsupervised learning to 250 million protein sequences},
  author={Rives, Alexander and Goyal, Siddharth and Meier, Joshua and Guo, Demi and Ott, Myle and Zitnick, C Lawrence and Ma, Jerry and Fergus, Rob},
  booktitle={Proceedings of the National Academy of Sciences (PNAS)},
  pages={422--431},
  year={2021}
}

\bibitem{alquraishi2019proteinnet}
@inproceedings{alquraishi2019proteinnet,
  title={ProteinNet: a standardized data set for machine learning of protein structure},
  author={AlQuraishi, Mohammed},
  booktitle={BMC Bioinformatics},
  pages={95--104},
  year={2019}
}

@article{lin2023esm,
  title={Evolutionary-scale prediction of atomic-level protein structure with a language model},
  author={Lin, Zeming and Akin, Halil and Rao, Roshan and Hie, Brian and Zhu, Zhongkai and Lu, Wenting and Smetanin, Nikita and Verkuil, Robert and Kabeli, Ori and Shmueli, Yaniv and others},
  journal={Science},
  volume={379},
  number={6637},
  pages={1123--1130},
  year={2023},
  publisher={American Association for the Advancement of Science}
}
@article{lin2022ESM2,
    title={Language models of protein sequences at the scale of evolution enable accurate structure prediction},
    author={Lin, Zeming and Akin, Halil and Rao, Roshan and Hie, Brian and Zhu, Zhongkai and Lu, Wenting and Smetanin, Nikita and dos Santos Costa, Allan and Fazel-Zarandi, Maryam and Sercu, Tom and Candido, Sal and others},
    journal={bioRxiv},
    year={2022},
    publisher={Cold Spring Harbor Laboratory}
}
@article{altae2021widespread,
  title={The widespread IS200/IS605 transposon family encodes diverse programmable RNA-guided endonucleases},
  author={Altae-Tran, Han and Kannan, Soumya and Demircioglu, F Esra and Oshiro, Rachel and Nety, Suchita P and McKay, Luke J and Dlaki{\'c}, Mensur and Inskeep, William P and Makarova, Kira S and Macrae, Rhiannon K and others},
  journal={Science},
  volume={374},
  number={6563},
  pages={57--65},
  year={2021},
  publisher={American Association for the Advancement of Science}
}
@article{icml2022Tranception,
  title={Tranception: protein fitness prediction with autoregressive transformers and inference-time retrieval},
  author={Pascal Notin and Mafalda Dias and Jonathan Frazer and Javier Marchena-Hurtado and Aidan N. Gomez and Debora S. Marks and Yarin Gal},
  journal={ArXiv},
  year={2022},
  volume={abs/2205.13760},
  url={https://api.semanticscholar.org/CorpusID:249151868}
}

%%%%%%%%%%%%%%%%%%%%%%%%%%%% DNA Models & Tasks %%%%%%%%%%%%%%%%%%%%%%%%%%%%
@article{BioInfo2021dnabert,
    title={DNABERT: pre-trained Bidirectional Encoder Representations from Transformers model for DNA-language in genome},
    author={Ji, Yanrong and Zhou, Zhihan and Liu, Han and Davuluri, Ramana V},
    journal={Bioinformatics},
    volume={37},
    number={15},
    pages={2112--2120},
    year={2021},
    publisher={Oxford University Press}
}
@article{BMC2023genomicbenchmark,
    title={Genomic benchmarks: a collection of datasets for genomic sequence classification},
    author={Gre{\v{s}}ov{\'a}, Katar{\'\i}na and Martinek, Vlastimil and {\v{C}}ech{\'a}k, David and {\v{S}}ime{\v{c}}ek, Petr and Alexiou, Panagiotis},
    journal={BMC Genomic Data},
    volume={24},
    number={1},
    pages={25},
    year={2023},
    publisher={Springer}
}
@article{NM2023NucleotideTrans,
    title={The nucleotide transformer: Building and evaluating robust foundation models for human genomics},
    author={Dalla-Torre, Hugo and Gonzalez, Liam and Mendoza-Revilla, Javier and Carranza, Nicolas Lopez and Grzywaczewski, Adam Henryk and Oteri, Francesco and Dallago, Christian and Trop, Evan and de Almeida, Bernardo P and Sirelkhatim, Hassan and others},
    journal={bioRxiv},
    pages={2023--01},
    year={2023},
    publisher={Cold Spring Harbor Laboratory}
}
@article{ijhpca2023genslms,
    title={GenSLMs: Genome-scale language models reveal SARS-CoV-2 evolutionary dynamics.},
    author={Zvyagin, Max T and Brace, Alexander and Hippe, Kyle and Deng, Yuntian and Zhang, Bin and Bohorquez, Cindy Orozco and Clyde, Austin and Kale, Bharat and Perez-Rivera, Danilo and Ma, Heng and others},
    journal={bioRxiv},
    year={2022},
    publisher={Cold Spring Harbor Laboratory}
}
@article{fishman2023GenaLM,
    title={Gena-lm: A family of open-source foundational models for long dna sequences. bioRxiv},
    author={Fishman, Veniamin and Kuratov, Yuri and Petrov, Maxim and Shmelev, Aleksei and Shepelin, Denis and Chekanov, Nikolay and Kardymon, Olga and Burtsev, Mikhail},
    journal={bioRxiv},
    year={2023}
}
@inproceedings{nips2024hyenadna,
    title={Hyenadna: Long-range genomic sequence modeling at single nucleotide resolution},
    author={Nguyen, Eric and Poli, Michael and Faizi, Marjan and Thomas, Armin and Wornow, Michael and Birch-Sykes, Callum and Massaroli, Stefano and Patel, Aman and Rabideau, Clayton and Bengio, Yoshua and others},
    booktitle={Advances in neural information processing systems},
    volume={36},
    year={2024}
}
@inproceedings{iclr2024dnabert2,
    title={Dnabert-2: Efficient foundation model and benchmark for multi-species genome},
    author={Zhou, Zhihan and Ji, Yanrong and Li, Weijian and Dutta, Pratik and Davuluri, Ramana and Liu, Han},
    booktitle=ICLR,
    year={2024}
}
@misc{benson2012genbank,
  title     = {GenBank},
  author    = {D. A. Benson and M. Cavanaugh and K. Clark and I. Karsch-Mizrachi and D. J. Lipman and J. Ostell and E. W. Sayers},
  year      = {2012},
  url       = {https://doi.org/10.1093/nar/gks1195},
  note      = {Nucleic Acids Research, 41(D1):D36--D42}
}

@inproceedings{icml2024caduceus,
      title={Caduceus: Bi-Directional Equivariant Long-Range DNA Sequence Modeling}, 
      author={Yair Schiff and Chia-Hsiang Kao and Aaron Gokaslan and Tri Dao and Albert Gu and Volodymyr Kuleshov},
      year={2024},
      booktitle=ICML,
}
@inproceedings{icml2024vqdna,
      title={VQDNA: Unleashing the Power of Vector Quantization for Multi-Species Genomic Sequence Modeling}, 
      author={Siyuan Li and Zedong Wang and Zicheng Liu and Di Wu and Cheng Tan and Jiangbin Zheng and Yufei Huang and Stan Z. Li},
      year={2024},
      booktitle=ICML,
}
@inproceedings{nips2024MXDNA,
    title={Model Decides How to Tokenize: Adaptive DNA Sequence Tokenization with MxDNA},
    author={Lifeng Qiao and Peng Ye and Yuchen Ren and Weiqiang Bai and Chaoqi Liang and Xinzhu Ma and Nanqing Dong and Wanli Ouyang},
    year={2024},
    booktitle=NIPS,
}
@inproceedings{iclr2025convnova,
    title={Revisiting Convolution Architecture in the Realm of DNA Foundation Models},
    author={Anonymous},
    booktitle=ICLR,
    year={2025},
}
@misc{liu2024genbench,
      title={GenBench: A Benchmarking Suite for Systematic Evaluation of Genomic Foundation Models}, 
      author={Zicheng Liu and Jiahui Li and Siyuan Li and Zelin Zang and Cheng Tan and Yufei Huang and Yajing Bai and Stan Z. Li},
      year={2024},
      eprint={2406.01627},
      archivePrefix={arXiv},
      primaryClass={q-bio.GN},
      url={https://arxiv.org/abs/2406.01627}, 
}

@article{khare202SARS_CoV_2,
  title={GISAID‚Äôs role in pandemic response},
  author={Khare, Shruti and Gurry, C{\'e}line and Freitas, Lucas and Schultz, Mark B and Bach, Gunter and Diallo, Amadou and Akite, Nancy and Ho, Joses and Lee, Raphael TC and Yeo, Winston and others},
  journal={China CDC weekly},
  volume={3},
  number={49},
  pages={1049},
  year={2021},
  publisher={Chinese Center for Disease Control and Prevention}
}
@article{mouse2012ChIPseq,
  title={An encyclopedia of mouse DNA elements (Mouse ENCODE)},
  author={Mouse ENCODE Consortium and Stamatoyannopoulos, John A and Snyder, Michael and Hardison, Ross and Ren, Bing and Gingeras, Thomas and Gilbert, David M and Groudine, Mark and Bender, Michael and Kaul, Rajinder and others},
  journal={Genome biology},
  volume={13},
  pages={1--5},
  year={2012},
  publisher={Springer}
}
@article{dreos2013epdpromoter,
  title={EPD and EPDnew, high-quality promoter resources in the next-generation sequencing era},
  author={Dreos, Ren{\'e} and Ambrosini, Giovanna and Cavin P{\'e}rier, Rouayda and Bucher, Philipp},
  journal={Nucleic acids research},
  volume={41},
  number={D1},
  pages={D157--D164},
  year={2013},
  publisher={Oxford University Press}
}
@article{mouse2012encyclopedia,
  title={An encyclopedia of mouse DNA elements (Mouse ENCODE)},
  author={Mouse ENCODE Consortium and Stamatoyannopoulos, John A and Snyder, Michael and Hardison, Ross and Ren, Bing and Gingeras, Thomas and Gilbert, David M and Groudine, Mark and Bender, Michael and Kaul, Rajinder and others},
  journal={Genome biology},
  volume={13},
  pages={1--5},
  year={2012},
  publisher={Springer}
}

%%%%%%%%%%%%%%%%%%%%%%%%%%%% RNA Models & Tasks %%%%%%%%%%%%%%%%%%%%%%%%%%%%
@article{shen2024rnafm,
  title={Accurate RNA 3D structure prediction using a language model-based deep learning approach},
  author={Shen, Tao and Hu, Zhihang and Sun, Siqi and Liu, Di and Wong, Felix and Wang, Jiuming and Chen, Jiayang and Wang, Yixuan and Hong, Liang and Xiao, Jin and others},
  journal={Nature Methods},
  pages={1--12},
  year={2024},
  publisher={Nature Publishing Group US New York}
}
@article {nips2023codonbert,
    author = {Sizhen Li and Saeed Moayedpour and Ruijiang Li and Michael Bailey and Saleh Riahi and Milad Miladi and Jacob Miner and Dinghai Zheng and Jun Wang and Akshay Balsubramani and Khang Tran and Minnie Zacharia and Monica Wu and Xiaobo Gu and Ryan Clinton and Carla Asquith and Joseph Skalesk and Lianne Boeglin and Sudha Chivukula and Anusha Dias and Fernando Ulloa Montoya and Vikram Agarwal and Ziv Bar-Joseph and Sven Jager},
    title = {CodonBERT: Large Language Models for mRNA design and optimization},
    elocation-id = {2023.09.09.556981},
    year = {2023},
}
@article{wang2019splicefinder,
  title={SpliceFinder: ab initio prediction of splice sites using convolutional neural network},
  author={Wang, Ruohan and Wang, Zishuai and Wang, Jianping and Li, Shuaicheng},
  journal={BMC bioinformatics},
  volume={20},
  pages={1--13},
  year={2019},
  publisher={Springer}
}
@article{JAGANATHAN2019SpliceAI,
    title = {Predicting Splicing from Primary Sequence with Deep Learning},
    journal = {Cell},
    volume = {176},
    number = {3},
    pages = {535-548.e24},
    year = {2019},
    issn = {0092-8674},
    doi = {https://doi.org/10.1016/j.cell.2018.12.015},
    url = {https://www.sciencedirect.com/science/article/pii/S0092867418316295},
    author = {Kishore Jaganathan and Sofia {Kyriazopoulou Panagiotopoulou} and Jeremy F. McRae and Siavash Fazel Darbandi and David Knowles and Yang I. Li and Jack A. Kosmicki and Juan Arbelaez and Wenwu Cui and Grace B. Schwartz and Eric D. Chow and Efstathios Kanterakis and Hong Gao and Amirali Kia and Serafim Batzoglou and Stephan J. Sanders and Kyle Kai-How Farh},
}
@article{BMC2021spliceator,
    title={Spliceator: multi-species splice site prediction using convolutional neural networks},
    author={Scalzitti, Nicolas and Kress, Arnaud and Orhand, Romain and Weber, Thomas and Moulinier, Luc and Jeannin-Girardon, Anne and Collet, Pierre and Poch, Olivier and Thompson, Julie D},
    journal={BMC bioinformatics},
    volume={22},
    pages={1--26},
    year={2021},
    publisher={Springer}
}
@article{naito2019DDSP,
  title={Predicting the impact of single nucleotide variants on splicing via sequence-based deep neural networks and genomic features},
  author={Naito, Tatsuhiko},
  journal={Human mutation},
  volume={40},
  number={9},
  pages={1261--1269},
  year={2019},
  publisher={Wiley Online Library}
}
@article{Penic2024RiNALMo,
  title={RiNALMo: General-Purpose RNA Language Models Can Generalize Well on Structure Prediction Tasks},
  author={Rafael Josip Penic and Tin Vlai and Roland G. Huber and Yue Wan and Mile Sikic},
  journal={ArXiv},
  year={2024},
  volume={abs/2403.00043},
}

%%%%%%%%%%%%%%%%%%%%%%%%%%%% Central Dogma %%%%%%%%%%%%%%%%%%%%%%%%%%%%
@article{nguyen2024evo,
   author = {Eric Nguyen and Michael Poli and Matthew G. Durrant and Brian Kang and Dhruva Katrekar and David B. Li and Liam J. Bartie and Armin W. Thomas and Samuel H. King and Garyk Brixi and Jeremy Sullivan and Madelena Y. Ng and Ashley Lewis and Aaron Lou and Stefano Ermon and Stephen A. Baccus and Tina Hernandez-Boussard and Christopher R√© and Patrick D. Hsu and Brian L. Hie },
   title = {Sequence modeling and design from molecular to genome scale with Evo},
   journal = {Science},
   volume = {386},
   number = {6723},
   pages = {eado9336},
   year = {2024},
   doi = {10.1126/science.ado9336},
   URL = {https://www.science.org/doi/abs/10.1126/science.ado9336},
}
@article{he2024lucaone,
    title={LucaOne: Generalized Biological Foundation Model with Unified Nucleic Acid and Protein Language},
    author={He, Yong and Fang, Pan and Shan, Yongtao and Pan, Yuanfei and Wei, Yanhong and Chen, Yichang and Chen, Yihao and Liu, Yi and Zeng, Zhenyu and Zhou, Zhan and others},
    journal={bioRxiv},
    pages={2024--05},
    year={2024},
    publisher={Cold Spring Harbor Laboratory}
}
@article{zhu2024CDGPT,
    title={CD-GPT: a biological foundation model bridging the gap between molecular sequences through central dogma},
    author={Zhu, Xiao and Qin, Chenchen and Wang, Fang and Yang, Fan and He, Bing and Zhao, Yu and Yao, Jianhua},
    journal={bioRxiv},
    pages={2024--06},
    year={2024},
    publisher={Cold Spring Harbor Laboratory}
}
@article{xiang2024BSM,
    title={BSM: Small but Powerful Biological Sequence Model for Genes and Proteins},
    author={Xiang, Weixi and Han, Xueting and Chai, Xiujuan and Bai, Jing},
    journal={arXiv preprint arXiv:2410.11499},
    year={2024}
}

@misc{oquab2024dinov2,
      title={DINOv2: Learning Robust Visual Features without Supervision}, 
      author={Maxime Oquab and Timoth√©e Darcet and Th√©o Moutakanni and Huy Vo and Marc Szafraniec and Vasil Khalidov and Pierre Fernandez and Daniel Haziza and Francisco Massa and Alaaeldin El-Nouby and Mahmoud Assran and Nicolas Ballas and Wojciech Galuba and Russell Howes and Po-Yao Huang and Shang-Wen Li and Ishan Misra and Michael Rabbat and Vasu Sharma and Gabriel Synnaeve and Hu Xu and Herv√© Jegou and Julien Mairal and Patrick Labatut and Armand Joulin and Piotr Bojanowski},
      year={2024},
      eprint={2304.07193},
      archivePrefix={arXiv},
      primaryClass={cs.CV},
      url={https://arxiv.org/abs/2304.07193}, 
}

@article{ji2021dnabert,
title={DNABERT: pre-trained Bidirectional Encoder Representations from Transformers model for DNA-language in genome},
author={Ji, Yanrong and Zhou, Zhihan and Liu, Han and Davuluri, Ramana V},
journal={Bioinformatics},
volume={37},
number={15},
pages={2112--2120},
year={2021},
publisher={Oxford University Press}
}

@article{nguyen2024hyenadna,
title={Hyenadna: Long-range genomic sequence modeling at single nucleotide resolution},
author={Nguyen, Eric and Poli, Michael and Faizi, Marjan and Thomas, Armin and Wornow, Michael and Birch-Sykes, Callum and Massaroli, Stefano and Patel, Aman and Rabideau, Clayton and Bengio, Yoshua and others},
journal={Advances in neural information processing systems},
volume={36},
year={2024}
}

@article{dalla2023nucleotide,
title={The nucleotide transformer: Building and evaluating robust foundation models for human genomics},
author={Dalla-Torre, Hugo and Gonzalez, Liam and Mendoza-Revilla, Javier and Carranza, Nicolas Lopez and Grzywaczewski, Adam Henryk and Oteri, Francesco and Dallago, Christian and Trop, Evan and de Almeida, Bernardo P and Sirelkhatim, Hassan and others},
journal={bioRxiv},
pages={2023--01},
year={2023},
publisher={Cold Spring Harbor Laboratory}
}


@article{zhou2023dnabert2,
title={Dnabert-2: Efficient foundation model and benchmark for multi-species genome},
author={Zhou, Zhihan and Ji, Yanrong and Li, Weijian and Dutta, Pratik and Davuluri, Ramana and Liu, Han},
journal={arXiv preprint arXiv:2306.15006},
year={2023}
}

@article{schiff2024caduceus,
title={Caduceus: Bi-directional equivariant long-range dna sequence modeling},
author={Schiff, Yair and Kao, Chia-Hsiang and Gokaslan, Aaron and Dao, Tri and Gu, Albert and Kuleshov, Volodymyr},
journal={arXiv preprint arXiv:2403.03234},
year={2024}
}

@article{shen2024accurate,
title={Accurate RNA 3D structure prediction using a language model-based deep learning approach},
author={Shen, Tao and Hu, Zhihang and Sun, Siqi and Liu, Di and Wong, Felix and Wang, Jiuming and Chen, Jiayang and Wang, Yixuan and Hong, Liang and Xiao, Jin and others},
journal={Nature Methods},
pages={1--12},
year={2024},
publisher={Nature Publishing Group US New York}
}

@article{jumper2021alphafold2,
title={Highly accurate protein structure prediction with AlphaFold},
author={Jumper, John and Evans, Richard and Pritzel, Alexander and Green, Tim and Figurnov, Michael and Ronneberger, Olaf and Tunyasuvunakool, Kathryn and Bates, Russ and {\v{Z}}{\'\i}dek, Augustin and Potapenko, Anna and others},
journal={Nature},
volume={596},
number={7873},
pages={583--589},
year={2021},
publisher={Nature Publishing Group}
}


@article{nm2021enformer,
title={Effective gene expression prediction from sequence by integrating long-range interactions},
author={Avsec, {\v{Z}}iga and Agarwal, Vikram and Visentin, Daniel and Ledsam, Joseph R and Grabska-Barwinska, Agnieszka and Taylor, Kyle R and Assael, Yannis and Jumper, John and Kohli, Pushmeet and Kelley, David R},
journal={Nature methods},
volume={18},
number={10},
pages={1196--1203},
year={2021},
publisher={Nature Publishing Group US New York}
}