@book{bdr2022,
    title={Distributional Reinforcement Learning},
    author={Marc G. Bellemare and Will Dabney and Mark Rowland},
    publisher={{MIT} Press},
    note={\url{http://www.distributional-rl.org}},
    year={2023}
}

@inproceedings{
peng2024statistical,
title={Statistical Efficiency of Distributional Temporal Difference Learning},
author={Yang Peng and Liangyu Zhang and Zhihua Zhang},
booktitle={The Thirty-eighth Annual Conference on Neural Information Processing Systems},
year={2024},
url={https://openreview.net/forum?id=eWUM5hRYgH}
}

@inproceedings{samsonov2024improved,
  title={Improved High-Probability Bounds for the Temporal Difference Learning Algorithm via Exponential Stability},
  author={Samsonov, Sergey and Tiapkin, Daniil and Naumov, Alexey and Moulines, Eric},
  booktitle={The Thirty Seventh Annual Conference on Learning Theory},
  pages={4511--4547},
  year={2024},
  organization={PMLR}
}

@techreport{ruppert1988efficient,
  title={Efficient estimations from a slowly convergent Robbins-Monro process},
  author={Ruppert, David},
  year={1988},
  institution={Cornell University Operations Research and Industrial Engineering}
}


@article{polyak1992acceleration,
  title={Acceleration of stochastic approximation by averaging},
  author={Polyak, Boris T and Juditsky, Anatoli B},
  journal={SIAM journal on control and optimization},
  volume={30},
  number={4},
  pages={838--855},
  year={1992},
  publisher={SIAM}
}

@book{meyn2012markov,
  title={Markov chains and stochastic stability},
  author={Meyn, Sean P and Tweedie, Richard L},
  year={2012},
  publisher={Springer Science \& Business Media}
}

@article{paulin2015concentration,
  title={Concentration inequalities for Markov chains by Marton couplings and spectral methods},
  author={Paulin, Daniel},
  journal={Electronic journal of probability},
  volume={20},
  pages={79},
  year={2015},
  publisher={Institute of Mathematical Statistics}
}

@article{li2024high,
  title={High-probability sample complexities for policy evaluation with linear function approximation},
  author={Li, Gen and Wu, Weichen and Chi, Yuejie and Ma, Cong and Rinaldo, Alessandro and Wei, Yuting},
  journal={IEEE Transactions on Information Theory},
  year={2024},
  publisher={IEEE}
}

@article{godsil1985inverses,
  title={Inverses of trees},
  author={Godsil, Chris D},
  journal={Combinatorica},
  volume={5},
  pages={33--39},
  year={1985},
  publisher={Springer}
}

@article{lancaster1972norms,
  title={Norms on direct sums and tensor products},
  author={Lancaster, Peter and Farahat, Hanafi K},
  journal={mathematics of computation},
  volume={26},
  number={118},
  pages={401--414},
  year={1972}
}

@article{zhang2013kronecker,
  title={On the Kronecker products and their applications},
  author={Zhang, Huamin and Ding, Feng},
  journal={Journal of Applied Mathematics},
  volume={2013},
  number={1},
  pages={296185},
  year={2013},
  publisher={Wiley Online Library}
}

@book{horn1994topics,
  title={Topics in matrix analysis},
  author={Horn, Roger A and Johnson, Charles R},
  year={1994},
  publisher={Cambridge university press}
}

@inproceedings{rowland2018analysis,
  title={An analysis of categorical distributional reinforcement learning},
  author={Rowland, Mark and Bellemare, Marc and Dabney, Will and Munos, R{\'e}mi and Teh, Yee Whye},
  booktitle={International Conference on Artificial Intelligence and Statistics},
  pages={29--37},
  year={2018},
  organization={PMLR}
}

@book{serre2002matrices,
  title={Matrices: Theory and Applications},
  author={Serre, D.},
  isbn={9780387954608},
  lccn={02022926},
  series={Graduate texts in mathematics},
  url={https://books.google.com.hk/books?id=RDnUIFYgkrUC},
  year={2002},
  publisher={Springer}
}

@inproceedings{
rowland2024nearminimaxoptimal,
title={Near-Minimax-Optimal Distributional Reinforcement Learning with a Generative Model},
author={Mark Rowland and Li Kevin Wenliang and Remi Munos and Clare Lyle and Yunhao Tang and Will Dabney},
booktitle={The Thirty-eighth Annual Conference on Neural Information Processing Systems},
year={2024},
url={https://openreview.net/forum?id=JXKbf1d4ib}
}

@inproceedings{lyle2019comparative,
  title={A comparative analysis of expected and distributional reinforcement learning},
  author={Lyle, Clare and Bellemare, Marc G and Castro, Pablo Samuel},
  booktitle={Proceedings of the AAAI Conference on Artificial Intelligence},
  volume={33},
  pages={4504--4511},
  year={2019}
}

@inproceedings{bellemare2019distributional,
  title={Distributional reinforcement learning with linear function approximation},
  author={Bellemare, Marc G and Le Roux, Nicolas and Castro, Pablo Samuel and Moitra, Subhodeep},
  booktitle={The 22nd International Conference on Artificial Intelligence and Statistics},
  pages={2203--2211},
  year={2019},
  organization={PMLR}
}

@book{chen2005matrix,
  title={Matrix preconditioning techniques and applications},
  author={Chen, Ke},
  year={2005},
  publisher={Cambridge University Press}
}

@article{li2017preconditioned,
  title={Preconditioned stochastic gradient descent},
  author={Li, Xi-Lin},
  journal={IEEE transactions on neural networks and learning systems},
  volume={29},
  number={5},
  pages={1454--1466},
  year={2017},
  publisher={IEEE}
}

@article{li2023accelerated,
  title={Accelerated and instance-optimal policy evaluation with linear function approximation},
  author={Li, Tianjiao and Lan, Guanghui and Pananjady, Ashwin},
  journal={SIAM Journal on Mathematics of Data Science},
  volume={5},
  number={1},
  pages={174--200},
  year={2023},
  publisher={SIAM}
}

@inproceedings{patil2023finite,
  title={Finite time analysis of temporal difference learning with linear function approximation: Tail averaging and regularisation},
  author={Patil, Gandharv and Prashanth, LA and Nagaraj, Dheeraj and Precup, Doina},
  booktitle={International Conference on Artificial Intelligence and Statistics},
  pages={5438--5448},
  year={2023},
  organization={PMLR}
}

@article{wu2024statistical,
  title={Statistical Inference for Temporal Difference Learning with Linear Function Approximation},
  author={Wu, Weichen and Li, Gen and Wei, Yuting and Rinaldo, Alessandro},
  journal={arXiv preprint arXiv:2410.16106},
  year={2024}
}

@inproceedings{morimura2010nonparametric,
  title={Nonparametric return distribution approximation for reinforcement learning},
  author={Morimura, Tetsuro and Sugiyama, Masashi and Kashima, Hisashi and Hachiya, Hirotaka and Tanaka, Toshiyuki},
  booktitle={Proceedings of the 27th International Conference on Machine Learning (ICML-10)},
  pages={799--806},
  year={2010}
}

@inproceedings{bellemare2017distributional,
  title={A distributional perspective on reinforcement learning},
  author={Bellemare, Marc G and Dabney, Will and Munos, R{\'e}mi},
  booktitle={International conference on machine learning},
  pages={449--458},
  year={2017},
  organization={PMLR}
}

@article{sutton1988learning,
  title={Learning to predict by the methods of temporal differences},
  author={Sutton, Richard S},
  journal={Machine learning},
  volume={3},
  pages={9--44},
  year={1988},
  publisher={Springer}
}

@inproceedings{
samsonov2024gaussian,
title={Gaussian Approximation and Multiplier Bootstrap for Polyak-Ruppert Averaged Linear Stochastic Approximation with Applications to {TD} Learning},
author={Sergey Samsonov and Eric Moulines and Qi-Man Shao and Zhuo-Song Zhang and Alexey Naumov},
booktitle={The Thirty-eighth Annual Conference on Neural Information Processing Systems},
year={2024},
url={https://openreview.net/forum?id=S0Ci1AsJL5}
}

@inproceedings{bertsekas1995neuro,
  title={Neuro-dynamic programming: an overview},
  author={Bertsekas, Dimitri P and Tsitsiklis, John N},
  booktitle={Proceedings of 1995 34th IEEE conference on decision and control},
  volume={1},
  pages={560--564},
  year={1995},
  organization={IEEE}
}

@article{tsitsiklis1996analysis,
  title={Analysis of temporal-diffference learning with function approximation},
  author={Tsitsiklis, John and Van Roy, Benjamin},
  journal={Advances in neural information processing systems},
  volume={9},
  year={1996}
}

@article{li2024q,
  title={Is Q-learning minimax optimal? a tight sample complexity analysis},
  author={Li, Gen and Cai, Changxiao and Chen, Yuxin and Wei, Yuting and Chi, Yuejie},
  journal={Operations Research},
  volume={72},
  number={1},
  pages={222--236},
  year={2024},
  publisher={INFORMS}
}

@inproceedings{bhandari2018finite,
  title={A finite time analysis of temporal difference learning with linear function approximation},
  author={Bhandari, Jalaj and Russo, Daniel and Singal, Raghav},
  booktitle={Conference on learning theory},
  pages={1691--1692},
  year={2018},
  organization={PMLR}
}

@inproceedings{dalal2018finite,
  title={Finite sample analyses for TD (0) with function approximation},
  author={Dalal, Gal and Sz{\"o}r{\'e}nyi, Bal{\'a}zs and Thoppe, Gugan and Mannor, Shie},
  booktitle={Proceedings of the AAAI Conference on Artificial Intelligence},
  volume={32},
  year={2018}
}

@article{rowland2024analysis,
  title={An analysis of quantile temporal-difference learning},
  author={Rowland, Mark and Munos, R{\'e}mi and Azar, Mohammad Gheshlaghi and Tang, Yunhao and Ostrovski, Georg and Harutyunyan, Anna and Tuyls, Karl and Bellemare, Marc G and Dabney, Will},
  journal={Journal of Machine Learning Research},
  volume={25},
  pages={1--47},
  year={2024}
}

@article{zhang2023estimation,
  title={Estimation and Inference in Distributional Reinforcement Learning},
  author={Zhang, Liangyu and Peng, Yang and Liang, Jiadong and Yang, Wenhao and Zhang, Zhihua},
  journal={arXiv preprint arXiv:2309.17262},
  year={2023}
}

@article{speedy,
author = {B\"{o}ck, Markus and Heitzinger, Clemens},
title = {Speedy Categorical Distributional Reinforcement Learning and Complexity Analysis},
journal = {SIAM Journal on Mathematics of Data Science},
volume = {4},
number = {2},
pages = {675-693},
year = {2022},
doi = {10.1137/20M1364436},
URL = { 
        https://doi.org/10.1137/20M1364436
},
eprint = { 
        https://doi.org/10.1137/20M1364436
}
,
}


@inproceedings{dabney2018implicit,
  title={Implicit quantile networks for distributional reinforcement learning},
  author={Dabney, Will and Ostrovski, Georg and Silver, David and Munos, R{\'e}mi},
  booktitle={International conference on machine learning},
  pages={1096--1105},
  year={2018},
  organization={PMLR}
}

@inproceedings{dabney2018distributional,
  title={Distributional reinforcement learning with quantile regression},
  author={Dabney, Will and Rowland, Mark and Bellemare, Marc and Munos, R{\'e}mi},
  booktitle={Proceedings of the AAAI conference on artificial intelligence},
  volume={32},
  year={2018}
}

@article{yang2019fully,
  title={Fully parameterized quantile function for distributional reinforcement learning},
  author={Yang, Derek and Zhao, Li and Lin, Zichuan and Qin, Tao and Bian, Jiang and Liu, Tie-Yan},
  journal={Advances in neural information processing systems},
  volume={32},
  year={2019}
}

@inproceedings{nguyen2021distributional,
  title={Distributional reinforcement learning via moment matching},
  author={Nguyen-Tang, Thanh and Gupta, Sunil and Venkatesh, Svetha},
  booktitle={Proceedings of the AAAI Conference on Artificial Intelligence},
  volume={35},
  pages={9144--9152},
  year={2021}
}

@inproceedings{ijcai2021p476,
  title     = {Non-decreasing Quantile Function Network with Efficient Exploration for Distributional Reinforcement Learning},
  author    = {Zhou, Fan and Zhu, Zhoufan and Kuang, Qi and Zhang, Liwen},
  booktitle = {Proceedings of the Thirtieth International Joint Conference on
               Artificial Intelligence, {IJCAI-21}},
  publisher = {International Joint Conferences on Artificial Intelligence Organization},
  editor    = {Zhi-Hua Zhou},
  pages     = {3455--3461},
  year      = {2021},
  month     = {8},
  note      = {Main Track},
  doi       = {10.24963/ijcai.2021/476},
  url       = {https://doi.org/10.24963/ijcai.2021/476},
}

@inproceedings{freirich2019distributional,
  title={Distributional multivariate policy evaluation and exploration with the bellman gan},
  author={Freirich, Dror and Shimkin, Tzahi and Meir, Ron and Tamar, Aviv},
  booktitle={International Conference on Machine Learning},
  pages={1983--1992},
  year={2019},
  organization={PMLR}
}

@article{yue2020implicit,
  title={Implicit distributional reinforcement learning},
  author={Yue, Yuguang and Wang, Zhendong and Zhou, Mingyuan},
  journal={Advances in Neural Information Processing Systems},
  volume={33},
  pages={7135--7147},
  year={2020}
}

@inproceedings{
luo2022distributional,
title={Distributional Reinforcement Learning with Monotonic Splines},
author={Yudong Luo and Guiliang Liu and Haonan Duan and Oliver Schulte and Pascal Poupart},
booktitle={International Conference on Learning Representations},
year={2022},
url={https://openreview.net/forum?id=C8Ltz08PtBp}
}

@inproceedings{
sun2024distributional,
title={Distributional Reinforcement Learning with Regularized Wasserstein Loss},
author={Ke Sun and Yingnan Zhao and Wulong Liu and Bei Jiang and Linglong Kong},
booktitle={The Thirty-eighth Annual Conference on Neural Information Processing Systems},
year={2024},
url={https://openreview.net/forum?id=CiEynTpF28}
}

@article{chen2024lyapunov,
  title={A lyapunov theory for finite-sample guarantees of markovian stochastic approximation},
  author={Chen, Zaiwei and Maguluri, Siva T and Shakkottai, Sanjay and Shanmugam, Karthikeyan},
  journal={Operations Research},
  volume={72},
  number={4},
  pages={1352--1367},
  year={2024},
  publisher={INFORMS}
}

@book{bogachev2007measure,
  title={Measure theory},
  volume={1},
  author={Bogachev, Vladimir Igorevich},
  year={2007},
  publisher={Springer}
}

@InProceedings{pmlr-v202-wu23s,
  title = 	 {Distributional Offline Policy Evaluation with Predictive Error Guarantees},
  author =       {Wu, Runzhe and Uehara, Masatoshi and Sun, Wen},
  booktitle = 	 {Proceedings of the 40th International Conference on Machine Learning},
  pages = 	 {37685--37712},
  year = 	 {2023},
  editor = 	 {Krause, Andreas and Brunskill, Emma and Cho, Kyunghyun and Engelhardt, Barbara and Sabato, Sivan and Scarlett, Jonathan},
  volume = 	 {202},
  series = 	 {Proceedings of Machine Learning Research},
  month = 	 {23--29 Jul},
  publisher =    {PMLR},
  pdf = 	 {https://proceedings.mlr.press/v202/wu23s/wu23s.pdf},
  url = 	 {https://proceedings.mlr.press/v202/wu23s.html},
}

@inproceedings{NEURIPS2023_06fc38f5,
 author = {Wang, Kaiwen and Zhou, Kevin and Wu, Runzhe and Kallus, Nathan and Sun, Wen},
 booktitle = {Advances in Neural Information Processing Systems},
 editor = {A. Oh and T. Naumann and A. Globerson and K. Saenko and M. Hardt and S. Levine},
 pages = {2275--2312},
 publisher = {Curran Associates, Inc.},
 title = {The Benefits of Being Distributional: Small-Loss Bounds for Reinforcement Learning},
 url = {https://proceedings.neurips.cc/paper_files/paper/2023/file/06fc38f5c21ae66ef955e28b7a78ece5-Paper-Conference.pdf},
 volume = {36},
 year = {2023}
}


@inproceedings{
wang2024more,
title={More Benefits of Being Distributional: Second-Order Bounds for Reinforcement Learning},
author={Kaiwen Wang and Owen Oertell and Alekh Agarwal and Nathan Kallus and Wen Sun},
booktitle={Forty-first International Conference on Machine Learning},
year={2024},
url={https://openreview.net/forum?id=kZBCFQe1Ej}
}

@inproceedings{
wenliang2024distributional,
title={Distributional Bellman Operators over Mean Embeddings},
author={Li Kevin Wenliang and Gregoire Deletang and Matthew Aitchison and Marcus Hutter and Anian Ruoss and Arthur Gretton and Mark Rowland},
booktitle={Forty-first International Conference on Machine Learning},
year={2024},
url={https://openreview.net/forum?id=j2pLfsBm4J}
}

@inproceedings{
wiltzer2024foundations,
title={Foundations of Multivariate Distributional Reinforcement Learning},
author={Harley Wiltzer and Jesse Farebrother and Arthur Gretton and Mark Rowland},
booktitle={The Thirty-eighth Annual Conference on Neural Information Processing Systems},
year={2024},
url={https://openreview.net/forum?id=aq3I5B6GLG}
}

@article{lim2022distributional,
  title={Distributional reinforcement learning for risk-sensitive policies},
  author={Lim, Shiau Hong and Malik, Ilyas},
  journal={Advances in Neural Information Processing Systems},
  volume={35},
  pages={30977--30989},
  year={2022}
}

@article{kastner2023distributional,
  title={Distributional model equivalence for risk-sensitive reinforcement learning},
  author={Kastner, Tyler and Erdogdu, Murat A and Farahmand, Amir-massoud},
  journal={Advances in Neural Information Processing Systems},
  volume={36},
  pages={56531--56552},
  year={2023}
}

@inproceedings{
marthe2023beyond,
title={Beyond Average Return in Markov Decision Processes},
author={Alexandre Marthe and Aur{\'e}lien Garivier and Claire Vernade},
booktitle={Thirty-seventh Conference on Neural Information Processing Systems},
year={2023},
url={https://openreview.net/forum?id=mgNu8nDFwa}
}

@article{pires2025optimizing,
  title={Optimizing Return Distributions with Distributional Dynamic Programming},
  author={Pires, Bernardo {\'A}vila and Rowland, Mark and Borsa, Diana and Guo, Zhaohan Daniel and Khetarpal, Khimya and Barreto, Andr{\'e} and Abel, David and Munos, R{\'e}mi and Dabney, Will},
  journal={arXiv preprint arXiv:2501.13028},
  year={2025}
}

@inproceedings{noorani2023exponential,
  title={Exponential TD Learning: A Risk-Sensitive Actor-Critic Reinforcement Learning Algorithm},
  author={Noorani, Erfaun and Mavridis, Christos N and Baras, John S},
  booktitle={2023 American Control Conference (ACC)},
  pages={4104--4109},
  year={2023},
  organization={IEEE}
}

@article{bauerle2011markov,
  title={Markov decision processes with average-value-at-risk criteria},
  author={B{\"a}uerle, Nicole and Ott, Jonathan},
  journal={Mathematical Methods of Operations Research},
  volume={74},
  pages={361--379},
  year={2011},
  publisher={Springer}
}

@inproceedings{wiltzer2024dsm,
    title={A Distributional Analogue to the Successor Representation},
    author={Harley Wiltzer and Jesse Farebrother and Arthur Gretton and Yunhao Tang and Andr\'e Barreto and Will Dabney and Marc G Bellemare and Mark Rowland},
    booktitle = {International Conference on Machine Learning (ICML)}, 
    year={2024},
}

@article{chow2014algorithms,
  title={Algorithms for CVaR optimization in MDPs},
  author={Chow, Yinlam and Ghavamzadeh, Mohammad},
  journal={Advances in neural information processing systems},
  volume={27},
  year={2014}
}

@inproceedings{rowland2023statistical,
  title={The statistical benefits of quantile temporal-difference learning for value estimation},
  author={Rowland, Mark and Tang, Yunhao and Lyle, Clare and Munos, R{\'e}mi and Bellemare, Marc G and Dabney, Will},
  booktitle={International Conference on Machine Learning},
  pages={29210--29231},
  year={2023},
  organization={PMLR}
}

@article{tang2022nature,
  title={The nature of temporal difference errors in multi-step distributional reinforcement learning},
  author={Tang, Yunhao and Munos, Remi and Rowland, Mark and Avila Pires, Bernardo and Dabney, Will and Bellemare, Marc},
  journal={Advances in Neural Information Processing Systems},
  volume={35},
  pages={30265--30276},
  year={2022}
}

@article{tang2024off,
  title={Off-policy Distributional Q ($lambda $): Distributional RL without Importance Sampling},
  author={Tang, Yunhao and Rowland, Mark and Munos, R{\'e}mi and Pires, Bernardo {\'A}vila and Dabney, Will},
  journal={arXiv preprint arXiv:2402.05766},
  year={2024}
}


@InProceedings{pmlr-v97-qu19b,
  title = 	 {Nonlinear Distributional Gradient Temporal-Difference Learning},
  author =       {Qu, Chao and Mannor, Shie and Xu, Huan},
  booktitle = 	 {Proceedings of the 36th International Conference on Machine Learning},
  pages = 	 {5251--5260},
  year = 	 {2019},
  editor = 	 {Chaudhuri, Kamalika and Salakhutdinov, Ruslan},
  volume = 	 {97},
  series = 	 {Proceedings of Machine Learning Research},
  month = 	 {09--15 Jun},
  publisher =    {PMLR},
  pdf = 	 {http://proceedings.mlr.press/v97/qu19b/qu19b.pdf},
  url = 	 {https://proceedings.mlr.press/v97/qu19b.html},
  abstract = 	 {We devise a distributional variant of gradient temporal-difference (TD) learning. Distributional reinforcement learning has been demonstrated to outperform the regular one in the recent study \citep{bellemare2017distributional}. In the policy evaluation setting, we design two new algorithms called distributional GTD2 and distributional TDC using the Cram{é}r distance on the distributional version of the Bellman error objective function, which inherits advantages of both the nonlinear gradient TD algorithms and the distributional RL approach. In the control setting, we propose the distributional Greedy-GQ using similar derivation. We prove the asymptotic almost-sure convergence of distributional GTD2 and TDC to a local optimal solution for general smooth function approximators, which includes neural networks that have been widely used in recent study to solve the real-life RL problems. In each step, the computational complexity of above three algorithms is linear w.r.t. the number of the parameters of the function approximator, thus can be implemented efficiently for neural networks.}
}

@article{robbins1951stochastic,
  title={A stochastic approximation method},
  author={Robbins, Herbert and Monro, Sutton},
  journal={The Annals of Mathematical Statistics},
  pages={400--407},
  year={1951},
  publisher={JSTOR}
}

@article{lai2003stochastic,
  title={Stochastic approximation},
  author={Lai, Tze Leung},
  journal={The Annals of Statistics},
  volume={31},
  number={2},
  pages={391--406},
  year={2003},
  publisher={Institute of Mathematical Statistics}
}

@inproceedings{lakshminarayanan2018linear,
  title={Linear stochastic approximation: How far does constant step-size and iterate averaging go?},
  author={Lakshminarayanan, Chandrashekar and Szepesvari, Csaba},
  booktitle={International conference on artificial intelligence and statistics},
  pages={1347--1355},
  year={2018},
  organization={PMLR}
}

@inproceedings{srikant2019finite,
  title={Finite-time error bounds for linear stochastic approximation andtd learning},
  author={Srikant, Rayadurgam and Ying, Lei},
  booktitle={Conference on Learning Theory},
  pages={2803--2830},
  year={2019},
  organization={PMLR}
}

@inproceedings{mou2020linear,
  title={On linear stochastic approximation: Fine-grained Polyak-Ruppert and non-asymptotic concentration},
  author={Mou, Wenlong and Li, Chris Junchi and Wainwright, Martin J and Bartlett, Peter L and Jordan, Michael I},
  booktitle={Conference on Learning Theory},
  pages={2947--2997},
  year={2020},
  organization={PMLR}
}

@inproceedings{huo2023bias,
  title={Bias and extrapolation in Markovian linear stochastic approximation with constant stepsizes},
  author={Huo, Dongyan and Chen, Yudong and Xie, Qiaomin},
  booktitle={Abstract Proceedings of the 2023 ACM SIGMETRICS International Conference on Measurement and Modeling of Computer Systems},
  pages={81--82},
  year={2023}
}

@inproceedings{duan2023finite,
  title={A finite-sample analysis of multi-step temporal difference estimates},
  author={Duan, Yaqi and Wainwright, Martin J},
  booktitle={Learning for Dynamics and Control Conference},
  pages={612--624},
  year={2023},
  organization={PMLR}
}

@article{durmus2024finite,
  title={Finite-Time High-Probability Bounds for Polyak--Ruppert Averaged Iterates of Linear Stochastic Approximation},
  author={Durmus, Alain and Moulines, Eric and Naumov, Alexey and Samsonov, Sergey},
  journal={Mathematics of Operations Research},
  year={2024},
  publisher={INFORMS}
}

@article{li2023online,
  title={Online statistical inference for nonlinear stochastic approximation with markovian data},
  author={Li, Xiang and Liang, Jiadong and Zhang, Zhihua},
  journal={arXiv preprint arXiv:2302.07690},
  year={2023}
}

@inproceedings{mou2022optimal,
  title={Optimal and instance-dependent guarantees for Markovian linear stochastic approximation},
  author={Mou, Wenlong and Pananjady, Ashwin and Wainwright, Martin and Bartlett, Peter},
  booktitle={Conference on Learning Theory},
  pages={2060--2061},
  year={2022},
  organization={PMLR}
}