@article{alharthi2024xlstmtime,
    title={xlstmtime: Long-term time series forecasting with xlstm},
    author={Alharthi, Musleh and Mahmood, Ausif},
    journal={AI},
    volume={5},
    number={3},
    pages={1482--1495},
    year={2024},
    publisher={MDPI}
  }

@inproceedings{ekambaram2023tsmixer,
    title={Tsmixer: Lightweight mlp-mixer model for multivariate time series forecasting},
    author={Ekambaram, Vijay and Jati, Arindam and Nguyen, Nam and Sinthong, Phanwadee and Kalagnanam, Jayant},
    booktitle={Proceedings of the 29th ACM SIGKDD Conference on Knowledge Discovery and Data Mining},
    pages={459--469},
    year={2023}
  }

@article{hu2021lora,
    title={Lora: Low-rank adaptation of large language models},
    author={Hu, Edward J and Shen, Yelong and Wallis, Phillip and Allen-Zhu, Zeyuan and Li, Yuanzhi and Wang, Shean and Wang, Lu and Chen, Weizhu},
    journal={arXiv preprint arXiv:2106.09685},
    year={2021}
  }

@article{jia2024witran,
    title={WITRAN: Water-wave information transmission and recurrent acceleration network for long-range time series forecasting},
    author={Jia, Yuxin and Lin, Youfang and Hao, Xinyan and Lin, Yan and Guo, Shengnan and Wan, Huaiyu},
    journal={Advances in Neural Information Processing Systems},
    volume={36},
    year={2024}
  }

@article{lai2023lightcts,
    title={Lightcts: A lightweight framework for correlated time series forecasting},
    author={Lai, Zhichen and Zhang, Dalin and Li, Huan and Jensen, Christian S and Lu, Hua and Zhao, Yan},
    journal={Proceedings of the ACM on Management of Data},
    volume={1},
    number={2},
    pages={1--26},
    year={2023},
    publisher={ACM New York, NY, USA}
  }

@article{lin2023segrnn,
    title={Segrnn: Segment recurrent neural network for long-term time series forecasting},
    author={Lin, Shengsheng and Lin, Weiwei and Wu, Wentai and Zhao, Feiyu and Mo, Ruichao and Zhang, Haotong},
    journal={arXiv preprint arXiv:2308.11200},
    year={2023}
  }

@article{lin2024sparsetsf,
    title={SparseTSF: Modeling Long-term Time Series Forecasting with 1k Parameters},
    author={Lin, Shengsheng and Lin, Weiwei and Wu, Wentai and Chen, Haojun and Yang, Junjie},
    journal={arXiv preprint arXiv:2405.00946},
    year={2024}
  }

@article{liu2023itransformer,
    title={itransformer: Inverted transformers are effective for time series forecasting},
    author={Liu, Yong and Hu, Tengge and Zhang, Haoran and Wu, Haixu and Wang, Shiyu and Ma, Lintao and Long, Mingsheng},
    journal={arXiv preprint arXiv:2310.06625},
    year={2023}
  }

@article{liu2024deep,
    title={Deep Time Series Forecasting Models: A Comprehensive Survey},
    author={Liu, Xinhe and Wang, Wenmin},
    journal={Mathematics},
    volume={12},
    number={10},
    pages={1504},
    year={2024},
    publisher={MDPI}
  }

@inproceedings{luo2024moderntcn,
    title={Moderntcn: A modern pure convolution structure for general time series analysis},
    author={Luo, Donghao and Wang, Xue},
    booktitle={The Twelfth International Conference on Learning Representations},
    year={2024}
  }

@article{nie2022time,
    title={A time series is worth 64 words: Long-term forecasting with transformers},
    author={Nie, Yuqi and Nguyen, Nam H and Sinthong, Phanwadee and Kalagnanam, Jayant},
    journal={arXiv preprint arXiv:2211.14730},
    year={2022}
  }

@inproceedings{nie2024channel,
    title={Channel-aware low-rank adaptation in time series forecasting},
    author={Nie, Tong and Mei, Yuewen and Qin, Guoyang and Sun, Jian and Ma, Wei},
    booktitle={Proceedings of the 33rd ACM International Conference on Information and Knowledge Management},
    pages={3959--3963},
    year={2024}
  }

@inproceedings{piao2024fredformer,
    title={Fredformer: Frequency debiased transformer for time series forecasting},
    author={Piao, Xihao and Chen, Zheng and Murayama, Taichi and Matsubara, Yasuko and Sakurai, Yasushi},
    booktitle={Proceedings of the 30th ACM SIGKDD Conference on Knowledge Discovery and Data Mining},
    pages={2400--2410},
    year={2024}
  }

@article{valipour2022dylora,
    title={Dylora: Parameter efficient tuning of pre-trained models using dynamic search-free low-rank adaptation},
    author={Valipour, Mojtaba and Rezagholizadeh, Mehdi and Kobyzev, Ivan and Ghodsi, Ali},
    journal={arXiv preprint arXiv:2210.07558},
    year={2022}
  }

@article{xu2023fits,
    title={FITS: Modeling time series with $10 k $ parameters},
    author={Xu, Zhijian and Zeng, Ailing and Xu, Qiang},
    journal={arXiv preprint arXiv:2307.03756},
    year={2023}
  }

@article{yi2024frequency,
    title={Frequency-domain MLPs are more effective learners in time series forecasting},
    author={Yi, Kun and Zhang, Qi and Fan, Wei and Wang, Shoujin and Wang, Pengyang and He, Hui and An, Ning and Lian, Defu and Cao, Longbing and Niu, Zhendong},
    journal={Advances in Neural Information Processing Systems},
    volume={36},
    year={2024}
  }

@inproceedings{zeng2023transformers,
    title={Are transformers effective for time series forecasting?},
    author={Zeng, Ailing and Chen, Muxi and Zhang, Lei and Xu, Qiang},
    booktitle={Proceedings of the AAAI conference on artificial intelligence},
    volume={37},
    number={9},
    pages={11121--11128},
    year={2023}
  }

@article{zhang2023adalora,
    title={AdaLoRA: Adaptive budget allocation for parameter-efficient fine-tuning},
    author={Zhang, Qingru and Chen, Minshuo and Bukharin, Alexander and Karampatziakis, Nikos and He, Pengcheng and Cheng, Yu and Chen, Weizhu and Zhao, Tuo},
    journal={arXiv preprint arXiv:2303.10512},
    year={2023}
  }

@inproceedings{zhang2024frnet,
    title={Frnet: Frequency-based rotation network for long-term time series forecasting},
    author={Zhang, Xinyu and Feng, Shanshan and Ma, Jianghong and Lin, Huiwei and Li, Xutao and Ye, Yunming and Li, Fan and Ong, Yew Soon},
    booktitle={Proceedings of the 30th ACM SIGKDD Conference on Knowledge Discovery and Data Mining},
    pages={3586--3597},
    year={2024}
  }

