  @inproceedings{langley00,
   author    = {P. Langley},
   title     = {Crafting Papers on Machine Learning},
   year      = {2000},
   pages     = {1207--1216},
   editor    = {Pat Langley},
   booktitle     = {Proceedings of the 17th International Conference
                on Machine Learning (ICML 2000)},
   address   = {Stanford, CA},
   publisher = {Morgan Kaufmann}
  }

  @article{nie2022time,
    title={A time series is worth 64 words: Long-term forecasting with transformers},
    author={Nie, Yuqi and Nguyen, Nam H and Sinthong, Phanwadee and Kalagnanam, Jayant},
    journal={arXiv preprint arXiv:2211.14730},
    year={2022}
  }

  @inproceedings{zeng2023transformers,
    title={Are transformers effective for time series forecasting?},
    author={Zeng, Ailing and Chen, Muxi and Zhang, Lei and Xu, Qiang},
    booktitle={Proceedings of the AAAI conference on artificial intelligence},
    volume={37},
    number={9},
    pages={11121--11128},
    year={2023}
  }

  @article{ahamed2024timemachine,
    title={Timemachine: A time series is worth 4 mambas for long-term forecasting},
    author={Ahamed, Md Atik and Cheng, Qiang},
    journal={arXiv preprint arXiv:2403.09898},
    year={2024}
  }

  @inproceedings{piao2024fredformer,
    title={Fredformer: Frequency debiased transformer for time series forecasting},
    author={Piao, Xihao and Chen, Zheng and Murayama, Taichi and Matsubara, Yasuko and Sakurai, Yasushi},
    booktitle={Proceedings of the 30th ACM SIGKDD Conference on Knowledge Discovery and Data Mining},
    pages={2400--2410},
    year={2024}
  }

  @inproceedings{zhou2021informer,
    title={Informer: Beyond efficient transformer for long sequence time-series forecasting},
    author={Zhou, Haoyi and Zhang, Shanghang and Peng, Jieqi and Zhang, Shuai and Li, Jianxin and Xiong, Hui and Zhang, Wancai},
    booktitle={Proceedings of the AAAI conference on artificial intelligence},
    volume={35},
    number={12},
    pages={11106--11115},
    year={2021}
  }

  @inproceedings{lai2018modeling,
    title={Modeling long-and short-term temporal patterns with deep neural networks},
    author={Lai, Guokun and Chang, Wei-Cheng and Yang, Yiming and Liu, Hanxiao},
    booktitle={The 41st international ACM SIGIR conference on research \& development in information retrieval},
    pages={95--104},
    year={2018}
  }

  @article{hochreiter1997long,
    title={Long Short-term Memory},
    author={Hochreiter, S},
    journal={Neural Computation MIT-Press},
    year={1997}
  }

  @article{liu2022arrhythmia,
    title={Arrhythmia classification of LSTM autoencoder based on time series anomaly detection},
    author={Liu, Pengfei and Sun, Xiaoming and Han, Yang and He, Zhishuai and Zhang, Weifeng and Wu, Chenxu},
    journal={Biomedical Signal Processing and Control},
    volume={71},
    pages={103228},
    year={2022},
    publisher={Elsevier}
  }

  @article{gardner1985exponential,
    title={Exponential smoothing: The state of the art},
    author={Gardner Jr, Everette S},
    journal={Journal of forecasting},
    volume={4},
    number={1},
    pages={1--28},
    year={1985},
    publisher={Wiley Online Library}
  }

  @article{cho2014learning,
    title={Learning phrase representations using RNN encoder-decoder for statistical machine translation},
    author={Cho, Kyunghyun},
    journal={arXiv preprint arXiv:1406.1078},
    year={2014}
  }

  @article{wu2021autoformer,
    title={Autoformer: Decomposition transformers with auto-correlation for long-term series forecasting},
    author={Wu, Haixu and Xu, Jiehui and Wang, Jianmin and Long, Mingsheng},
    journal={Advances in neural information processing systems},
    volume={34},
    pages={22419--22430},
    year={2021}
  }

  @inproceedings{zhou2022fedformer,
    title={Fedformer: Frequency enhanced decomposed transformer for long-term series forecasting},
    author={Zhou, Tian and Ma, Ziqing and Wen, Qingsong and Wang, Xue and Sun, Liang and Jin, Rong},
    booktitle={International conference on machine learning},
    pages={27268--27286},
    year={2022},
    organization={PMLR}
  }

  @article{lin2024sparsetsf,
    title={SparseTSF: Modeling Long-term Time Series Forecasting with 1k Parameters},
    author={Lin, Shengsheng and Lin, Weiwei and Wu, Wentai and Chen, Haojun and Yang, Junjie},
    journal={arXiv preprint arXiv:2405.00946},
    year={2024}
  }

  @inproceedings{ekambaram2023tsmixer,
    title={Tsmixer: Lightweight mlp-mixer model for multivariate time series forecasting},
    author={Ekambaram, Vijay and Jati, Arindam and Nguyen, Nam and Sinthong, Phanwadee and Kalagnanam, Jayant},
    booktitle={Proceedings of the 29th ACM SIGKDD Conference on Knowledge Discovery and Data Mining},
    pages={459--469},
    year={2023}
  }

  @article{xu2023fits,
    title={FITS: Modeling time series with $10 k $ parameters},
    author={Xu, Zhijian and Zeng, Ailing and Xu, Qiang},
    journal={arXiv preprint arXiv:2307.03756},
    year={2023}
  }

  @article{shen2024freqtsf,
    title={FreqTSF: Time Series Forecasting Via Simulating Frequency Kramer-Kronig Relations},
    author={Shen, Rujia and Liu, Liangliang and Wang, Boran and Guan, Yi and Yang, Yang and Jiang, Jingchi},
    journal={arXiv e-prints},
    pages={arXiv--2407},
    year={2024}
  }

  @article{li2024ftmixer,
    title={FTMixer: Frequency and Time Domain Representations Fusion for Time Series Modeling},
    author={Li, Zhengnan and Qin, Yunxiao and Cheng, Xilong and Tan, Yuting},
    journal={arXiv preprint arXiv:2405.15256},
    year={2024}
  }

  @article{kaushik2020ai,
    title={AI in healthcare: time-series forecasting using statistical, neural, and ensemble architectures},
    author={Kaushik, Shruti and Choudhury, Abhinav and Sheron, Pankaj Kumar and Dasgupta, Nataraj and Natarajan, Sayee and Pickett, Larry A and Dutt, Varun},
    journal={Frontiers in big data},
    volume={3},
    pages={4},
    year={2020},
    publisher={Frontiers Media SA}
  }

  @article{idrees2019prediction,
    title={A prediction approach for stock market volatility based on time series data},
    author={Idrees, Sheikh Mohammad and Alam, M Afshar and Agarwal, Parul},
    journal={IEEE Access},
    volume={7},
    pages={17287--17298},
    year={2019},
    publisher={IEEE}
  }

  @article{deb2017review,
    title={A review on time series forecasting techniques for building energy consumption},
    author={Deb, Chirag and Zhang, Fan and Yang, Junjing and Lee, Siew Eang and Shah, Kwok Wei},
    journal={Renewable and Sustainable Energy Reviews},
    volume={74},
    pages={902--924},
    year={2017},
    publisher={Elsevier}
  }

  @article{yaslan2017empirical,
    title={Empirical mode decomposition based denoising method with support vector regression for time series prediction: A case study for electricity load forecasting},
    author={Yaslan, Yusuf and Bican, Bahad{\i}r},
    journal={Measurement},
    volume={103},
    pages={52--61},
    year={2017},
    publisher={Elsevier}
  }

  @article{aigrain2023gaussian,
    title={Gaussian process regression for astronomical time series},
    author={Aigrain, Suzanne and Foreman-Mackey, Daniel},
    journal={Annual Review of Astronomy and Astrophysics},
    volume={61},
    number={1},
    pages={329--371},
    year={2023},
    publisher={Annual Reviews}
  }

  @article{li2023relationship,
    title={The relationship between energy consumption, CO2 emissions, economic growth, and health indicators},
    author={Li, Jing and Irfan, Muhammad and Samad, Sarminah and Ali, Basit and Zhang, Yao and Badulescu, Daniel and Badulescu, Alina},
    journal={International Journal of Environmental Research and Public Health},
    volume={20},
    number={3},
    pages={2325},
    year={2023},
    publisher={MDPI}
  }

  @article{malakouti2023utilizing,
    title={Utilizing time series data from 1961 to 2019 recorded around the world and machine learning to create a Global Temperature Change Prediction Model},
    author={Malakouti, Seyed Matin},
    journal={Case Studies in Chemical and Environmental Engineering},
    volume={7},
    pages={100312},
    year={2023},
    publisher={Elsevier}
  }

  @inproceedings{zhang2023crossformer,
    title={Crossformer: Transformer utilizing cross-dimension dependency for multivariate time series forecasting},
    author={Zhang, Yunhao and Yan, Junchi},
    booktitle={The eleventh international conference on learning representations},
    year={2023}
  }

  @article{das2023decoder,
    title={A decoder-only foundation model for time-series forecasting},
    author={Das, Abhimanyu and Kong, Weihao and Sen, Rajat and Zhou, Yichen},
    journal={arXiv preprint arXiv:2310.10688},
    year={2023}
  }

  @article{liu2023itransformer,
    title={itransformer: Inverted transformers are effective for time series forecasting},
    author={Liu, Yong and Hu, Tengge and Zhang, Haoran and Wu, Haixu and Wang, Shiyu and Ma, Lintao and Long, Mingsheng},
    journal={arXiv preprint arXiv:2310.06625},
    year={2023}
  }


  @article{fantozzi2024explainability,
    title={The Explainability of Transformers: Current Status and Directions},
    author={Fantozzi, Paolo and Naldi, Maurizio},
    journal={Computers},
    volume={13},
    number={4},
    pages={92},
    year={2024},
    publisher={MDPI}
  }

  @article{ziel2018probabilistic,
    title={Probabilistic mid-and long-term electricity price forecasting},
    author={Ziel, Florian and Steinert, Rick},
    journal={Renewable and Sustainable Energy Reviews},
    volume={94},
    pages={251--266},
    year={2018},
    publisher={Elsevier}
  }

  @article{yi2024frequency,
    title={Frequency-domain MLPs are more effective learners in time series forecasting},
    author={Yi, Kun and Zhang, Qi and Fan, Wei and Wang, Shoujin and Wang, Pengyang and He, Hui and An, Ning and Lian, Defu and Cao, Longbing and Niu, Zhendong},
    journal={Advances in Neural Information Processing Systems},
    volume={36},
    year={2024}
  }


  @inproceedings{zhang2024frnet,
    title={Frnet: Frequency-based rotation network for long-term time series forecasting},
    author={Zhang, Xinyu and Feng, Shanshan and Ma, Jianghong and Lin, Huiwei and Li, Xutao and Ye, Yunming and Li, Fan and Ong, Yew Soon},
    booktitle={Proceedings of the 30th ACM SIGKDD Conference on Knowledge Discovery and Data Mining},
    pages={3586--3597},
    year={2024}
  }

  @article{lai2023lightcts,
    title={Lightcts: A lightweight framework for correlated time series forecasting},
    author={Lai, Zhichen and Zhang, Dalin and Li, Huan and Jensen, Christian S and Lu, Hua and Zhao, Yan},
    journal={Proceedings of the ACM on Management of Data},
    volume={1},
    number={2},
    pages={1--26},
    year={2023},
    publisher={ACM New York, NY, USA}
  }

  @inproceedings{luo2024moderntcn,
    title={Moderntcn: A modern pure convolution structure for general time series analysis},
    author={Luo, Donghao and Wang, Xue},
    booktitle={The Twelfth International Conference on Learning Representations},
    year={2024}
  }

  @article{lin2023segrnn,
    title={Segrnn: Segment recurrent neural network for long-term time series forecasting},
    author={Lin, Shengsheng and Lin, Weiwei and Wu, Wentai and Zhao, Feiyu and Mo, Ruichao and Zhang, Haotong},
    journal={arXiv preprint arXiv:2308.11200},
    year={2023}
  }

  @article{jia2024witran,
    title={WITRAN: Water-wave information transmission and recurrent acceleration network for long-range time series forecasting},
    author={Jia, Yuxin and Lin, Youfang and Hao, Xinyan and Lin, Yan and Guo, Shengnan and Wan, Huaiyu},
    journal={Advances in Neural Information Processing Systems},
    volume={36},
    year={2024}
  }

  @article{alharthi2024xlstmtime,
    title={xlstmtime: Long-term time series forecasting with xlstm},
    author={Alharthi, Musleh and Mahmood, Ausif},
    journal={AI},
    volume={5},
    number={3},
    pages={1482--1495},
    year={2024},
    publisher={MDPI}
  }

  @inproceedings{nie2024channel,
    title={Channel-aware low-rank adaptation in time series forecasting},
    author={Nie, Tong and Mei, Yuewen and Qin, Guoyang and Sun, Jian and Ma, Wei},
    booktitle={Proceedings of the 33rd ACM International Conference on Information and Knowledge Management},
    pages={3959--3963},
    year={2024}
  }

  @article{hu2021lora,
    title={Lora: Low-rank adaptation of large language models},
    author={Hu, Edward J and Shen, Yelong and Wallis, Phillip and Allen-Zhu, Zeyuan and Li, Yuanzhi and Wang, Shean and Wang, Lu and Chen, Weizhu},
    journal={arXiv preprint arXiv:2106.09685},
    year={2021}
  }

  @article{valipour2022dylora,
    title={Dylora: Parameter efficient tuning of pre-trained models using dynamic search-free low-rank adaptation},
    author={Valipour, Mojtaba and Rezagholizadeh, Mehdi and Kobyzev, Ivan and Ghodsi, Ali},
    journal={arXiv preprint arXiv:2210.07558},
    year={2022}
  }

  @article{zhang2023adalora,
    title={AdaLoRA: Adaptive budget allocation for parameter-efficient fine-tuning},
    author={Zhang, Qingru and Chen, Minshuo and Bukharin, Alexander and Karampatziakis, Nikos and He, Pengcheng and Cheng, Yu and Chen, Weizhu and Zhao, Tuo},
    journal={arXiv preprint arXiv:2303.10512},
    year={2023}
  }

  @article{liu2024deep,
    title={Deep Time Series Forecasting Models: A Comprehensive Survey},
    author={Liu, Xinhe and Wang, Wenmin},
    journal={Mathematics},
    volume={12},
    number={10},
    pages={1504},
    year={2024},
    publisher={MDPI}
  }

  @article{imambi2021pytorch,
    title={PyTorch},
    author={Imambi, Sagar and Prakash, Kolla Bhanu and Kanagachidambaresan, GR},
    journal={Programming with TensorFlow: solution for edge computing applications},
    pages={87--104},
    year={2021},
    publisher={Springer}
  }

  @article{soon1998noisy,
    title={Noisy speech enhancement using discrete cosine transform},
    author={Soon, Yann and Koh, Soo Ngee and Yeo, Chai Kiat},
    journal={Speech communication},
    volume={24},
    number={3},
    pages={249--257},
    year={1998},
    publisher={Elsevier}
  }

  @article{baharanchi2022noise,
    title={Noise reduction of lung sounds based on singular spectrum analysis combined with discrete cosine transform},
    author={Baharanchi, Shahrzad Abbasi and Vali, Mansour and Modaresi, Mohammadreza},
    journal={Applied Acoustics},
    volume={199},
    pages={109005},
    year={2022},
    publisher={Elsevier}
  }

@article{cornell2024probabilistic,
  title={A probabilistic forecast methodology for volatile electricity prices in the Australian National Electricity Market},
  author={Cornell, Cameron and Dinh, Nam Trong and Pourmousavi, S Ali},
  journal={International Journal of Forecasting},
  year={2024},
  publisher={Elsevier}
}

@article{gandhmal2019systematic,
  title={Systematic analysis and review of stock market prediction techniques},
  author={Gandhmal, Dattatray P and Kumar, Kannan},
  journal={Computer Science Review},
  volume={34},
  pages={100190},
  year={2019},
  publisher={Elsevier}
}

@book{rao2014discrete,
  title={Discrete cosine transform: algorithms, advantages, applications},
  author={Rao, K Ramamohan and Yip, Ping},
  year={2014},
  publisher={Academic press}
}

@inproceedings{lee2019snip,
  title={SNIP: single-shot network pruning based on connection sensitivity},
  author={Lee, N and Ajanthan, T and Torr, P},
  booktitle={International Conference on Learning Representations},
  year={2019},
  organization={Open Review}
}

@inproceedings{frankle2018lottery,
  title={The Lottery Ticket Hypothesis: Finding Sparse, Trainable Neural Networks},
  author={Frankle, Jonathan and Carbin, Michael},
  booktitle={International Conference on Learning Representations},
  year={2018}
}

@article{schotthofer2022low,
  title={Low-rank lottery tickets: finding efficient low-rank neural networks via matrix differential equations},
  author={Schotth{\"o}fer, Steffen and Zangrando, Emanuele and Kusch, Jonas and Ceruti, Gianluca and Tudisco, Francesco},
  journal={Advances in Neural Information Processing Systems},
  volume={35},
  pages={20051--20063},
  year={2022}
}

@misc{daubechies1993ten,
  title={Ten lectures on wavelets},
  author={Daubechies, Ingrid and Bates, Bruce J},
  year={1993},
  publisher={Acoustical Society of America}
}

@article{ahmed1974discrete,
  title={Discrete cosine transform},
  author={Ahmed, Nasir and Natarajan, T\_ and Rao, Kamisetty R},
  journal={IEEE transactions on Computers},
  volume={100},
  number={1},
  pages={90--93},
  year={1974},
  publisher={IEEE}
}

@book{sundararajan2001discrete,
  title={The discrete Fourier transform: theory, algorithms and applications},
  author={Sundararajan, Duraisamy},
  year={2001},
  publisher={World Scientific}
}

@ARTICLE{2020SciPy-NMeth,
  author  = {Virtanen, Pauli and Gommers, Ralf and Oliphant, Travis E. and
            Haberland, Matt and Reddy, Tyler and Cournapeau, David and
            Burovski, Evgeni and Peterson, Pearu and Weckesser, Warren and
            Bright, Jonathan and {van der Walt}, St{\'e}fan J. and
            Brett, Matthew and Wilson, Joshua and Millman, K. Jarrod and
            Mayorov, Nikolay and Nelson, Andrew R. J. and Jones, Eric and
            Kern, Robert and Larson, Eric and Carey, C J and
            Polat, {\.I}lhan and Feng, Yu and Moore, Eric W. and
            {VanderPlas}, Jake and Laxalde, Denis and Perktold, Josef and
            Cimrman, Robert and Henriksen, Ian and Quintero, E. A. and
            Harris, Charles R. and Archibald, Anne M. and
            Ribeiro, Ant{\^o}nio H. and Pedregosa, Fabian and
            {van Mulbregt}, Paul and {SciPy 1.0 Contributors}},
  title   = {{{SciPy} 1.0: Fundamental Algorithms for Scientific
            Computing in Python}},
  journal = {Nature Methods},
  year    = {2020},
  volume  = {17},
  pages   = {261--272},
  adsurl  = {https://rdcu.be/b08Wh},
  doi     = {10.1038/s41592-019-0686-2},
}
