@INPROCEEDINGS{10329604,
  author={Ezzeddine, Fatima and Ayoub, Omran and Andreoletti, Davide and Tornatore, Massimo and Giordano, Silvia},
  booktitle={2023 IEEE Conference on NFV-SDN}, 
  title={Vertical Split Learning-Based Identification and Explainable Deep Learning-Based Localization of Failures in Multi-Domain NFV Systems}, 
  year={2023},
  volume={},
  number={},
  pages={46-52},
  keywords={Location awareness;Training;Deep learning;Neural networks;Distributed databases;Data models;Numerical models;Network function virtualization;failure management;multi-domain networks},
  doi={10.1109/NFV-SDN59219.2023.10329604}}

@ARTICLE{9266116,
  author={Musumeci, Francesco and Magni, Luca and Ayoub, Omran and et al.},
  journal={IEEE Trans. Netw. Serv. Manag.}, 
  title={Supervised and Semi-Supervised Learning for Failure Identification in Microwave Networks}, 
  year={2021},
  volume={18},
  number={2},
  pages={1934-1945},
  doi={10.1109/TNSM.2020.3039938}
}

@INPROCEEDINGS{9758095,
  author={Ayoub, Omran and Musumeci, Francesco and Ezzeddine, Fatima and Passera, Claudio and Tornatore, Massimo},
  booktitle={2022 ICIN Conference},

  title={On Using Explainable Artificial Intelligence for Failure Identification in Microwave Networks}, 
  year={2022},
  volume={},
  number={},
  pages={48-55},
  keywords={Microwave integrated circuits;Technological innovation;Microwave technology;Cloud computing;Additives;Cognition;Classification algorithms},
  doi={10.1109/ICIN53892.2022.9758095}}

%misc{vepakomma2018split,
      title={Split learning for health: Distributed deep learning without sharing raw patient data}, 
      author={Praneeth Vepakomma and Otkrist Gupta and Tristan Swedish and Ramesh Raskar},
      year={2018},
      eprint={1812.00564},
      archivePrefix={arXiv},
      primaryClass={cs.LG}
}

@INPROCEEDINGS{9927592,
  author={Tandel, Tara and Ayoub, Omran and Musumeci, Francesco and Passera, Claudio and Tornatore, Massimo},
  booktitle={2022 12th RNDM}, 
  title={Federated-Learning-Assisted Failure-Cause Identification in Microwave Networks}, 
  year={2022},
  volume={},
  number={},
  pages={1-7},
  keywords={Training;Privacy;Terminology;Transfer learning;Microwave communication;Data models;Hardware;Microwave networks;failure identification;rootcause analysis;machine learning;federated learning;data privacy},
  doi={10.1109/RNDM55901.2022.9927592}}

@article{ASAP,
author = {Cicco, Nicola and Ibrahimi, Memedhe and Ayoub, Omran and Bruschetta, Federica and Milano, Michele and Passera, Claudio and Musumeci, Francesco},
year = {2024},
month = {10},
pages = {1-1},
title = {ASAP Hardware Failure-Cause Identification in Microwave Networks Using Venn-Abers Predictors},
volume = {PP},
journal = {IEEE TNSM},
doi = {10.1109/TNSM.2024.3430052}
}

@article{AYOUB2022109466,
   title = {Explainable Artificial Intelligence in communication networks: A use case for failure identification in microwave networks},
   journal = {Computer Networks},
   volume = {219},
   pages = {109466},
   year = {2022},
   issn = {1389-1286},
   doi = {https://doi.org/10.1016/j.comnet.2022.109466},
   url = {},
   author = {Omran Ayoub and et al.},
   keywords = {Explainable artificial intelligence, Machine learning, Automated network management},
}

@techreport{Ericsson2023Microwave,
  author = {Ericsson},
  title = {Microwave Outlook Report 2023},
  institution = {Ericsson},
  year = {2023},
  type = {Technical Report},
  url = {https://www.ericsson.com/en/reports-and-papers/microwave-outlook},
  note = {Accessed: 2024-11-01}
}

@ARTICLE{FTL_Ref2,
  author={Zhang, Han and Zhou, Hao and Elsayed, Medhat and Bavand, Majid and Gaigalas, Raimundas and Ozcan, Yigit and Erol-Kantarci, Melike},
  journal={IEEE TCCN}, 
  title={On-Device Intelligence for 5G RAN: Knowledge Transfer and Federated Learning Enabled UE-Centric Traffic Steering}, 
  year={2024},
  volume={10},
  number={2},
  pages={689-705},
  keywords={Computational modeling;Federated learning;Delays;Computer architecture;Training;Microprocessors;5G mobile communication;Traffic steering;federated learning;on-device intelligence;transfer learning;model compression},
  doi={10.1109/TCCN.2023.3340033}}

@article{PAN2020106969,
title = {Proactive microwave link anomaly detection in cellular data networks},
journal = {Computer Networks},
volume = {167},
pages = {106969},
year = {2020},
issn = {1389-1286},
doi = {https://doi.org/10.1016/j.comnet.2019.106969},
url = {https://www.sciencedirect.com/science/article/pii/S1389128619307662},
author = {Lujia Pan and Jianfeng Zhang and Patrick P.C. Lee and Marcus Kalander and Junjian Ye and Pinghui Wang},
keywords = {Anomaly detection, Network embedding, Active learning},
}

@misc{TIP_Wireless_Backhaul,
  author       = {{Telecom Infra Project}},
  title        = {Wireless Backhaul},
  year         = 2024,
  url          = {https://telecominfraproject.com/wirelessbackhaul/},
  note         = {Accessed: 2024-11-01}
}

@manual{TelecomInfraProject2019,
  author    = {{Telecom Infra Project}},
  title     = {Disaggregated Cell Site Gateway: Technical Specification},
  year      = {2019},
  month     = sep,
  version   = {1.1},
  url       = {https://telecominfraproject.com/oopt/},
  note      = {Accessed: 2024-11-02},
  organization = {Telecom Infra Project}
}

@ARTICLE{datacentric,
  author={Di Cicco, Nicola and Ibrahimi, Memedhe and Musumeci, Francesco and Bruschetta, Federica and Milano, Michele and Passera, Claudio and Tornatore, Massimo},
  journal={IEEE TNSM}, 
  title={Machine Learning for Failure Management in Microwave Networks: A Data-Centric Approach}, 
  year={2024},
  volume={21},
  number={5},
  pages={5420-5431},
  keywords={Training;Hardware;Failure analysis;Data models;Synthetic data;Labeling;Costs;Microwave networks;machine learning;failure management},
  doi={10.1109/TNSM.2024.3406934}}

