@misc{3gpp5gv2x,
  author = {{3GPP. TS 23.287 }},
  title = {{Architecture enhancements for 5G System (5GS)
to support Vehicle-to-Everything (V2X) services}},
  howpublished ="",
  year = {2021}
}

@article{byun2024secure,
  title={Secure Aggregation for Privacy-preserving Federated Learning in Vehicular Networks},
  author={Byun, SangHyun and Sarker, Arijet and Chang, Sang-Yoon and Kalita, Jugal},
  journal={Journal on Autonomous Transportation Systems},
  year={2024},
  publisher={ACM New York, NY}
}

@inproceedings{bonawitz2017practical,
  title={Practical secure aggregation for privacy-preserving machine learning},
  author={Bonawitz, Keith and Ivanov, Vladimir and Kreuter, Ben and Marcedone, Antonio and McMahan, H Brendan and Patel, Sarvar and Ramage, Daniel and Segal, Aaron and Seth, Karn},
  booktitle={Proceedings of the 2017 ACM SIGSAC Conference on Computer and Communications Security},
  pages={1175--1191},
  year={2017}
}

@incollection{brecht2019security,
  title={A security credential management system for V2X communications},
  author={Brecht, Benedikt and Hehn, Thorsten},
  booktitle={Connected Vehicles},
  pages={83--115},
  year={2019},
  publisher={Springer}
}

@inproceedings{whyte2013security,
  title={A security credential management system for V2V communications},
  author={Whyte, William and Weimerskirch, Andr{\'e} and Kumar, Virendra and Hehn, Thorsten},
  booktitle={2013 IEEE Vehicular Networking Conference},
  pages={1--8},
  year={2013},
  organization={IEEE}
}

@inproceedings{brorsson2018guarding,
  title={Guarding the guards: Accountable authorities in vanets},
  author={Brorsson, Joakim and Wagner, Paul Stankovski and Hell, Martin},
  booktitle={2018 IEEE Vehicular Networking Conference (VNC)},
  pages={1--4},
  year={2018},
  organization={IEEE}
}

@inproceedings{chen2017protecting,
  title={Protecting vehicular networks privacy in the presence of a single adversarial authority},
  author={Chen, Chang-Wu and Chang, Sang-Yoon and Hu, Yih-Chun and Chen, Yen-Wen},
  booktitle={2017 IEEE Conference on Communications and Network Security (CNS)},
  pages={1--9},
  year={2017},
  organization={IEEE}
}

@article{pokhrel2020improving,
  title={Improving TCP Performance over WiFi for Internet of Vehicles: A Federated Learning Approach},
  author={Pokhrel, Shiva Raj and Choi, Jinho},
  journal={IEEE Transactions on Vehicular Technology},
  year={2020},
  publisher={IEEE}
}

@article{buterin2014next,
  title={A next-generation smart contract and decentralized application platform},
  author={Buterin, Vitalik and others},
  journal={white paper},
  volume={3},
  number={37},
  year={2014}
}

@inproceedings{matsumoto2017ikp,
  title={IKP: Turning a PKI around with decentralized automated incentives},
  author={Matsumoto, Stephanos and Reischuk, Raphael M},
  booktitle={2017 IEEE Symposium on Security and Privacy (SP)},
  pages={410--426},
  year={2017},
  organization={IEEE}
}

@inproceedings{furtado2018threat,
  title={Threat analysis of the security credential management system for vehicular communications},
  author={Furtado, Matthew D and Mushrall, Robert D and Liu, Hong},
  booktitle={2018 IEEE International Symposium on Technologies for Homeland Security (HST)},
  pages={1--5},
  year={2018},
  organization={IEEE}
}

@inproceedings{castro1999practical,
  title={Practical Byzantine fault tolerance},
  author={Castro, Miguel and Liskov, Barbara and others},
  booktitle={OSDI},
  volume={99},
  number={1999},
  pages={173--186},
  year={1999}
}

@inproceedings{androulaki2018hyperledger,
  title={Hyperledger fabric: a distributed operating system for permissioned blockchains},
  author={Androulaki, Elli and Barger, Artem and Bortnikov, Vita and Cachin, Christian and Christidis, Konstantinos and De Caro, Angelo and Enyeart, David and Ferris, Christopher and Laventman, Gennady and Manevich, Yacov and others},
  booktitle={Proceedings of the thirteenth EuroSys conference},
  pages={1--15},
  year={2018}
}

@inproceedings{cachin2016architecture,
  title={Architecture of the hyperledger blockchain fabric},
  author={Cachin, Christian and others},
  booktitle={Workshop on distributed cryptocurrencies and consensus ledgers},
  volume={310},
  number={4},
  year={2016}
}

@article{qayyum2020securing,
  title={Securing connected \& autonomous vehicles: Challenges posed by adversarial machine learning and the way forward},
  author={Qayyum, Adnan and Usama, Muhammad and Qadir, Junaid and Al-Fuqaha, Ala},
  journal={IEEE Communications Surveys \& Tutorials},
  volume={22},
  number={2},
  pages={998--1026},
  year={2020},
  publisher={IEEE}
}

@inproceedings{han2019exploiting,
  title={Exploiting Beneficial Information Sharing Among Autonomous Vehicles},
  author={Han, Songyang and Fu, Jie and Miao, Fei},
  booktitle={2019 IEEE 58th Conference on Decision and Control (CDC)},
  pages={2226--2232},
  year={2019},
  organization={IEEE}
}


@article{szabo1996smart,
  title={Smart contracts: building blocks for digital markets},
  author={Szabo, Nick},
  journal={EXTROPY: The Journal of Transhumanist Thought,(16)},
  volume={18},
  number={2},
  year={1996}
}

@article{nakamoto2008bitcoin,
  title={Bitcoin: A peer-to-peer electronic cash system},
  author={Nakamoto, Satoshi and others},
  year={2008},
  publisher={Working Paper}
}


@inproceedings{yakubov2018blockchain,
  title={A blockchain-based pki management framework},
  author={Yakubov, Alexander and Shbair, Wazen and Wallbom, Anders and Sanda, David and others},
  booktitle={The First IEEE/IFIP International Workshop on Managing and Managed by Blockchain (Man2Block) colocated with IEEE/IFIP NOMS 2018, Tapei, Tawain 23-27 April 2018},
  year={2018}
}

@inproceedings{al2017scpki,
  title={SCPKI: a smart contract-based PKI and identity system},
  author={Al-Bassam, Mustafa},
  booktitle={Proceedings of the ACM Workshop on Blockchain, Cryptocurrencies and Contracts},
  pages={35--40},
  year={2017},
  organization={ACM}
}

@inproceedings{wang2018blockchain,
  title={Blockchain-based certificate transparency and revocation transparency},
  author={Wang, Ze and Lin, Jingqiang and Cai, Quanwei and Wang, Qiongxiao and Jing, Jiwu and Zha, Daren},
  booktitle={International Conference on Financial Cryptography and Data Security},
  pages={144--162},
  year={2018},
  organization={Springer}
}

@misc{electorbasedrootmanagement,
  author = {{Virendra Kumar and Benedikt Brecht}},
  title = {{Elector-based Root Management}},
  howpublished ="\url{https://wiki.campllc.org/display/SCP/Elector-based+Root+Management}",
  year = {2018}, 
  note = "[Online; accessed 16-June-2020]"
}

@misc{electornumber,
  author = {{Benedikt Brecht}},
  title = {{Impact on EE Storage}},
  howpublished ="\url{https://wiki.campllc.org/display/SCP/Impact+on+EE+Storage}",
  year = {2018}, 
  note = "[Online; accessed 16-June-2020]"
}



@misc{certvalidity,
  author = {{Benedikt Brecht}},
  title = {{SCMS Proof–of–Concept Implementation}},
  howpublished ="\url{https://www.its.dot.gov/pilots/pdf/SCMS_POC_EE_Requirements20160111_1655.pdf}",
  year = {2020}, 
  note = "[Online; accessed 16-June-2020]"
}


@inproceedings{ali2016blockstack,
  title={Blockstack: A global naming and storage system secured by blockchains},
  author={Ali, Muneeb and Nelson, Jude and Shea, Ryan and Freedman, Michael J},
  booktitle={2016 $\{$USENIX$\}$ Annual Technical Conference ($\{$USENIX$\}$$\{$ATC$\}$ 16)},
  pages={181--194},
  year={2016}
} 


@article{bouacida2021vulnerabilities,
  title={Vulnerabilities in federated learning},
  author={Bouacida, Nader and Mohapatra, Prasant},
  journal={IEEE Access},
  volume={9},
  pages={63229--63249},
  year={2021},
  publisher={IEEE}
}

@misc{SCMSPoCSupportedV2XApplications,
  author = {{Virendra Kumar and Benedikt Brecht}},
  title = {{SCMS PoC Supported V2X Applications}},
  howpublished ="\url{https://wiki.campllc.org/display/SCP/SCMS+PoC+Supported+V2X+Applications}",
  year = {2018}, 
  note = "[Online; accessed 24-February-2022]"
}

@article{mir2014lte,
  title={LTE and IEEE 802.11 p for vehicular networking: a performance evaluation},
  author={Mir, Zeeshan Hameed and Filali, Fethi},
  journal={EURASIP Journal on Wireless Communications and Networking},
  volume={2014},
  number={1},
  pages={1--15},
  year={2014},
  publisher={SpringerOpen}
}

@article{tahir2022connected,
  title={Connected Vehicles: V2V and V2I Road Weather and Traffic Communication Using Cellular Technologies},
  author={Tahir, Muhammad Naeem and Levi{\"a}kangas, Pekka and Katz, Marcos},
  journal={Sensors},
  volume={22},
  number={3},
  pages={1142},
  year={2022},
  publisher={Multidisciplinary Digital Publishing Institute}
}

@article{shimaoka2008memorandum,
  title={Memorandum for multi-domain Public Key infrastructure interoperability},
  author={Shimaoka, M and Hastings, N and Nielsen, R},
  journal={RFC 5217},
  year={2008}
}



@inproceedings{fereidooni2021safelearn,
  title={SAFELearn: Secure aggregation for private FEderated learning},
  author={Fereidooni, Hossein and Marchal, Samuel and Miettinen, Markus and Mirhoseini, Azalia and M{\"o}llering, Helen and Nguyen, Thien Duc and Rieger, Phillip and Sadeghi, Ahmad-Reza and Schneider, Thomas and Yalame, Hossein and others},
  booktitle={2021 IEEE Security and Privacy Workshops (SPW)},
  pages={56--62},
  year={2021},
  organization={IEEE}
}

@inproceedings{vaidya2015multi,
  title={Multi-domain Public key infrastructure for Vehicle-to-Grid network},
  author={Vaidya, Binod and Makrakis, Dimitrios and Mouftah, Hussein T},
  booktitle={MILCOM 2015-2015 IEEE Military Communications Conference},
  pages={1572--1577},
  year={2015},
  organization={IEEE}
}

@article{al2020survey,
  title={Survey of authentication and privacy schemes in vehicular ad hoc networks},
  author={Al-Shareeda, Mahmood A and Anbar, Mohammed and Hasbullah, Iznan Husainy and Manickam, Selvakumar},
  journal={IEEE Sensors Journal},
  volume={21},
  number={2},
  pages={2422--2433},
  year={2020},
  publisher={IEEE}
}

@article{azam2021comprehensive,
  title={A comprehensive review of authentication schemes in vehicular ad-hoc network},
  author={Azam, Farooque and Yadav, Sunil Kumar and Priyadarshi, Neeraj and Padmanaban, Sanjeevikumar and Bansal, RC},
  journal={IEEE access},
  volume={9},
  pages={31309--31321},
  year={2021},
  publisher={IEEE}
}

@article{kaffash2021big,
  title={Big data algorithms and applications in intelligent transportation system: A review and bibliometric analysis},
  author={Kaffash, Sepideh and Nguyen, An Truong and Zhu, Joe},
  journal={International Journal of Production Economics},
  volume={231},
  pages={107868},
  year={2021},
  publisher={Elsevier}
}

@inproceedings{truex2019hybrid,
  title={A hybrid approach to privacy-preserving federated learning},
  author={Truex, Stacey and Baracaldo, Nathalie and Anwar, Ali and Steinke, Thomas and Ludwig, Heiko and Zhang, Rui and Zhou, Yi},
  booktitle={Proceedings of the 12th ACM workshop on artificial intelligence and security},
  pages={1--11},
  year={2019}
}

@online{noauthor_practical_nodate,
	title = {Practical Secure Aggregation for Privacy-Preserving Machine Learning {\textbar} Proceedings of the 2017 {ACM} {SIGSAC} Conference on Computer and Communications Security},
	url = {https://dl-acm-org.libproxy.uccs.edu/doi/10.1145/3133956.3133982},
	urldate = {2022-02-26},
	file = {Practical Secure Aggregation for Privacy-Preserving Machine Learning | Proceedings of the 2017 ACM SIGSAC Conference on Computer and Communications Security:C\:\\Users\\Ken L\\Zotero\\storage\\S4UDSSDU\\3133956.html:text/html},
}

@incollection{gautam2021analysis,
  title={Analysis and application of vehicular ad hoc network as intelligent transportation system},
  author={Gautam, Vinay},
  booktitle={Mobile Radio Communications and 5G Networks},
  pages={1--17},
  year={2021},
  publisher={Springer}
}
@article{oche2020vanets,
  title={VANETs QoS-based routing protocols based on multi-constrained ability to support ITS infotainment services},
  author={Oche, Michael and Tambuwal, Abubakar Bello and Chemebe, Christopher and Noor, Rafidah Md and Distefano, Salvatore},
  journal={Wireless Networks},
  volume={26},
  number={3},
  pages={1685--1715},
  year={2020},
  publisher={Springer}
}

@article{posner2021federated,
  title={Federated learning in vehicular networks: opportunities and solutions},
  author={Posner, Jason and Tseng, Lewis and Aloqaily, Moayad and Jararweh, Yaser},
  journal={IEEE Network},
  volume={35},
  number={2},
  pages={152--159},
  year={2021},
  publisher={IEEE}
}

@misc{udpvstcp,
  author = {{Josh}},
  title = {{UDP vs TCP}},
  howpublished ="\url{https://digilent.com/blog/udp-vs-tcp/ }",
  year = {2021}, 
  note = "[Online; accessed 20-February-2022]"
}

@misc{GCCFBenedikt,
  author = {{Benedikt Brecht}},
  title = {{SCMS CV Pilots Documentation: Step 18.4: Generate Global and Local Certificate Chain File}},
  howpublished ="\url{https://www.its.dot.gov/research_areas/cybersecurity/scms/41353502.html#:~:text=The%20intended%20use%20of%20the,for%20collaborative%20distribution%20of%20certificates.}",
  year = {2017}, 
  note = "[Online; accessed 16-October-2023]"
}

@misc{TimelineBenedikt,
  author = {{Benedikt Brecht}},
  title = {{SCMS CV Pilots Documentation : PoC Certificate Expiration Timelines}},
  howpublished ="\url{https://www.its.dot.gov/research_areas/cybersecurity/scms/PoC-Certificate-Expiration-Timelines_41353554.html}",
  year = {2017}, 
  note = "[Online; accessed 16-October-2023]"
}
https://www.its.dot.gov/research_areas/cybersecurity/scms/PoC-Certificate-Expiration-Timelines_41353554.html

@article{brecht2018security,
  title={A security credential management system for V2X communications},
  author={Brecht, Benedikt and Therriault, Dean and Weimerskirch, Andr{\'e} and Whyte, William and Kumar, Virendra and Hehn, Thorsten and Goudy, Roy},
  journal={IEEE Transactions on Intelligent Transportation Systems},
  volume={19},
  number={12},
  pages={3850--3871},
  year={2018},
  publisher={IEEE}
}

@article{pokhrel2020improving,
  title={Improving TCP Performance over WiFi for Internet of Vehicles: A Federated Learning Approach},
  author={Pokhrel, Shiva Raj and Choi, Jinho},
  journal={IEEE Transactions on Vehicular Technology},
  year={2020},
  publisher={IEEE}
}

@article{buterin2014next,
  title={A next-generation smart contract and decentralized application platform},
  author={Buterin, Vitalik and others},
  journal={white paper},
  volume={3},
  number={37},
  year={2014}
}

@inproceedings{matsumoto2017ikp,
  title={IKP: Turning a PKI around with decentralized automated incentives},
  author={Matsumoto, Stephanos and Reischuk, Raphael M},
  booktitle={2017 IEEE Symposium on Security and Privacy (SP)},
  pages={410--426},
  year={2017},
  organization={IEEE}
}


@inproceedings{castro1999practical,
  title={Practical Byzantine fault tolerance},
  author={Castro, Miguel and Liskov, Barbara and others},
  booktitle={OSDI},
  volume={99},
  number={1999},
  pages={173--186},
  year={1999}
}

@inproceedings{androulaki2018hyperledger,
  title={Hyperledger fabric: a distributed operating system for permissioned blockchains},
  author={Androulaki, Elli and Barger, Artem and Bortnikov, Vita and Cachin, Christian and Christidis, Konstantinos and De Caro, Angelo and Enyeart, David and Ferris, Christopher and Laventman, Gennady and Manevich, Yacov and others},
  booktitle={Proceedings of the thirteenth EuroSys conference},
  pages={1--15},
  year={2018}
}

@inproceedings{cachin2016architecture,
  title={Architecture of the hyperledger blockchain fabric},
  author={Cachin, Christian and others},
  booktitle={Workshop on distributed cryptocurrencies and consensus ledgers},
  volume={310},
  number={4},
  year={2016}
}

@inproceedings{han2019exploiting,
  title={Exploiting Beneficial Information Sharing Among Autonomous Vehicles},
  author={Han, Songyang and Fu, Jie and Miao, Fei},
  booktitle={2019 IEEE 58th Conference on Decision and Control (CDC)},
  pages={2226--2232},
  year={2019},
  organization={IEEE}
}

@article{szabo1996smart,
  title={Smart contracts: building blocks for digital markets},
  author={Szabo, Nick},
  journal={EXTROPY: The Journal of Transhumanist Thought,(16)},
  volume={18},
  number={2},
  year={1996}
}

@inproceedings{yakubov2018blockchain,
  title={A blockchain-based pki management framework},
  author={Yakubov, Alexander and Shbair, Wazen and Wallbom, Anders and Sanda, David and others},
  booktitle={The First IEEE/IFIP International Workshop on Managing and Managed by Blockchain (Man2Block) colocated with IEEE/IFIP NOMS 2018, Tapei, Tawain 23-27 April 2018},
  year={2018}
}

@inproceedings{al2017scpki,
  title={SCPKI: a smart contract-based PKI and identity system},
  author={Al-Bassam, Mustafa},
  booktitle={Proceedings of the ACM Workshop on Blockchain, Cryptocurrencies and Contracts},
  pages={35--40},
  year={2017},
  organization={ACM}
}

@inproceedings{wang2018blockchain,
  title={Blockchain-based certificate transparency and revocation transparency},
  author={Wang, Ze and Lin, Jingqiang and Cai, Quanwei and Wang, Qiongxiao and Jing, Jiwu and Zha, Daren},
  booktitle={International Conference on Financial Cryptography and Data Security},
  pages={144--162},
  year={2018},
  organization={Springer}
}

@misc{electorbasedrootmanagement,
  author = {{Virendra Kumar and Benedikt Brecht}},
  title = {{Elector-based Root Management}},
  howpublished ="\url{https://wiki.campllc.org/display/SCP/Elector-based+Root+Management}",
  year = {2018}, 
  note = "[Online; accessed 16-June-2020]"
}

@misc{electornumber,
  author = {{Benedikt Brecht}},
  title = {{Impact on EE Storage}},
  howpublished ="\url{https://wiki.campllc.org/display/SCP/Impact+on+EE+Storage}",
  year = {2018}, 
  note = "[Online; accessed 16-June-2020]"
}



@misc{certvalidity,
  author = {{Benedikt Brecht}},
  title = {{SCMS Proof–of–Concept Implementation}},
  howpublished ="\url{https://www.its.dot.gov/pilots/pdf/SCMS_POC_EE_Requirements20160111_1655.pdf}",
  year = {2020}, 
  note = "[Online; accessed 16-June-2020]"
}


@inproceedings{ali2016blockstack,
  title={Blockstack: A global naming and storage system secured by blockchains},
  author={Ali, Muneeb and Nelson, Jude and Shea, Ryan and Freedman, Michael J},
  booktitle={2016 $\{$USENIX$\}$ Annual Technical Conference ($\{$USENIX$\}$$\{$ATC$\}$ 16)},
  pages={181--194},
  year={2016}
} 

@inproceedings{plessing2020revisiting,
  title={Revisiting Privacy-aware Blockchain Public Key Infrastructure.},
  author={Plessing, Paul and Omolola, Olamide},
  booktitle={ICISSP},
  pages={415--423},
  year={2020}
}

@inproceedings{axon2016pb,
  title={PB-PKI: A privacy-aware blockchain-based PKI},
  author={Axon, Louise and Goldsmith, Michael},
  booktitle={14th International Conference on Security and Cryptography (SECRYPT 2017)},
  volume={6},
  year={2016},
  organization={SciTePress}
}

@article{sermpinis2021detract,
  title={DeTRACT: a decentralized, transparent, immutable and open PKI certificate framework},
  author={Sermpinis, Thomas and Vlahavas, George and Karasavvas, Konstantinos and Vakali, Athena},
  journal={International Journal of Information Security},
  volume={20},
  pages={553--570},
  year={2021},
  publisher={Springer}
}

@inproceedings{toorani2021decentralized,
  title={A decentralized dynamic PKI based on blockchain},
  author={Toorani, Mohsen and Gehrmann, Christian},
  booktitle={Proceedings Of the 36th Annual ACM Symposium On Applied Computing},
  pages={1646--1655},
  year={2021}
}

@article{adja2021blockchain,
  title={A blockchain-based certificate revocation management and status verification system},
  author={Adja, Yves Christian Elloh and Hammi, Badis and Serhrouchni, Ahmed and Zeadally, Sherali},
  journal={Computers \& Security},
  volume={104},
  pages={102209},
  year={2021},
  publisher={Elsevier}
}

@inproceedings{sarker2021blockchain,
  title={Blockchain-based root of trust management in security credential management system for vehicular communications},
  author={Sarker, Arijet and Byun, SangHyun and Fan, Wenjun and Chang, Sang-Yoon},
  booktitle={Proceedings of the 36th Annual ACM Symposium on Applied Computing},
  pages={223--231},
  year={2021}
}

@inproceedings{byunx2023privacy,
  title={Privacy-Preserving Trust Management For Vehicular Communications and Federated Learning},
  author={Byunx, SangHyun and Sarker, Arijet and Lew, Ken and Kalita, Jugal and Chang, Sang-Yoon},
  booktitle={2023 Silicon Valley Cybersecurity Conference (SVCC)},
  pages={1--8},
  year={2023},
  organization={IEEE}
}
@article{khan2020accountable,
  title={Accountable credential management system for vehicular communication},
  author={Khan, Salabat and Zhu, Liehuang and Yu, Xiaoyan and Zhang, Zijian and Rahim, Mussadiq Abdul and Khan, Maqbool and Du, Xiaojiang and Guizani, Mohsen},
  journal={Vehicular Communications},
  volume={25},
  pages={100279},
  year={2020},
  publisher={Elsevier}
}

@article{lei2020blockchain,
  title={A blockchain based certificate revocation scheme for vehicular communication systems},
  author={Lei, Ao and Cao, Yue and Bao, Shihan and Li, Dasen and Asuquo, Philip and Cruickshank, Haitham and Sun, Zhili},
  journal={Future Generation Computer Systems},
  volume={110},
  pages={892--903},
  year={2020},
  publisher={Elsevier}
}

@article{turan2024semi,
  title={A Semi-decentralized PKI based on Blockchain with a Stake-based Reward-Punishment Mechanism},
  author={Turan, Erhan and Sen, Sevil and Ergun, Tamer},
  journal={IEEE Access},
  year={2024},
  publisher={IEEE}
}