@article{adja2021blockchain,
  title={A blockchain-based certificate revocation management and status verification system},
  author={Adja, Yves Christian Elloh and Hammi, Badis and Serhrouchni, Ahmed and Zeadally, Sherali},
  journal={Computers \& Security},
  volume={104},
  pages={102209},
  year={2021},
  publisher={Elsevier}
}

@inproceedings{axon2016pb,
  title={PB-PKI: A privacy-aware blockchain-based PKI},
  author={Axon, Louise and Goldsmith, Michael},
  booktitle={14th International Conference on Security and Cryptography (SECRYPT 2017)},
  volume={6},
  year={2016},
  organization={SciTePress}
}

@article{byun2024secure,
  title={Secure Aggregation for Privacy-preserving Federated Learning in Vehicular Networks},
  author={Byun, SangHyun and Sarker, Arijet and Chang, Sang-Yoon and Kalita, Jugal},
  journal={Journal on Autonomous Transportation Systems},
  year={2024},
  publisher={ACM New York, NY}
}

@inproceedings{byunx2023privacy,
  title={Privacy-Preserving Trust Management For Vehicular Communications and Federated Learning},
  author={Byunx, SangHyun and Sarker, Arijet and Lew, Ken and Kalita, Jugal and Chang, Sang-Yoon},
  booktitle={2023 Silicon Valley Cybersecurity Conference (SVCC)},
  pages={1--8},
  year={2023},
  organization={IEEE}
}

@article{khan2020accountable,
  title={Accountable credential management system for vehicular communication},
  author={Khan, Salabat and Zhu, Liehuang and Yu, Xiaoyan and Zhang, Zijian and Rahim, Mussadiq Abdul and Khan, Maqbool and Du, Xiaojiang and Guizani, Mohsen},
  journal={Vehicular Communications},
  volume={25},
  pages={100279},
  year={2020},
  publisher={Elsevier}
}

@article{lei2020blockchain,
  title={A blockchain based certificate revocation scheme for vehicular communication systems},
  author={Lei, Ao and Cao, Yue and Bao, Shihan and Li, Dasen and Asuquo, Philip and Cruickshank, Haitham and Sun, Zhili},
  journal={Future Generation Computer Systems},
  volume={110},
  pages={892--903},
  year={2020},
  publisher={Elsevier}
}

@inproceedings{plessing2020revisiting,
  title={Revisiting Privacy-aware Blockchain Public Key Infrastructure.},
  author={Plessing, Paul and Omolola, Olamide},
  booktitle={ICISSP},
  pages={415--423},
  year={2020}
}

@article{sermpinis2021detract,
  title={DeTRACT: a decentralized, transparent, immutable and open PKI certificate framework},
  author={Sermpinis, Thomas and Vlahavas, George and Karasavvas, Konstantinos and Vakali, Athena},
  journal={International Journal of Information Security},
  volume={20},
  pages={553--570},
  year={2021},
  publisher={Springer}
}

@inproceedings{toorani2021decentralized,
  title={A decentralized dynamic PKI based on blockchain},
  author={Toorani, Mohsen and Gehrmann, Christian},
  booktitle={Proceedings Of the 36th Annual ACM Symposium On Applied Computing},
  pages={1646--1655},
  year={2021}
}

@article{turan2024semi,
  title={A Semi-decentralized PKI based on Blockchain with a Stake-based Reward-Punishment Mechanism},
  author={Turan, Erhan and Sen, Sevil and Ergun, Tamer},
  journal={IEEE Access},
  year={2024},
  publisher={IEEE}
}

