@String{cgforum = "Computer Graphics Forum"}
@String{tog = "ACM TOG"}

@article{al2004novel,
  title={A novel generic model at asperity level for dry friction force dynamics},
  author={Al-Bender, Farid and Lampaert, Vincent and Swevers, Jan},
  journal={Tribology Letters},
  volume={16},
  pages={81--93},
  year={2004},
  publisher={Springer}
}

@inproceedings{baraff1998large,
  title={Large steps in cloth simulation},
  author={Baraff, David and Witkin, Andrew},
  booktitle={Proceedings of the 25th annual conference on Computer graphics and interactive techniques},
  pages={43--54},
  year={1998}
}

@article{benusiglio2012anatomy,
  title={The anatomy of a crease, from folding to ironing},
  author={Benusiglio, Adrien and Mansard, Vincent and Biance, Anne-Laure and Bocquet, Lyd{\'e}ric},
  journal={Soft Matter},
  volume={8},
  number={12},
  pages={3342--3347},
  year={2012},
  publisher={Royal Society of Chemistry}
}

@article{brenner1964mechanical,
  title={The Mechanical Behavior of Fabrics: Part I: Wrinkling},
  author={Brenner, FC and Chen, CS},
  journal={Textile Research Journal},
  volume={34},
  number={6},
  pages={505--517},
  year={1964},
  publisher={Sage Publications Sage CA: Thousand Oaks, CA}
}

@inproceedings{bridson2002robust,
  title={Robust treatment of collisions, contact and friction for cloth animation},
  author={Bridson, Robert and Fedkiw, Ronald and Anderson, John},
  booktitle={Proceedings of the 29th annual conference on Computer graphics and interactive techniques},
  pages={594--603},
  year={2002}
}

@incollection{bridson2005simulation,
  title={Simulation of clothing with folds and wrinkles},
  author={Bridson, Robert and Marino, Sebastian and Fedkiw, Ronald},
  booktitle={ACM SIGGRAPH 2005 Courses},
  pages={3--es},
  year={2005},
  publisher = {Association for Computing Machinery}
}

@article{boisse2001analyses,
  title={Analyses of fabric tensile behaviour: determination of the biaxial tension--strain surfaces and their use in forming simulations},
  author={Boisse, P and Gasser, A and Hivet, G},
  journal={Composites Part A: Applied Science and Manufacturing},
  volume={32},
  number={10},
  pages={1395--1414},
  year={2001},
  publisher={Elsevier}
}

@article{chapman197227,
  title={27—The bending and creasing of multicomponent viscoelastic fibre assemblies. Part i: general consideration of the problem},
  author={Chapman, BM and Hearle, JWS},
  journal={Journal of the Textile Institute},
  volume={63},
  number={7},
  pages={385--403},
  year={1972},
  publisher={Taylor \& Francis}
}

@article{chapman1975importance,
  title={The importance of interfiber friction in wrinkling},
  author={Chapman, BM},
  journal={Textile Research Journal},
  volume={45},
  number={12},
  pages={825--829},
  year={1975},
  publisher={Sage Publications Sage CA: Thousand Oaks, CA}
}

@book{chaves2013notes,
  title={Notes on continuum mechanics},
  author={Chaves, Eduardo WV},
  year={2013},
  publisher={Springer Science \& Business Media}
}

@article{cirio2014yarn,
  title={Yarn-level simulation of woven cloth},
  author={Cirio, Gabriel and Lopez-Moreno, Jorge and Miraut, David and Otaduy, Miguel A. Otaduy},
  journal={ACM Transactions on Graphics},
  volume={33},
  number={6},
  pages={1--11},
  year={2014},
  publisher={ACM New York, NY, USA}
}

@article{cutler2005art,
    title = {An art-directed wrinkle system for CG character clothing and skin},
    journal = {Graphical Models},
    volume = {69},
    number = {5},
    pages = {219-230},
    year = {2007},
    note = {Special Issue on SCA 2005},
    issn = {1524-0703},
    author = {Lawrence D. Cutler and Reid Gershbein and Xiaohuan Corina Wang and Cassidy Curtis and Erwan Maigret and Luca Prasso and Peter Farson},
}

@MISC{eigenweb,
author = {Ga\"{e}l Guennebaud and Beno\^{i}t Jacob and others},
title = {Eigen v3},
howpublished = {http://eigen.tuxfamily.org},
year = {2010}
}

@book{fan2009engineering,
  title={Engineering apparel fabrics and garments},
  author={Fan, Jintu and Hunter, Lawrance},
  year={2009},
  publisher={Elsevier}
}

% ------------ G --------------

@inproceedings{gingold2004discrete,
  title={A discrete model for inelastic deformation of thin shells},
  author={Gingold, Yotam and Secord, Adrian and Han, Jefferson Y and Grinspun, Eitan and Zorin, Denis},
  booktitle={ACM SIGGRAPH/Eurographics symposium on computer animation},
  year={2004},
  organization={Citeseer}
}

@article{gong2022fine,
      title={Fine-grained differentiable physics: a yarn-level model for fabrics}, 
      author={Deshan Gong and Zhanxing Zhu and Andrew J. Bulpitt and He Wang},
      booktitle={International Conference on Learning Representations},
      year={2022}
}

@inproceedings{gong2024bayesian,
  title={Bayesian Differentiable Physics for Cloth Digitalization},
  author={Gong, Deshan and Mao, Ningtao and Wang, He},
  booktitle={Proceedings of the IEEE/CVF Conference on Computer Vision and Pattern Recognition},
  year={2024}
}

@inproceedings{grinspun2003discrete,
  title={Discrete shells},
  author={Grinspun, Eitan and Hirani, Anil N and Desbrun, Mathieu and Schr{\"o}der, Peter},
  booktitle={Proceedings of the 2003 ACM SIGGRAPH/Eurographics symposium on Computer animation},
  pages={62--67},
  year={2003},
  organization={Citeseer}
}

@article{guo2018material,
  title={A material point method for thin shells with frictional contact},
  author={Guo, Qi and Han, Xuchen and Fu, Chuyuan and Gast, Theodore and Tamstorf, Rasmus and Teran, Joseph},
  journal={ACM Transactions on Graphics},
  volume={37},
  number={4},
  pages={1--15},
  year={2018},
  publisher={ACM New York, NY, USA}
}

% ------------ h -------------

@inproceedings{hadap1999animating,
  title={Animating wrinkles on clothes},
  author={Hadap, Sunil and Bongarter, E and Volino, Pascal and Magnenat-Thalmann, Nadia},
  booktitle={Proceedings Visualization'99},
  pages={175--523},
  year={1999},
  organization={IEEE}
}

@article{huffington1961internal,
  title={Internal friction in fibre assemblies},
  author={Huffington, JD},
  journal={British Journal of Applied Physics},
  volume={12},
  number={3},
  pages={99},
  year={1961},
  publisher={IOP Publishing}
}

% ------- J ----------

@article{jung2016modeling,
  title={Modeling the non-elastic stretch deformation of cloth based on creep analysis},
  author={Jung, Il-Hoe and Lee, Sang-Bin and Kim, Jong-Jun and Ryu, Han-Na and Ko, Hyeong-Seok},
  journal={Textile Research Journal},
  volume={86},
  number={3},
  pages={245--255},
  year={2016},
  publisher={SAGE Publications Sage UK: London, England}
}

@article{kim2011persistent,
  title={Persistent wrinkles and folds of clothes},
  author={Kim, Byung-Cheol and Oh, Seungwoo and Wohn, Kwangyun},
  journal={International Journal of Virtual Reality},
  volume={10},
  number={1},
  pages={61--66},
  year={2011}
}

@inproceedings{kunii1990modeling,
  title={Modeling and animation of garment wrinkle formation processes},
  author={Kunii, Tosiyasu L and Gotoda, Hironobu},
  booktitle={Computer Animation’90},
  pages={131--147},
  year={1990},
  organization={Springer}
}

% ------------ L ----------------

@inproceedings{lahner2018deepwrinkles,
  title={Deepwrinkles: Accurate and realistic clothing modeling},
  author={Lahner, Zorah and Cremers, Daniel and Tung, Tony},
  booktitle={Proceedings of the European conference on computer vision (ECCV)},
  pages={667--684},
  year={2018}
}

@inproceedings{larboulette2004real,
  title={Real-time dynamic wrinkles},
  author={Larboulette, Caroline and Cani, Marie-Paule},
  booktitle={Proceedings Computer Graphics International, 2004.},
  pages={522--525},
  year={2004},
  organization={IEEE}
}

@article{levison1962some,
  title={Some fundamental theoretical and experimental aspects of fabric creasing},
  author={Levison, R and Bostwick, C and Behre, B and K{\"a}rrholm, M},
  journal={Journal of the Textile Institute Proceedings},
  volume={53},
  number={1},
  pages={P116--P134},
  year={1962},
  publisher={Taylor \& Francis}
}

@article{lin2012finite,
  title={A finite element approach to the modelling of fabric mechanics and its application to virtual fabric design and testing},
  author={Lin, Hua and Clifford, Mike J and Long, Andrew C and Lee, Ken and Guo, Ning},
  journal={Journal of the Textile Institute},
  volume={103},
  number={10},
  pages={1063--1076},
  year={2012},
  publisher={Taylor \& Francis}
}

@book{logan2022first,
  title={First Course in the Finite Element Method, Enhanced Edition, SI Version},
  author={Logan, Daryl L},
  year={2022},
  publisher={Cengage Learning}
}

% ------------ M ---------------

@article{marchesi2012new,
  title={A new test and apparatus for characterizing the time-dependent recovery of polymeric fibers and yarns from bending},
  author={Marchesi, Maria Chiara and Vangosa, Francesco Briatico and Pavan, Andrea},
  journal={Textile Research Journal},
  volume={82},
  number={5},
  pages={463--473},
  year={2012},
  publisher={SAGE Publications Sage UK: London, England}
}

@article{miguel2013modeling,
  title={Modeling and estimation of internal friction in cloth},
  author={Miguel, Eder and Tamstorf, Rasmus and Bradley, Derek and Schvartzman, Sara C and Thomaszewski, Bernhard and Bickel, Bernd and Matusik, Wojciech and Marschner, Steve and Otaduy, Miguel A},
  journal={ACM Transactions on Graphics (TOG)},
  volume={32},
  number={6},
  pages={1--10},
  year={2013},
  publisher={ACM New York, NY, USA}
}

@article{narain2013folding,
  title={Folding and crumpling adaptive sheets},
  author={Narain, Rahul and Pfaff, Tobias and O'Brien, James F},
  journal={ACM Transactions on Graphics},
  volume={32},
  number={4},
  pages={1--8},
  year={2013},
  publisher={ACM New York, NY, USA}
}

@phdthesis{ngo2004nonlinear,
  title={Nonlinear cloth simulation},
  author={Ngo, Cyril and Boivin, Samuel},
  year={2004},
  school={INRIA}
}

% -------- O ---------------

@inproceedings{o2002graphical,
  title={Graphical modeling and animation of ductile fracture},
  author={O'brien, James F and Bargteil, Adam W and Hodgins, Jessica K},
  booktitle={Proceedings of the 29th annual conference on Computer graphics and interactive techniques},
  pages={291--294},
  year={2002}
}

% --------- P ---------------
@article{prevorsek1975influence,
  title={Influence of fiber properties on wrinkling behavior of fabrics part I: Procedures and apparatus},
  author={Prevorsek, DC and Butler, RH and Lamb, GER},
  journal={Textile Research Journal},
  volume={45},
  number={1},
  pages={60--67},
  year={1975},
  publisher={Sage Publications Sage CA: Thousand Oaks, CA}
}



% ---------- R --------------
@article{rohmer2010animation,
  title={Animation wrinkling: augmenting coarse cloth simulations with realistic-looking wrinkles},
  author={Rohmer, Damien and Popa, Tiberiu and Cani, Marie-Paule and Hahmann, Stefanie and Sheffer, Alla},
  journal={ACM Transactions on Graphics},
  volume={29},
  number={6},
  pages={1--8},
  year={2010},
  publisher={ACM New York, NY, USA}
}

% --------- T ------------
@article{tamstorf2013discrete,
  title={Discrete bending forces and their Jacobians},
  author={Tamstorf, Rasmus and Grinspun, Eitan},
  journal={Graphical models},
  volume={75},
  number={6},
  pages={362--370},
  year={2013},
  publisher={Elsevier}
}

% ------------ V ------------

@article{volino2009simple,
    author = {Volino, Pascal and Magnenat-Thalmann, Nadia and Faure, Francois},
    title = {A simple approach to nonlinear tensile stiffness for accurate cloth simulation},
    year = {2009},
    publisher = {Association for Computing Machinery},
    address = {New York, NY, USA},
    volume = {28},
    number = {4},
    journal = {ACM Transactions on Graphics},
    numpages = {16}
}

% ------------ W ------------
@article{wang2010example,
    author = {Wang, Huamin and Hecht, Florian and Ramamoorthi, Ravi and O'Brien, James F.},
    title = {Example-based wrinkle synthesis for clothing animation},
    year = {2010},
    issue_date = {July 2010},
    publisher = {Association for Computing Machinery},
    address = {New York, NY, USA},
    volume = {29},
    number = {4},
    journal = {ACM Trans. Graph.},
    month = jul,
    articleno = {107},
    numpages = {8}
}

@article{wang2011data,
  title={Data-driven elastic models for cloth: modeling and measurement},
  author={Wang, Huamin and O'Brien, James F and Ramamoorthi, Ravi},
  journal={ACM transactions on graphics},
  volume={30},
  number={4},
  pages={1--12},
  year={2011},
  publisher={ACM New York, NY, USA}
}


@ARTICLE{wang2012manipulation,
    author = {Wang, He and Komura, Taku},
    title = {Manipulation of Flexible Objects by Geodesic Control},
    journal = {Computer Graphics Forum},
    volume = {31},
    number = {2pt2},
    pages = {499-508},
    year = {2012}
}

@article{wang2021gpu,
  title={GPU-based simulation of cloth wrinkles at submillimeter levels},
  author={Wang, Huamin},
  journal={ACM Transactions on Graphics (TOG)},
  volume={40},
  number={4},
  pages={1--14},
  year={2021},
  publisher={ACM New York, NY, USA}
}

@article{wong2013modelling,
    author = {Wong, Tsz Ho and Leach, Geoff and Zambetta, Fabio},
    title = {Modelling Bending Behaviour in Cloth Simulation Using Hysteresis},
    journal = {Computer Graphics Forum},
    volume = {32},
    number = {8},
    pages = {183-194},
    year = {2013}
}

@phdthesis{wong2014improvements,
  title={Improvements to physically based cloth simulation},
  author={Wong, Tsz Ho},
  year={2014},
  school={RMIT University}
}

@article{pizana2020bending,
    author = {Pizana, José M. and Rodríguez, Alejandro and Cirio, Gabriel and Otaduy, Miguel A.},
    title = {A Bending Model for Nodal Discretizations of Yarn-Level Cloth},
    journal = {Computer Graphics Forum},
    volume = {39},
    number = {8},
    pages = {181-189},
    year = {2020}
}

% --------------- S ------------------

@misc{shewchuk1994introduction,
  title={An introduction to the conjugate gradient method without the agonizing pain},
  author={Shewchuk, Jonathan Richard and others},
  year={1994}
}

@book{stuyck2022cloth,
  title={Cloth simulation for computer graphics},
  author={Stuyck, Tuur},
  year={2022},
  publisher={Springer Nature}
}


@article{skelton196822,
    author = {J. Skelton},
    title = {22—A THEORETICAL AND EXPERIMENTAL INVESTIGATION OF THE CREASE RECOVERY OF PLAIN-WEAVE FABRICS WOVEN FROM STAPLE YARNS},
    journal = {The Journal of The Textile Institute},
    volume = {59},
    number = {6},
    pages = {261--284},
    year = {1968},
    publisher = {Taylor \& Francis},
}
