@article{brenner1964mechanical,
  title={The Mechanical Behavior of Fabrics: Part I: Wrinkling},
  author={Brenner, FC and Chen, CS},
  journal={Textile Research Journal},
  volume={34},
  number={6},
  pages={505--517},
  year={1964},
  publisher={Sage Publications Sage CA: Thousand Oaks, CA}
}

@incollection{bridson2005simulation,
  title={Simulation of clothing with folds and wrinkles},
  author={Bridson, Robert and Marino, Sebastian and Fedkiw, Ronald},
  booktitle={ACM SIGGRAPH 2005 Courses},
  pages={3--es},
  year={2005},
  publisher = {Association for Computing Machinery}
}

@article{chapman197227,
  title={27—The bending and creasing of multicomponent viscoelastic fibre assemblies. Part i: general consideration of the problem},
  author={Chapman, BM and Hearle, JWS},
  journal={Journal of the Textile Institute},
  volume={63},
  number={7},
  pages={385--403},
  year={1972},
  publisher={Taylor \& Francis}
}

@article{chapman1975importance,
  title={The importance of interfiber friction in wrinkling},
  author={Chapman, BM},
  journal={Textile Research Journal},
  volume={45},
  number={12},
  pages={825--829},
  year={1975},
  publisher={Sage Publications Sage CA: Thousand Oaks, CA}
}

@article{cirio2014yarn,
  title={Yarn-level simulation of woven cloth},
  author={Cirio, Gabriel and Lopez-Moreno, Jorge and Miraut, David and Otaduy, Miguel A. Otaduy},
  journal={ACM Transactions on Graphics},
  volume={33},
  number={6},
  pages={1--11},
  year={2014},
  publisher={ACM New York, NY, USA}
}

@article{cutler2005art,
    title = {An art-directed wrinkle system for CG character clothing and skin},
    journal = {Graphical Models},
    volume = {69},
    number = {5},
    pages = {219-230},
    year = {2007},
    note = {Special Issue on SCA 2005},
    issn = {1524-0703},
    author = {Lawrence D. Cutler and Reid Gershbein and Xiaohuan Corina Wang and Cassidy Curtis and Erwan Maigret and Luca Prasso and Peter Farson},
}

@inproceedings{gingold2004discrete,
  title={A discrete model for inelastic deformation of thin shells},
  author={Gingold, Yotam and Secord, Adrian and Han, Jefferson Y and Grinspun, Eitan and Zorin, Denis},
  booktitle={ACM SIGGRAPH/Eurographics symposium on computer animation},
  year={2004},
  organization={Citeseer}
}

@article{guo2018material,
  title={A material point method for thin shells with frictional contact},
  author={Guo, Qi and Han, Xuchen and Fu, Chuyuan and Gast, Theodore and Tamstorf, Rasmus and Teran, Joseph},
  journal={ACM Transactions on Graphics},
  volume={37},
  number={4},
  pages={1--15},
  year={2018},
  publisher={ACM New York, NY, USA}
}

@inproceedings{hadap1999animating,
  title={Animating wrinkles on clothes},
  author={Hadap, Sunil and Bongarter, E and Volino, Pascal and Magnenat-Thalmann, Nadia},
  booktitle={Proceedings Visualization'99},
  pages={175--523},
  year={1999},
  organization={IEEE}
}

@article{kim2011persistent,
  title={Persistent wrinkles and folds of clothes},
  author={Kim, Byung-Cheol and Oh, Seungwoo and Wohn, Kwangyun},
  journal={International Journal of Virtual Reality},
  volume={10},
  number={1},
  pages={61--66},
  year={2011}
}

@inproceedings{kunii1990modeling,
  title={Modeling and animation of garment wrinkle formation processes},
  author={Kunii, Tosiyasu L and Gotoda, Hironobu},
  booktitle={Computer Animation’90},
  pages={131--147},
  year={1990},
  organization={Springer}
}

@inproceedings{lahner2018deepwrinkles,
  title={Deepwrinkles: Accurate and realistic clothing modeling},
  author={Lahner, Zorah and Cremers, Daniel and Tung, Tony},
  booktitle={Proceedings of the European conference on computer vision (ECCV)},
  pages={667--684},
  year={2018}
}

@inproceedings{larboulette2004real,
  title={Real-time dynamic wrinkles},
  author={Larboulette, Caroline and Cani, Marie-Paule},
  booktitle={Proceedings Computer Graphics International, 2004.},
  pages={522--525},
  year={2004},
  organization={IEEE}
}

@article{levison1962some,
  title={Some fundamental theoretical and experimental aspects of fabric creasing},
  author={Levison, R and Bostwick, C and Behre, B and K{\"a}rrholm, M},
  journal={Journal of the Textile Institute Proceedings},
  volume={53},
  number={1},
  pages={P116--P134},
  year={1962},
  publisher={Taylor \& Francis}
}

@article{miguel2013modeling,
  title={Modeling and estimation of internal friction in cloth},
  author={Miguel, Eder and Tamstorf, Rasmus and Bradley, Derek and Schvartzman, Sara C and Thomaszewski, Bernhard and Bickel, Bernd and Matusik, Wojciech and Marschner, Steve and Otaduy, Miguel A},
  journal={ACM Transactions on Graphics (TOG)},
  volume={32},
  number={6},
  pages={1--10},
  year={2013},
  publisher={ACM New York, NY, USA}
}

@article{narain2013folding,
  title={Folding and crumpling adaptive sheets},
  author={Narain, Rahul and Pfaff, Tobias and O'Brien, James F},
  journal={ACM Transactions on Graphics},
  volume={32},
  number={4},
  pages={1--8},
  year={2013},
  publisher={ACM New York, NY, USA}
}

@article{pizana2020bending,
    author = {Pizana, José M. and Rodríguez, Alejandro and Cirio, Gabriel and Otaduy, Miguel A.},
    title = {A Bending Model for Nodal Discretizations of Yarn-Level Cloth},
    journal = {Computer Graphics Forum},
    volume = {39},
    number = {8},
    pages = {181-189},
    year = {2020}
}

@article{prevorsek1975influence,
  title={Influence of fiber properties on wrinkling behavior of fabrics part I: Procedures and apparatus},
  author={Prevorsek, DC and Butler, RH and Lamb, GER},
  journal={Textile Research Journal},
  volume={45},
  number={1},
  pages={60--67},
  year={1975},
  publisher={Sage Publications Sage CA: Thousand Oaks, CA}
}

@article{wang2010example,
    author = {Wang, Huamin and Hecht, Florian and Ramamoorthi, Ravi and O'Brien, James F.},
    title = {Example-based wrinkle synthesis for clothing animation},
    year = {2010},
    issue_date = {July 2010},
    publisher = {Association for Computing Machinery},
    address = {New York, NY, USA},
    volume = {29},
    number = {4},
    journal = {ACM Trans. Graph.},
    month = jul,
    articleno = {107},
    numpages = {8}
}

@article{wang2021gpu,
  title={GPU-based simulation of cloth wrinkles at submillimeter levels},
  author={Wang, Huamin},
  journal={ACM Transactions on Graphics (TOG)},
  volume={40},
  number={4},
  pages={1--14},
  year={2021},
  publisher={ACM New York, NY, USA}
}

@article{wong2013modelling,
    author = {Wong, Tsz Ho and Leach, Geoff and Zambetta, Fabio},
    title = {Modelling Bending Behaviour in Cloth Simulation Using Hysteresis},
    journal = {Computer Graphics Forum},
    volume = {32},
    number = {8},
    pages = {183-194},
    year = {2013}
}

