@article{b12,
  title={Dynamic backlight scaling considering ambient luminance for mobile videos on lcd displays},
  author={Sun, Wei and Min, Xiongkuo and Zhai, Guangtao and Gu, Ke and Ma, Siwei and Yang, Xiaokang},
  journal={IEEE Transactions on Mobile Computing},
  volume={21},
  number={1},
  pages={110--124},
  year={2020},
  publisher={IEEE}
}

@inproceedings{b13,
  title={How sound affects visual attention in omnidirectional videos},
  author={Li, Jie and Zhai, Guangtao and Zhu, Yucheng and Zhou, Jun and Zhang, Xiao-Ping},
  booktitle={2022 IEEE International Conference on Image Processing (ICIP)},
  pages={3066--3070},
  year={2022},
  organization={IEEE}
}

@inproceedings{b14,
  title={A Prospect of Interdisciplinary Methodology of QoE Assessment},
  author={Gao, Mengyu and Zhou, Wenâ€™an and Hu, Zheng and Zhang, Wenji},
  booktitle={Innovative Mobile and Internet Services in Ubiquitous Computing: Proceedings of the 11th International Conference on Innovative Mobile and Internet Services in Ubiquitous Computing (IMIS-2017)},
  pages={374--384},
  year={2018},
  organization={Springer}
}

@inproceedings{b16,
  title={Wireless edge-empowered metaverse: A learning-based incentive mechanism for virtual reality},
  author={Xu, Minrui and Niyato, Dusit and Kang, Jiawen and Xiong, Zehui and Miao, Chunyan and Kim, Dong In},
  booktitle={ICC 2022-IEEE International conference on Communications},
  pages={5220--5225},
  year={2022},
  organization={IEEE}
}

@article{b17,
  title={Attention-aware resource allocation and QoE analysis for metaverse xURLLC services},
  author={Du, Hongyang and Liu, Jiazhen and Niyato, Dusit and Kang, Jiawen and Xiong, Zehui and Zhang, Junshan and Kim, Dong In},
  journal={IEEE Journal on Selected Areas in Communications},
  volume={41},
  number={7},
  pages={2158--2175},
  year={2023},
  publisher={IEEE}
}

@INPROCEEDINGS{b18,
  author={Han, Yue and Niyato, Dusit and Leung, Cyril and Miao, Chunyan and Kim, Dong In},
  booktitle={ICC 2022 - IEEE International Conference on Communications}, 
  title={A Dynamic Resource Allocation Framework for Synchronizing Metaverse with IoT Service and Data}, 
  year={2022},
  volume={},
  number={},
  pages={1196-1201},
  keywords={Protocols;Metaverse;Pandemics;Sociology;Urban areas;Dynamic scheduling;Sensors;Metaverse;resource allocation;IoT;evolutionary game;hybrid dynamics},
  doi={10.1109/ICC45855.2022.9838422}}

@inproceedings{b19,
  title={Task freshness-aware incentive mechanism for vehicle twin migration in vehicular metaverses},
  author={Wen, Jinbo and Kang, Jiawen and Xiong, Zehui and Zhang, Yang and Du, Hongyang and Jiao, Yutao and Niyato, Dusit},
  booktitle={2023 IEEE International Conference on Metaverse Computing, Networking and Applications (MetaCom)},
  pages={481--487},
  year={2023},
  organization={IEEE}
}

@inproceedings{b24,
  title={Fair: Quality-aware federated learning with precise user incentive and model aggregation},
  author={Deng, Yongheng and Lyu, Feng and Ren, Ju and Chen, Yi-Chao and Yang, Peng and Zhou, Yuezhi and Zhang, Yaoxue},
  booktitle={IEEE INFOCOM 2021-IEEE Conference on Computer Communications},
  pages={1--10},
  year={2021},
  organization={IEEE}
}

@article{b25,
  title={AUCTION: Automated and quality-aware client selection framework for efficient federated learning},
  author={Deng, Yongheng and Lyu, Feng and Ren, Ju and Wu, Huaqing and Zhou, Yuezhi and Zhang, Yaoxue and Shen, Xuemin},
  journal={IEEE Transactions on Parallel and Distributed Systems},
  volume={33},
  number={8},
  pages={1996--2009},
  year={2021},
  publisher={IEEE}
}

@ARTICLE{b26,
  author={Kang, Jiawen and Xiong, Zehui and Niyato, Dusit and Zou, Yuze and Zhang, Yang and Guizani, Mohsen},
  journal={IEEE Wireless Communications}, 
  title={Reliable Federated Learning for Mobile Networks}, 
  year={2020},
  volume={27},
  number={2},
  pages={72-80},
  keywords={Mobile handsets;Task analysis;Machine learning;Data models;Training data;Data privacy;Training data;Metasearch},
  doi={10.1109/MWC.001.1900119}}

@incollection{b27,
  title={Fedcoin: A peer-to-peer payment system for federated learning},
  author={Liu, Yuan and Ai, Zhengpeng and Sun, Shuai and Zhang, Shuangfeng and Liu, Zelei and Yu, Han},
  booktitle={Federated learning: privacy and incentive},
  pages={125--138},
  year={2020},
  publisher={Springer}
}

@inproceedings{b30,
  title={Fmore: An incentive scheme of multi-dimensional auction for federated learning in mec},
  author={Zeng, Rongfei and Zhang, Shixun and Wang, Jiaqi and Chu, Xiaowen},
  booktitle={2020 IEEE 40th international conference on distributed computing systems (ICDCS)},
  pages={278--288},
  year={2020},
  organization={IEEE}
}

@article{b31,
  title={Deep reinforcement learning: A survey},
  author={Wang, Xu and Wang, Sen and Liang, Xingxing and Zhao, Dawei and Huang, Jincai and Xu, Xin and Dai, Bin and Miao, Qiguang},
  journal={IEEE Transactions on Neural Networks and Learning Systems},
  volume={35},
  number={4},
  pages={5064--5078},
  year={2022},
  publisher={IEEE}
}

@article{b32,
  title={A learning-based incentive mechanism for federated learning},
  author={Zhan, Yufeng and Li, Peng and Qu, Zhihao and Zeng, Deze and Guo, Song},
  journal={IEEE Internet of Things Journal},
  volume={7},
  number={7},
  pages={6360--6368},
  year={2020},
  publisher={IEEE}
}

@ARTICLE{b33,
  author={Pandey, Shashi Raj and Tran, Nguyen H. and Bennis, Mehdi and Tun, Yan Kyaw and Manzoor, Aunas and Hong, Choong Seon},
  journal={IEEE Transactions on Wireless Communications}, 
  title={A Crowdsourcing Framework for On-Device Federated Learning}, 
  year={2020},
  volume={19},
  number={5},
  pages={3241-3256},
  keywords={Computational modeling;Data models;Games;Crowdsourcing;Training;Servers;Machine learning;Decentralized machine learning;federated learning (FL);mobile crowdsourcing;incentive mechanism;stackelberg game},
  doi={10.1109/TWC.2020.2971981}}

@article{b34,
  title={Dynamic digital twin and federated learning with incentives for air-ground networks},
  author={Sun, Wen and Xu, Ning and Wang, Lu and Zhang, Haibin and Zhang, Yan},
  journal={IEEE Transactions on Network Science and Engineering},
  volume={9},
  number={1},
  pages={321--333},
  year={2020},
  publisher={IEEE}
}

@inproceedings{b35,
  title={Blockchain-based federated learning for industrial metaverses: Incentive scheme with optimal aoi},
  author={Kang, Jiawen and Ye, Dongdong and Nie, Jiangtian and Xiao, Jiang and Deng, Xianjun and Wang, Siming and Xiong, Zehui and Yu, Rong and Niyato, Dusit},
  booktitle={2022 IEEE International Conference on Blockchain (Blockchain)},
  pages={71--78},
  year={2022},
  organization={IEEE}
}

@ARTICLE{b36,
  author={Zhou, Xinyu and Liu, Chang and Zhao, Jun},
  journal={IEEE Transactions on Wireless Communications}, 
  title={Resource Allocation of Federated Learning for the Metaverse with Mobile Augmented Reality}, 
  year={2023},
  volume={},
  number={},
  pages={1-1},
  keywords={Metaverse;Computational modeling;Optimization;Energy consumption;Servers;Data models;Training;Metaverse;mobile augmented reality;federated learning;FDMA;resource allocation},
  doi={10.1109/TWC.2023.3326884}}

@article{b41,
  title={Impact of the impairment in 360-degree videos on users VR involvement and machine learning-based QoE predictions},
  author={Anwar, Muhammad Shahid and Wang, Jing and Ahmad, Sadique and Khan, Wahab and Ullah, Asad and Shah, Mudassir and Fei, Zesong},
  journal={IEEE Access},
  volume={8},
  pages={204585--204596},
  year={2020},
  publisher={IEEE}
}

@ARTICLE{b42,
  author={Zeng, Shenglai and Li, Zonghang and Yu, Hongfang and Zhang, Zhihao and Luo, Long and Li, Bo and Niyato, Dusit},
  journal={IEEE Transactions on Cloud Computing}, 
  title={HFedMS: Heterogeneous Federated Learning With Memorable Data Semantics in Industrial Metaverse}, 
  year={2023},
  volume={11},
  number={3},
  pages={3055-3069},
  keywords={Metaverse;Sensors;Training;Synchronization;Data models;Semantics;Low-power wide area networks;Metaverse;federated learning;stream data;Non-IID;forgetting;communication efficient},
  doi={10.1109/TCC.2023.3254587}}

@ARTICLE{b43,
  author={Guo, Yiyu and Qin, Zhijin and Tao, Xiaoming and Li, Geoffrey Ye},
  journal={IEEE Journal on Selected Areas in Communications}, 
  title={Federated Multi-View Synthesizing for Metaverse}, 
  year={2024},
  volume={42},
  number={4},
  pages={867-879},
  keywords={Wireless communication;Data models;Computational modeling;Training;Streaming media;Federated learning;Transfer learning;Metaverse;virtual reality;multi-view synthesizing;federated learning;deep learning},
  doi={10.1109/JSAC.2023.3345427}}

@ARTICLE{b44,
  author={Zhan, Yufeng and Zhang, Jie and Hong, Zicong and Wu, Leijie and Li, Peng and Guo, Song},
  journal={IEEE Transactions on Emerging Topics in Computing}, 
  title={A Survey of Incentive Mechanism Design for Federated Learning}, 
  year={2022},
  volume={10},
  number={2},
  pages={1035-1044},
  keywords={Collaborative work;Servers;Training;Data models;Computational modeling;Machine learning;Task analysis;Federated learning;incentive mechanism;survey},
  doi={10.1109/TETC.2021.3063517}}

@article{b45,
  title={When Metaverses Meet Vehicle Road Cooperation: Multi-Agent DRL-Based Stackelberg Game for Vehicular Twins Migration},
  author={Kang, Jiawen and Zhang, Junhong and Yang, Helin and Ye, Dongdong and Hossain, M Shamim},
  journal={IEEE Internet of Things Journal},
  year={2024},
  publisher={IEEE}
}

@article{b46,
  title={Multi-agent deep reinforcement learning based incentive mechanism for multi-task federated edge learning},
  author={Zhao, Nan and Pei, Yiyang and Liang, Ying-Chang and Niyato, Dusit},
  journal={IEEE Transactions on Vehicular Technology},
  volume={72},
  number={10},
  pages={13530--13535},
  year={2023},
  publisher={IEEE}
}

@article{b55,
  title={Multi-agent actor-critic for mixed cooperative-competitive environments},
  author={Lowe, Ryan and Wu, Yi I and Tamar, Aviv and Harb, Jean and Pieter Abbeel, OpenAI and Mordatch, Igor},
  journal={Advances in neural information processing systems},
  volume={30},
  year={2017}
}

