@inproceedings{ma2023curvature,
  title={Curvature-balanced feature manifold learning for long-tailed classification},
  author={Ma, Yanbiao and Jiao, Licheng and Liu, Fang and Yang, Shuyuan and Liu, Xu and Li, Lingling},
  booktitle={Proceedings of the IEEE/CVF conference on computer vision and pattern recognition},
  pages={15824--15835},
  year={2023}
}

@inproceedings{
ma2023delving,
title={Delving into Semantic Scale Imbalance},
author={Yanbiao Ma and Licheng Jiao and Fang Liu and Yuxin Li and Shuyuan Yang and Xu Liu},
booktitle={The Eleventh International Conference on Learning Representations },
year={2023},
url={https://openreview.net/forum?id=07tc5kKRIo}
}

@article{ma2024unveiling,
  title={Unveiling and Mitigating Generalized Biases of DNNs through the Intrinsic Dimensions of Perceptual Manifolds},
  author={Ma, Yanbiao and Jiao, Licheng and Liu, Fang and Li, Lingling and Ma, Wenping and Yang, Shuyuan and Liu, Xu and Chen, Puhua},
  journal={arXiv preprint arXiv:2404.13859},
  year={2024}
}

@article{icml2024balanced,
  title={Balanced Data, Imbalanced Spectra: Unveiling Class Disparities with Spectral Imbalance},
  author={Kaushik, Chiraag and Liu, Ran and Lin, Chi-Heng and Khera, Amrit and Jin, Matthew Y and Ma, Wenrui and Muthukumar, Vidya and Dyer, Eva L},
  journal={arXiv preprint arXiv:2402.11742},
  year={2024}
}

@article{sinha2022class,
  title={Class-difficulty based methods for long-tailed visual recognition},
  author={Sinha, Saptarshi and Ohashi, Hiroki and Nakamura, Katsuyuki},
  journal={International Journal of Computer Vision},
  volume={130},
  number={10},
  pages={2517--2531},
  year={2022},
  publisher={Springer}
}

@inproceedings{seesaw,
  title={Seesaw loss for long-tailed instance segmentation},
  author={Wang, Jiaqi and Zhang, Wenwei and Zang, Yuhang and Cao, Yuhang and Pang, Jiangmiao and Gong, Tao and Chen, Kai and Liu, Ziwei and Loy, Chen Change and Lin, Dahua},
  booktitle={Proceedings of the IEEE/CVF conference on computer vision and pattern recognition},
  pages={9695--9704},
  year={2021}
}

@inproceedings{efl,
  title={Equalized focal loss for dense long-tailed object detection},
  author={Li, Bo and Yao, Yongqiang and Tan, Jingru and Zhang, Gang and Yu, Fengwei and Lu, Jianwei and Luo, Ye},
  booktitle={Proceedings of the IEEE/CVF conference on computer vision and pattern recognition},
  pages={6990--6999},
  year={2022}
}

@inproceedings{c2am,
  title={C2am loss: Chasing a better decision boundary for long-tail object detection},
  author={Wang, Tong and Zhu, Yousong and Chen, Yingying and Zhao, Chaoyang and Yu, Bin and Wang, Jinqiao and Tang, Ming},
  booktitle={Proceedings of the IEEE/CVF Conference on computer vision and pattern recognition},
  pages={6980--6989},
  year={2022}
}

@inproceedings{eqlv2,
  title={Equalization loss v2: A new gradient balance approach for long-tailed object detection},
  author={Tan, Jingru and Lu, Xin and Zhang, Gang and Yin, Changqing and Li, Quanquan},
  booktitle={Proceedings of the IEEE/CVF conference on computer vision and pattern recognition},
  pages={1685--1694},
  year={2021}
}

@inproceedings{eql,
  title={Equalization loss for long-tailed object recognition},
  author={Tan, Jingru and Wang, Changbao and Li, Buyu and Li, Quanquan and Ouyang, Wanli and Yin, Changqing and Yan, Junjie},
  booktitle={Proceedings of the IEEE/CVF conference on computer vision and pattern recognition},
  pages={11662--11671},
  year={2020}
}

@article{ecm,
  title={Long-tail Detection with Effective Class-Margins},
  author={Cho, Jang Hyun and Kr{\"a}henb{\"u}hl, Philipp},
  journal={arXiv preprint arXiv:2301.09724},
  year={2023}
}

@inproceedings{focal,
  title={Focal loss for dense object detection},
  author={Lin, Tsung-Yi and Goyal, Priya and Girshick, Ross and He, Kaiming and Doll{\'a}r, Piotr},
  booktitle={Proceedings of the IEEE international conference on computer vision},
  pages={2980--2988},
  year={2017}
}

@article{fdc,
  title={Feature distribution representation learning based on knowledge transfer for long-tailed classification},
  author={Ma, Yanbiao and Jiao, Licheng and Liu, Fang and Yang, Shuyuan and Liu, Xu and Chen, Puhua},
  journal={IEEE Transactions on Multimedia},
  year={2023},
  publisher={IEEE}
}

@article{fur,
  title={Geometric Prior Guided Feature Representation Learning for Long-Tailed Classification},
  author={Ma, Yanbiao and Jiao, Licheng and Liu, Fang and Yang, Shuyuan and Liu, Xu and Chen, Puhua},
  journal={International Journal of Computer Vision},
  pages={1--18},
  year={2024},
  publisher={Springer}
}

@article{jiao2019survey,
  title={A survey of deep learning-based object detection},
  author={Jiao, Licheng and Zhang, Fan and Liu, Fang and Yang, Shuyuan and Li, Lingling and Feng, Zhixi and Qu, Rong},
  journal={IEEE access},
  volume={7},
  pages={128837--128868},
  year={2019},
  publisher={IEEE}
}

@article{ijcvsurvey,
  title={Deep learning for generic object detection: A survey},
  author={Liu, Li and Ouyang, Wanli and Wang, Xiaogang and Fieguth, Paul and Chen, Jie and Liu, Xinwang and Pietik{\"a}inen, Matti},
  journal={International journal of computer vision},
  volume={128},
  pages={261--318},
  year={2020},
  publisher={Springer}
}

@article{zou2023object,
  title={Object detection in 20 years: A survey},
  author={Zou, Zhengxia and Chen, Keyan and Shi, Zhenwei and Guo, Yuhong and Ye, Jieping},
  journal={Proceedings of the IEEE},
  volume={111},
  number={3},
  pages={257--276},
  year={2023},
  publisher={IEEE}
}

@article{yang2022survey,
  title={A survey on long-tailed visual recognition},
  author={Yang, Lu and Jiang, He and Song, Qing and Guo, Jun},
  journal={International Journal of Computer Vision},
  volume={130},
  number={7},
  pages={1837--1872},
  year={2022},
  publisher={Springer}
}

@article{TPAMIimbalance,
  title={Imbalance problems in object detection: A review},
  author={Oksuz, Kemal and Cam, Baris Can and Kalkan, Sinan and Akbas, Emre},
  journal={IEEE transactions on pattern analysis and machine intelligence},
  volume={43},
  number={10},
  pages={3388--3415},
  year={2020},
  publisher={IEEE}
}

@inproceedings{open,
  title={Towards open world object detection},
  author={Joseph, KJ and Khan, Salman and Khan, Fahad Shahbaz and Balasubramanian, Vineeth N},
  booktitle={Proceedings of the IEEE/CVF conference on computer vision and pattern recognition},
  pages={5830--5840},
  year={2021}
}

@inproceedings{liu2019large,
  title={Large-scale long-tailed recognition in an open world},
  author={Liu, Ziwei and Miao, Zhongqi and Zhan, Xiaohang and Wang, Jiayun and Gong, Boqing and Yu, Stella X},
  booktitle={Proceedings of the IEEE/CVF conference on computer vision and pattern recognition},
  pages={2537--2546},
  year={2019}
}

@inproceedings{number1,
  title={Long-tailed recognition via weight balancing},
  author={Alshammari, Shaden and Wang, Yu-Xiong and Ramanan, Deva and Kong, Shu},
  booktitle={Proceedings of the IEEE/CVF conference on computer vision and pattern recognition},
  pages={6897--6907},
  year={2022}
}

@article{number2,
  title={Balanced meta-softmax for long-tailed visual recognition},
  author={Ren, Jiawei and Yu, Cunjun and Ma, Xiao and Zhao, Haiyu and Yi, Shuai and others},
  journal={Advances in neural information processing systems},
  volume={33},
  pages={4175--4186},
  year={2020}
}

@inproceedings{number3,
  title={Class-balanced loss based on effective number of samples},
  author={Cui, Yin and Jia, Menglin and Lin, Tsung-Yi and Song, Yang and Belongie, Serge},
  booktitle={Proceedings of the IEEE/CVF conference on computer vision and pattern recognition},
  pages={9268--9277},
  year={2019}
}

@inproceedings{number4,
  title={The devil is in classification: A simple framework for long-tail instance segmentation},
  author={Wang, Tao and Li, Yu and Kang, Bingyi and Li, Junnan and Liew, Junhao and Tang, Sheng and Hoi, Steven and Feng, Jiashi},
  booktitle={Computer Vision--ECCV 2020: 16th European Conference, Glasgow, UK, August 23--28, 2020, Proceedings, Part XIV 16},
  pages={728--744},
  year={2020},
  organization={Springer}
}

@Article{VOC,
   author = "Everingham, M. and Eslami, S. M. A. and Van~Gool, L. and Williams, C. K. I. and Winn, J. and Zisserman, A.",
   title = "The Pascal Visual Object Classes Challenge: A Retrospective",
   journal = "International Journal of Computer Vision",
   volume = "111",
   year = "2015",
   number = "1",
   month = jan,
   pages = "98--136",
}

@inproceedings{lvis,
  title={Lvis: A dataset for large vocabulary instance segmentation},
  author={Gupta, Agrim and Dollar, Piotr and Girshick, Ross},
  booktitle={Proceedings of the IEEE/CVF conference on computer vision and pattern recognition},
  pages={5356--5364},
  year={2019}
}

@inproceedings{number5,
  title={Image-level or object-level? a tale of two resampling strategies for long-tailed detection},
  author={Chang, Nadine and Yu, Zhiding and Wang, Yu-Xiong and Anandkumar, Animashree and Fidler, Sanja and Alvarez, Jose M},
  booktitle={International conference on machine learning},
  pages={1463--1472},
  year={2021},
  organization={PMLR}
}

@article{manifold1,
  title={Representations and generalization in artificial and brain neural networks},
  author={Li, Qianyi and Sorscher, Ben and Sompolinsky, Haim},
  journal={Proceedings of the National Academy of Sciences},
  volume={121},
  number={27},
  pages={e2311805121},
  year={2024},
  publisher={National Academy of Sciences}
}

@article{manifold2,
  title={Untangling invariant object recognition},
  author={DiCarlo, James J and Cox, David D},
  journal={Trends in cognitive sciences},
  volume={11},
  number={8},
  pages={333--341},
  year={2007},
  publisher={Elsevier}
}

@inproceedings{manifold3,
  title={Orthogonal uncertainty representation of data manifold for robust long-tailed learning},
  author={Ma, Yanbiao and Jiao, Licheng and Liu, Fang and Yang, Shuyuan and Liu, Xu and Li, Lingling},
  booktitle={Proceedings of the 31st ACM International Conference on Multimedia},
  pages={4848--4857},
  year={2023}
}

@article{manifold4,
  title={A global geometric framework for nonlinear dimensionality reduction},
  author={Tenenbaum, Joshua B and Silva, Vin de and Langford, John C},
  journal={science},
  volume={290},
  number={5500},
  pages={2319--2323},
  year={2000},
  publisher={American Association for the Advancement of Science}
}

@article{manifold5,
  title={A geometric understanding of deep learning},
  author={Lei, Na and An, Dongsheng and Guo, Yang and Su, Kehua and Liu, Shixia and Luo, Zhongxuan and Yau, Shing-Tung and Gu, Xianfeng},
  journal={Engineering},
  volume={6},
  number={3},
  pages={361--374},
  year={2020},
  publisher={Elsevier}
}

@article{size1,
  title={Fast feature pyramids for object detection},
  author={Doll{\'a}r, Piotr and Appel, Ron and Belongie, Serge and Perona, Pietro},
  journal={IEEE transactions on pattern analysis and machine intelligence},
  volume={36},
  number={8},
  pages={1532--1545},
  year={2014},
  publisher={IEEE}
}

@inproceedings{size2,
  title={Feature pyramid networks for object detection},
  author={Lin, Tsung-Yi and Doll{\'a}r, Piotr and Girshick, Ross and He, Kaiming and Hariharan, Bharath and Belongie, Serge},
  booktitle={Proceedings of the IEEE conference on computer vision and pattern recognition},
  pages={2117--2125},
  year={2017}
}

@inproceedings{Class_aware_sampling,
  title={Relay backpropagation for effective learning of deep convolutional neural networks},
  author={Shen, Li and Lin, Zhouchen and Huang, Qingming},
  booktitle={Computer Vision--ECCV 2016: 14th European Conference, Amsterdam, The Netherlands, October 11--14, 2016, Proceedings, Part VII 14},
  pages={467--482},
  year={2016},
  organization={Springer}
}

@inproceedings{acsl,
  title={Adaptive class suppression loss for long-tail object detection},
  author={Wang, Tong and Zhu, Yousong and Zhao, Chaoyang and Zeng, Wei and Wang, Jinqiao and Tang, Ming},
  booktitle={Proceedings of the IEEE/CVF conference on computer vision and pattern recognition},
  pages={3103--3112},
  year={2021}
}

@inproceedings{loce,
  title={Exploring classification equilibrium in long-tailed object detection},
  author={Feng, Chengjian and Zhong, Yujie and Huang, Weilin},
  booktitle={Proceedings of the IEEE/CVF International conference on computer vision},
  pages={3417--3426},
  year={2021}
}

@inproceedings{bags,
  title={Overcoming classifier imbalance for long-tail object detection with balanced group softmax},
  author={Li, Yu and Wang, Tao and Kang, Bingyi and Tang, Sheng and Wang, Chunfeng and Li, Jintao and Feng, Jiashi},
  booktitle={Proceedings of the IEEE/CVF conference on computer vision and pattern recognition},
  pages={10991--11000},
  year={2020}
}

@inproceedings{forest,
  title={Forest r-cnn: Large-vocabulary long-tailed object detection and instance segmentation},
  author={Wu, Jialian and Song, Liangchen and Wang, Tiancai and Zhang, Qian and Yuan, Junsong},
  booktitle={Proceedings of the 28th ACM international conference on multimedia},
  pages={1570--1578},
  year={2020}
}

@article{decoupling,
  title={Decoupling representation and classifier for long-tailed recognition},
  author={Kang, Bingyi and Xie, Saining and Rohrbach, Marcus and Yan, Zhicheng and Gordo, Albert and Feng, Jiashi and Kalantidis, Yannis},
  journal={arXiv preprint arXiv:1910.09217},
  year={2019}
}

@inproceedings{zhang2021distribution,
  title={Distribution alignment: A unified framework for long-tail visual recognition},
  author={Zhang, Songyang and Li, Zeming and Yan, Shipeng and He, Xuming and Sun, Jian},
  booktitle={Proceedings of the IEEE/CVF conference on computer vision and pattern recognition},
  pages={2361--2370},
  year={2021}
}

@inproceedings{copy_paste,
  title={Simple copy-paste is a strong data augmentation method for instance segmentation},
  author={Ghiasi, Golnaz and Cui, Yin and Srinivas, Aravind and Qian, Rui and Lin, Tsung-Yi and Cubuk, Ekin D and Le, Quoc V and Zoph, Barret},
  booktitle={Proceedings of the IEEE/CVF conference on computer vision and pattern recognition},
  pages={2918--2928},
  year={2021}
}

@inproceedings{fasa,
  title={Fasa: Feature augmentation and sampling adaptation for long-tailed instance segmentation},
  author={Zang, Yuhang and Huang, Chen and Loy, Chen Change},
  booktitle={Proceedings of the IEEE/CVF international conference on computer vision},
  pages={3457--3466},
  year={2021}
}

@article{shrinkage_method,
  title={Cleaning large-dimensional covariance matrices for correlated samples},
  author={Burda, Zdzislaw and Jarosz, Andrzej},
  journal={Physical Review E},
  volume={105},
  number={3},
  pages={034136},
  year={2022},
  publisher={APS}
}

@article{donoho2018optimal,
  title={Optimal shrinkage of eigenvalues in the spiked covariance model},
  author={Donoho, David L and Gavish, Matan and Johnstone, Iain M},
  journal={Annals of statistics},
  volume={46},
  number={4},
  pages={1742},
  year={2018},
  publisher={NIH Public Access}
}

@article{faster,
  title={Faster r-cnn: Towards real-time object detection with region proposal networks},
  author={Ren, Shaoqing and He, Kaiming and Girshick, Ross and Sun, Jian},
  journal={Advances in neural information processing systems},
  volume={28},
  year={2015}
}

@inproceedings{resnet,
  title={Deep residual learning for image recognition},
  author={He, Kaiming and Zhang, Xiangyu and Ren, Shaoqing and Sun, Jian},
  booktitle={Proceedings of the IEEE conference on computer vision and pattern recognition},
  pages={770--778},
  year={2016}
}

@inproceedings{MSCOCO,
  title={Microsoft coco: Common objects in context},
  author={Lin, Tsung-Yi and Maire, Michael and Belongie, Serge and Hays, James and Perona, Pietro and Ramanan, Deva and Doll{\'a}r, Piotr and Zitnick, C Lawrence},
  booktitle={Computer Vision--ECCV 2014: 13th European Conference, Zurich, Switzerland, September 6-12, 2014, Proceedings, Part V 13},
  pages={740--755},
  year={2014},
  organization={Springer}
}

@article{tong2023rethinking,
  title={Rethinking PASCAL-VOC and MS-COCO dataset for small object detection},
  author={Tong, Kang and Wu, Yiquan},
  journal={Journal of Visual Communication and Image Representation},
  volume={93},
  pages={103830},
  year={2023},
  publisher={Elsevier}
}

@article{mmdetection,
  title={MMDetection: Open mmlab detection toolbox and benchmark},
  author={Chen, Kai and Wang, Jiaqi and Pang, Jiangmiao and Cao, Yuhang and Xiong, Yu and Li, Xiaoxiao and Sun, Shuyang and Feng, Wansen and Liu, Ziwei and Xu, Jiarui and others},
  journal={arXiv preprint arXiv:1906.07155},
  year={2019}
}

@inproceedings{droploss,
  title={Droploss for long-tail instance segmentation},
  author={Hsieh, Ting-I and Robb, Esther and Chen, Hwann-Tzong and Huang, Jia-Bin},
  booktitle={Proceedings of the AAAI conference on artificial intelligence},
  volume={35},
  number={2},
  pages={1549--1557},
  year={2021}
}


