@inproceedings{
paper1,
title={{CUDA}: Curriculum of Data Augmentation for Long-tailed Recognition},
author={Sumyeong Ahn and Jongwoo Ko and Se-Young Yun},
booktitle={The Eleventh International Conference on Learning Representations },
year={2023},
url={https://openreview.net/forum?id=RgUPdudkWlN}
}

@inproceedings{paper2,
  title={Long-tailed recognition via weight balancing},
  author={Alshammari, Shaden and Wang, Yu-Xiong and Ramanan, Deva and Kong, Shu},
  booktitle={Proceedings of the IEEE/CVF Conference on Computer Vision and Pattern Recognition},
  pages={6897--6907},
  year={2022}
}

@article{paper3,
  title={Learning imbalanced datasets with label-distribution-aware margin loss},
  author={Cao, Kaidi and Wei, Colin and Gaidon, Adrien and Arechiga, Nikos and Ma, Tengyu},
  journal={Advances in neural information processing systems},
  volume={32},
  year={2019}
}

@inproceedings{paper4,
  title={Remix: rebalanced mixup},
  author={Chou, Hsin-Ping and Chang, Shih-Chieh and Pan, Jia-Yu and Wei, Wei and Juan, Da-Cheng},
  booktitle={Computer Vision--ECCV 2020 Workshops: Glasgow, UK, August 23--28, 2020, Proceedings, Part VI 16},
  pages={95--110},
  year={2020},
  organization={Springer}
}

@inproceedings{paper5,
  title={Feature space augmentation for long-tailed data},
  author={Chu, Peng and Bian, Xiao and Liu, Shaopeng and Ling, Haibin},
  booktitle={Computer Vision--ECCV 2020: 16th European Conference, Glasgow, UK, August 23--28, 2020, Proceedings, Part XXIX 16},
  pages={694--710},
  year={2020},
  organization={Springer}
}

@article{paper6,
  title={Reslt: Residual learning for long-tailed recognition},
  author={Cui, Jiequan and Liu, Shu and Tian, Zhuotao and Zhong, Zhisheng and Jia, Jiaya},
  journal={IEEE transactions on pattern analysis and machine intelligence},
  volume={45},
  number={3},
  pages={3695--3706},
  year={2022},
  publisher={IEEE}
}

@inproceedings{paper7,
  title={Parametric contrastive learning},
  author={Cui, Jiequan and Zhong, Zhisheng and Liu, Shu and Yu, Bei and Jia, Jiaya},
  booktitle={Proceedings of the IEEE/CVF international conference on computer vision},
  pages={715--724},
  year={2021}
}

@inproceedings{paper8,
  title={Class-balanced loss based on effective number of samples},
  author={Cui, Yin and Jia, Menglin and Lin, Tsung-Yi and Song, Yang and Belongie, Serge},
  booktitle={Proceedings of the IEEE/CVF conference on computer vision and pattern recognition},
  pages={9268--9277},
  year={2019}
}

@inproceedings{paper9,
  title={Large scale fine-grained categorization and domain-specific transfer learning},
  author={Cui, Yin and Song, Yang and Sun, Chen and Howard, Andrew and Belongie, Serge},
  booktitle={Proceedings of the IEEE conference on computer vision and pattern recognition},
  pages={4109--4118},
  year={2018}
}

@article{paper10,
  title={A multiple resampling method for learning from imbalanced data sets},
  author={Estabrooks, Andrew and Jo, Taeho and Japkowicz, Nathalie},
  journal={Computational intelligence},
  volume={20},
  number={1},
  pages={18--36},
  year={2004},
  publisher={Wiley Online Library}
}

@article{paper11,
  title={Model-centric data manifold: the data through the eyes of the model},
  author={Grementieri, Luca and Fioresi, Rita},
  journal={SIAM Journal on Imaging Sciences},
  volume={15},
  number={3},
  pages={1140--1156},
  year={2022},
  publisher={SIAM}
}

@inproceedings{paper12,
  title={Deep residual learning for image recognition},
  author={He, Kaiming and Zhang, Xiangyu and Ren, Shaoqing and Sun, Jian},
  booktitle={Proceedings of the IEEE conference on computer vision and pattern recognition},
  pages={770--778},
  year={2016}
}

@inproceedings{paper13,
  title={Distilling virtual examples for long-tailed recognition},
  author={He, Yin-Yin and Wu, Jianxin and Wei, Xiu-Shen},
  booktitle={Proceedings of the IEEE/CVF International Conference on Computer Vision},
  pages={235--244},
  year={2021}
}

@article{paper14,
  title={Long-tailed partial label learning via dynamic rebalancing},
  author={Hong, Feng and Yao, Jiangchao and Zhou, Zhihan and Zhang, Ya and Wang, Yanfeng},
  journal={arXiv preprint arXiv:2302.05080},
  year={2023}
}

@inproceedings{paper15,
  title={Disentangling label distribution for long-tailed visual recognition},
  author={Hong, Youngkyu and Han, Seungju and Choi, Kwanghee and Seo, Seokjun and Kim, Beomsu and Chang, Buru},
  booktitle={Proceedings of the IEEE/CVF conference on computer vision and pattern recognition},
  pages={6626--6636},
  year={2021}
}

@inproceedings{paper16,
  title={Long-tail detection with effective class-margins},
  author={Hyun Cho, Jang and Kr{\"a}henb{\"u}hl, Philipp},
  booktitle={European Conference on Computer Vision},
  pages={698--714},
  year={2022},
  organization={Springer}
}

@article{paper17,
  title={Decoupling representation and classifier for long-tailed recognition},
  author={Kang, Bingyi and Xie, Saining and Rohrbach, Marcus and Yan, Zhicheng and Gordo, Albert and Feng, Jiashi and Kalantidis, Yannis},
  journal={arXiv preprint arXiv:1910.09217},
  year={2019}
}

@inproceedings{paper18,
  title={M2m: Imbalanced classification via major-to-minor translation},
  author={Kim, Jaehyung and Jeong, Jongheon and Shin, Jinwoo},
  booktitle={Proceedings of the IEEE/CVF conference on computer vision and pattern recognition},
  pages={13896--13905},
  year={2020}
}

@article{paper19,
  title={A geometric understanding of deep learning},
  author={Lei, Na and An, Dongsheng and Guo, Yang and Su, Kehua and Liu, Shixia and Luo, Zhongxuan and Yau, Shing-Tung and Gu, Xianfeng},
  journal={Engineering},
  volume={6},
  number={3},
  pages={361--374},
  year={2020},
  publisher={Elsevier}
}

@article{paper20,
  title={Key point sensitive loss for long-tailed visual recognition},
  author={Li, Mengke and Cheung, Yiu-Ming and Hu, Zhikai},
  journal={IEEE Transactions on Pattern Analysis and Machine Intelligence},
  volume={45},
  number={4},
  pages={4812--4825},
  year={2022},
  publisher={IEEE}
}

@inproceedings{paper21,
  title={Long-tailed visual recognition via gaussian clouded logit adjustment},
  author={Li, Mengke and Cheung, Yiu-ming and Lu, Yang},
  booktitle={Proceedings of the IEEE/CVF Conference on Computer Vision and Pattern Recognition},
  pages={6929--6938},
  year={2022}
}

@inproceedings{paper22,
  title={Metasaug: Meta semantic augmentation for long-tailed visual recognition},
  author={Li, Shuang and Gong, Kaixiong and Liu, Chi Harold and Wang, Yulin and Qiao, Feng and Cheng, Xinjing},
  booktitle={Proceedings of the IEEE/CVF conference on computer vision and pattern recognition},
  pages={5212--5221},
  year={2021}
}

@inproceedings{paper23,
  title={Focal loss for dense object detection},
  author={Lin, Tsung-Yi and Goyal, Priya and Girshick, Ross and He, Kaiming and Doll{\'a}r, Piotr},
  booktitle={Proceedings of the IEEE international conference on computer vision},
  pages={2980--2988},
  year={2017}
}

@inproceedings{paper24,
  title={Gistnet: a geometric structure transfer network for long-tailed recognition},
  author={Liu, Bo and Li, Haoxiang and Kang, Hao and Hua, Gang and Vasconcelos, Nuno},
  booktitle={Proceedings of the IEEE/CVF International Conference on Computer Vision},
  pages={8209--8218},
  year={2021}
}

@inproceedings{paper25,
  title={Memory-based jitter: Improving visual recognition on long-tailed data with diversity in memory},
  author={Liu, Jialun and Li, Wenhui and Sun, Yifan},
  booktitle={Proceedings of the AAAI Conference on Artificial Intelligence},
  volume={36},
  number={2},
  pages={1720--1728},
  year={2022}
}

@inproceedings{paper26,
  title={Deep representation learning on long-tailed data: A learnable embedding augmentation perspective},
  author={Liu, Jialun and Sun, Yifan and Han, Chuchu and Dou, Zhaopeng and Li, Wenhui},
  booktitle={Proceedings of the IEEE/CVF conference on computer vision and pattern recognition},
  pages={2970--2979},
  year={2020}
}

@inproceedings{paper28,
  title={Personalized Federated Learning on Long-Tailed Data via Adversarial Feature Augmentation},
  author={Lu, Yang and Qian, Pinxin and Huang, Gang and Wang, Hanzi},
  booktitle={ICASSP 2023-2023 IEEE International Conference on Acoustics, Speech and Signal Processing (ICASSP)},
  pages={1--5},
  year={2023},
  organization={IEEE}
}

@inproceedings{
paper29,
title={Delving into Semantic Scale Imbalance},
author={Yanbiao Ma and Licheng Jiao and Fang Liu and Yuxin Li and Shuyuan Yang and Xu Liu},
booktitle={The Eleventh International Conference on Learning Representations },
year={2023},
url={https://openreview.net/forum?id=07tc5kKRIo}
}

@inproceedings{paper31,
  title={Curvature-Balanced Feature Manifold Learning for Long-Tailed Classification},
  author={Ma, Yanbiao and Jiao, Licheng and Liu, Fang and Yang, Shuyuan and Liu, Xu and Li, Lingling},
  booktitle={Proceedings of the IEEE/CVF Conference on Computer Vision and Pattern Recognition},
  pages={15824--15835},
  year={2023}
}

@inproceedings{paper32,
  title={Long-tail recognition via compositional knowledge transfer},
  author={Parisot, Sarah and Esperan{\c{c}}a, Pedro M and McDonagh, Steven and Madarasz, Tamas J and Yang, Yongxin and Li, Zhenguo},
  booktitle={Proceedings of the IEEE/CVF Conference on Computer Vision and Pattern Recognition},
  pages={6939--6948},
  year={2022}
}

@inproceedings{paper33,
  title={The majority can help the minority: Context-rich minority oversampling for long-tailed classification},
  author={Park, Seulki and Hong, Youngkyu and Heo, Byeongho and Yun, Sangdoo and Choi, Jin Young},
  booktitle={Proceedings of the IEEE/CVF Conference on Computer Vision and Pattern Recognition},
  pages={6887--6896},
  year={2022}
}

@article{paper34,
  title={Balanced meta-softmax for long-tailed visual recognition},
  author={Ren, Jiawei and Yu, Cunjun and Ma, Xiao and Zhao, Haiyu and Yi, Shuai and others},
  journal={Advances in neural information processing systems},
  volume={33},
  pages={4175--4186},
  year={2020}
}

@article{paper35,
  title={Imagenet large scale visual recognition challenge},
  author={Russakovsky, Olga and Deng, Jia and Su, Hao and Krause, Jonathan and Satheesh, Sanjeev and Ma, Sean and Huang, Zhiheng and Karpathy, Andrej and Khosla, Aditya and Bernstein, Michael and others},
  journal={International journal of computer vision},
  volume={115},
  pages={211--252},
  year={2015},
  publisher={Springer}
}

@inproceedings{paper36,
  title={Class-wise difficulty-balanced loss for solving class-imbalance},
  author={Sinha, Saptarshi and Ohashi, Hiroki and Nakamura, Katsuyuki},
  booktitle={Proceedings of the Asian conference on computer vision},
  year={2020}
}

@article{paper37,
  title={Class-difficulty based methods for long-tailed visual recognition},
  author={Sinha, Saptarshi and Ohashi, Hiroki and Nakamura, Katsuyuki},
  journal={International Journal of Computer Vision},
  volume={130},
  number={10},
  pages={2517--2531},
  year={2022},
  publisher={Springer}
}

@inproceedings{paper38,
  title={Equalization loss for long-tailed object recognition},
  author={Tan, Jingru and Wang, Changbao and Li, Buyu and Li, Quanquan and Ouyang, Wanli and Yin, Changqing and Yan, Junjie},
  booktitle={Proceedings of the IEEE/CVF conference on computer vision and pattern recognition},
  pages={11662--11671},
  year={2020}
}

@article{paper39,
  title={Long-tailed classification by keeping the good and removing the bad momentum causal effect},
  author={Tang, Kaihua and Huang, Jianqiang and Zhang, Hanwang},
  journal={Advances in Neural Information Processing Systems},
  volume={33},
  pages={1513--1524},
  year={2020}
}

@inproceedings{paper40,
  title={The inaturalist species classification and detection dataset},
  author={Van Horn, Grant and Mac Aodha, Oisin and Song, Yang and Cui, Yin and Sun, Chen and Shepard, Alex and Adam, Hartwig and Perona, Pietro and Belongie, Serge},
  booktitle={Proceedings of the IEEE conference on computer vision and pattern recognition},
  pages={8769--8778},
  year={2018}
}

@article{paper41,
  title={Label-aware distribution calibration for long-tailed classification},
  author={Wang, Chaozheng and Gao, Shuzheng and Wang, Pengyun and Gao, Cuiyun and Pei, Wenjie and Pan, Lujia and Xu, Zenglin},
  journal={IEEE Transactions on Neural Networks and Learning Systems},
  number={99},
  pages={1--13},
  year={2022},
  publisher={IEEE}
}

@inproceedings{paper42,
  title={Rsg: A simple but effective module for learning imbalanced datasets},
  author={Wang, Jianfeng and Lukasiewicz, Thomas and Hu, Xiaolin and Cai, Jianfei and Xu, Zhenghua},
  booktitle={Proceedings of the IEEE/CVF Conference on Computer Vision and Pattern Recognition},
  pages={3784--3793},
  year={2021}
}

@inproceedings{paper43,
  title={The devil is in classification: A simple framework for long-tail instance segmentation},
  author={Wang, Tao and Li, Yu and Kang, Bingyi and Li, Junnan and Liew, Junhao and Tang, Sheng and Hoi, Steven and Feng, Jiashi},
  booktitle={Computer Vision--ECCV 2020: 16th European Conference, Glasgow, UK, August 23--28, 2020, Proceedings, Part XIV 16},
  pages={728--744},
  year={2020},
  organization={Springer}
}

@article{paper45,
  title={Long-tailed recognition by routing diverse distribution-aware experts},
  author={Wang, Xudong and Lian, Long and Miao, Zhongqi and Liu, Ziwei and Yu, Stella X},
  journal={arXiv preprint arXiv:2010.01809},
  year={2020}
}

@inproceedings{paper46,
  title={Cross-batch memory for embedding learning},
  author={Wang, Xun and Zhang, Haozhi and Huang, Weilin and Scott, Matthew R},
  booktitle={Proceedings of the IEEE/CVF Conference on Computer Vision and Pattern Recognition},
  pages={6388--6397},
  year={2020}
}

@inproceedings{paper47,
  title={Dynamic curriculum learning for imbalanced data classification},
  author={Wang, Yiru and Gan, Weihao and Yang, Jie and Wu, Wei and Yan, Junjie},
  booktitle={Proceedings of the IEEE/CVF international conference on computer vision},
  pages={5017--5026},
  year={2019}
}

@inproceedings{paper48,
  title={Adversarial examples improve image recognition},
  author={Xie, Cihang and Tan, Mingxing and Gong, Boqing and Wang, Jiang and Yuille, Alan L and Le, Quoc V},
  booktitle={Proceedings of the IEEE/CVF conference on computer vision and pattern recognition},
  pages={819--828},
  year={2020}
}

@inproceedings{paper49,
  title={Aggregated residual transformations for deep neural networks},
  author={Xie, Saining and Girshick, Ross and Doll{\'a}r, Piotr and Tu, Zhuowen and He, Kaiming},
  booktitle={Proceedings of the IEEE conference on computer vision and pattern recognition},
  pages={1492--1500},
  year={2017}
}

@article{paper50,
  title={Towards calibrated model for long-tailed visual recognition from prior perspective},
  author={Xu, Zhengzhuo and Chai, Zenghao and Yuan, Chun},
  journal={Advances in Neural Information Processing Systems},
  volume={34},
  pages={7139--7152},
  year={2021}
}

@article{paper51,
  title={Why does rebalancing class-unbalanced data improve AUC for linear discriminant analysis?},
  author={Xue, Jing-Hao and Hall, Peter},
  journal={IEEE transactions on pattern analysis and machine intelligence},
  volume={37},
  number={5},
  pages={1109--1112},
  year={2014},
  publisher={IEEE}
}

@inproceedings{paper52,
  title={Feature transfer learning for face recognition with under-represented data},
  author={Yin, Xi and Yu, Xiang and Sohn, Kihyuk and Liu, Xiaoming and Chandraker, Manmohan},
  booktitle={Proceedings of the IEEE/CVF conference on computer vision and pattern recognition},
  pages={5704--5713},
  year={2019}
}

@inproceedings{paper53,
  title={Pure noise to the rescue of insufficient data: Improving imbalanced classification by training on random noise images},
  author={Zada, Shiran and Benou, Itay and Irani, Michal},
  booktitle={International Conference on Machine Learning},
  pages={25817--25833},
  year={2022},
  organization={PMLR}
}

@inproceedings{paper54,
  title={Fasa: Feature augmentation and sampling adaptation for long-tailed instance segmentation},
  author={Zang, Yuhang and Huang, Chen and Loy, Chen Change},
  booktitle={Proceedings of the IEEE/CVF International Conference on Computer Vision},
  pages={3457--3466},
  year={2021}
}

@article{paper55,
  title={Deep long-tailed learning: A survey},
  author={Zhang, Yifan and Kang, Bingyi and Hooi, Bryan and Yan, Shuicheng and Feng, Jiashi},
  journal={IEEE Transactions on Pattern Analysis and Machine Intelligence},
  year={2023},
  publisher={IEEE}
}

@inproceedings{paper56,
  title={Bag of tricks for long-tailed visual recognition with deep convolutional neural networks},
  author={Zhang, Yongshun and Wei, Xiu-Shen and Zhou, Boyan and Wu, Jianxin},
  booktitle={Proceedings of the AAAI conference on artificial intelligence},
  volume={35},
  number={4},
  pages={3447--3455},
  year={2021}
}

@inproceedings{paper57,
  title={Learning fast sample re-weighting without reward data},
  author={Zhang, Zizhao and Pfister, Tomas},
  booktitle={Proceedings of the IEEE/CVF International Conference on Computer Vision},
  pages={725--734},
  year={2021}
}

@article{paper58,
  title={Adaptive cost-sensitive online classification},
  author={Zhao, Peilin and Zhang, Yifan and Wu, Min and Hoi, Steven CH and Tan, Mingkui and Huang, Junzhou},
  journal={IEEE Transactions on Knowledge and Data Engineering},
  volume={31},
  number={2},
  pages={214--228},
  year={2018},
  publisher={IEEE}
}

@inproceedings{paper59,
  title={Adaptive logit adjustment loss for long-tailed visual recognition},
  author={Zhao, Yan and Chen, Weicong and Tan, Xu and Huang, Kai and Zhu, Jihong},
  booktitle={Proceedings of the AAAI Conference on Artificial Intelligence},
  volume={36},
  number={3},
  pages={3472--3480},
  year={2022}
}

@inproceedings{paper60,
  title={Improving calibration for long-tailed recognition},
  author={Zhong, Zhisheng and Cui, Jiequan and Liu, Shu and Jia, Jiaya},
  booktitle={Proceedings of the IEEE/CVF conference on computer vision and pattern recognition},
  pages={16489--16498},
  year={2021}
}

@inproceedings{paper61,
  title={Bbn: Bilateral-branch network with cumulative learning for long-tailed visual recognition},
  author={Zhou, Boyan and Cui, Quan and Wei, Xiu-Shen and Chen, Zhao-Min},
  booktitle={Proceedings of the IEEE/CVF conference on computer vision and pattern recognition},
  pages={9719--9728},
  year={2020}
}

@article{paper62,
  title={Training cost-sensitive neural networks with methods addressing the class imbalance problem},
  author={Zhou, Zhi-Hua and Liu, Xu-Ying},
  journal={IEEE Transactions on knowledge and data engineering},
  volume={18},
  number={1},
  pages={63--77},
  year={2005},
  publisher={IEEE}
}

@ARTICLE{paper63,
  author={Ma, Yanbiao and Jiao, Licheng and Liu, Fang and Yang, Shuyuan and Liu, Xu and Chen, Puhua},
  journal={IEEE Transactions on Multimedia}, 
  title={Feature distribution representation learning based on knowledge transfer for long-tailed classification}, 
  year={2023},
  volume={},
  number={},
  pages={1-14},
  doi={10.1109/TMM.2023.3303697}}

@inproceedings{paper64,
  title={Delving into sample loss curve to embrace noisy and imbalanced data},
  author={Jiang, Shenwang and Li, Jianan and Wang, Ying and Huang, Bo and Zhang, Zhang and Xu, Tingfa},
  booktitle={Proceedings of the AAAI Conference on Artificial Intelligence},
  volume={36},
  number={6},
  pages={7024--7032},
  year={2022}
}

@inproceedings{
paper65,
title={Tradeoffs in Data Augmentation: An Empirical Study},
author={Raphael Gontijo-Lopes and Sylvia Smullin and Ekin Dogus Cubuk and Ethan Dyer},
booktitle={International Conference on Learning Representations},
year={2021},
url={https://openreview.net/forum?id=ZcKPWuhG6wy}
}

@article{paper66,
  title={Advances, challenges and opportunities in creating data for trustworthy AI},
  author={Liang, Weixin and Tadesse, Girmaw Abebe and Ho, Daniel and Fei-Fei, L and Zaharia, Matei and Zhang, Ce and Zou, James},
  journal={Nature Machine Intelligence},
  volume={4},
  number={8},
  pages={669--677},
  year={2022},
  publisher={Nature Publishing Group UK London}
}

@article{paper67,
  title={Disparities in dermatology AI: assessments using diverse clinical images},
  author={Daneshjou, Roxana and Vodrahalli, Kailas and Liang, Weixin and Novoa, Roberto A and Jenkins, Melissa and Rotemberg, Veronica and Ko, Justin and Swetter, Susan M and Bailey, Elizabeth E and Gevaert, Olivier and others},
  journal={arXiv preprint arXiv:2111.08006},
  year={2021}
}

@article{paper68,
  title={Dynabench: Rethinking benchmarking in NLP},
  author={Kiela, Douwe and Bartolo, Max and Nie, Yixin and Kaushik, Divyansh and Geiger, Atticus and Wu, Zhengxuan and Vidgen, Bertie and Prasad, Grusha and Singh, Amanpreet and Ringshia, Pratik and others},
  journal={arXiv preprint arXiv:2104.14337},
  year={2021}
}

@inproceedings{paper69,
  title={“Everyone wants to do the model work, not the data work”: Data Cascades in High-Stakes AI},
  author={Sambasivan, Nithya and Kapania, Shivani and Highfill, Hannah and Akrong, Diana and Paritosh, Praveen and Aroyo, Lora M},
  booktitle={proceedings of the 2021 CHI Conference on Human Factors in Computing Systems},
  pages={1--15},
  year={2021}
}

@article{paper70,
  title={Data and its (dis) contents: A survey of dataset development and use in machine learning research},
  author={Paullada, Amandalynne and Raji, Inioluwa Deborah and Bender, Emily M and Denton, Emily and Hanna, Alex},
  journal={Patterns},
  volume={2},
  number={11},
  year={2021},
  publisher={Elsevier}
}

@article{paper71,
  title={Optimal experimental design},
  author={Smucker, Byran and Krzywinski, Martin and Altman, Naomi},
  journal={Nat. Methods},
  volume={15},
  number={8},
  pages={559--560},
  year={2018}
}

@article{paper72,
  title={A survey on bias and fairness in machine learning},
  author={Mehrabi, Ninareh and Morstatter, Fred and Saxena, Nripsuta and Lerman, Kristina and Galstyan, Aram},
  journal={ACM computing surveys (CSUR)},
  volume={54},
  number={6},
  pages={1--35},
  year={2021},
  publisher={ACM New York, NY, USA}
}

@article{paper73,
  title={Human-ai collaboration in data science: Exploring data scientists' perceptions of automated ai},
  author={Wang, Dakuo and Weisz, Justin D and Muller, Michael and Ram, Parikshit and Geyer, Werner and Dugan, Casey and Tausczik, Yla and Samulowitz, Horst and Gray, Alexander},
  journal={Proceedings of the ACM on human-computer interaction},
  volume={3},
  number={CSCW},
  pages={1--24},
  year={2019},
  publisher={ACM New York, NY, USA}
}

@article{paper74,
  title={Uncertainty modeling for out-of-distribution generalization},
  author={Li, Xiaotong and Dai, Yongxing and Ge, Yixiao and Liu, Jun and Shan, Ying and Duan, Ling-Yu},
  journal={arXiv preprint arXiv:2202.03958},
  year={2022}
}

@article{paper75,
  title={Positive-incentive noise},
  author={Li, Xuelong},
  journal={IEEE Transactions on Neural Networks and Learning Systems},
  year={2022},
  publisher={IEEE}
}

@inproceedings{paper76,
  title={Data shapley: Equitable valuation of data for machine learning},
  author={Ghorbani, Amirata and Zou, James},
  booktitle={International conference on machine learning},
  pages={2242--2251},
  year={2019},
  organization={PMLR}
}

@inproceedings{paper77,
  title={Learning from multiple experts: Self-paced knowledge distillation for long-tailed classification},
  author={Xiang, Liuyu and Ding, Guiguang and Han, Jungong},
  booktitle={Computer Vision--ECCV 2020: 16th European Conference, Glasgow, UK, August 23--28, 2020, Proceedings, Part V 16},
  pages={247--263},
  year={2020},
  organization={Springer}
}

@inproceedings{
paper78,
title={Pervasive Label Errors in Test Sets Destabilize Machine Learning Benchmarks},
author={Curtis G Northcutt and Anish Athalye and Jonas Mueller},
booktitle={Thirty-fifth Conference on Neural Information Processing Systems Datasets and Benchmarks Track (Round 1)},
year={2021},
url={https://openreview.net/forum?id=XccDXrDNLek}
}

@article{paper79,
  title={Separating Noisy Samples From Tail Classes for Long-Tailed Image Classification With Label Noise},
  author={Fang, Chaowei and Cheng, Lechao and Mao, Yining and Zhang, Dingwen and Fang, Yixiang and Li, Guanbin and Qi, Huiyan and Jiao, Licheng},
  journal={IEEE Transactions on Neural Networks and Learning Systems},
  year={2023},
  publisher={IEEE}
}

@inproceedings{paper80,
  title={Identifying hard noise in long-tailed sample distribution},
  author={Yi, Xuanyu and Tang, Kaihua and Hua, Xian-Sheng and Lim, Joo-Hwee and Zhang, Hanwang},
  booktitle={European Conference on Computer Vision},
  pages={739--756},
  year={2022},
  organization={Springer}
}

@article{paper81,
  title={ObjectLab: Automated Diagnosis of Mislabeled Images in Object Detection Data},
  author={Tkachenko, Ulyana and Thyagarajan, Aditya and Mueller, Jonas},
  journal={arXiv preprint arXiv:2309.00832},
  year={2023}
}

@article{paper82,
  title={Estimating label quality and errors in semantic segmentation data via any model},
  author={Lad, Vedang and Mueller, Jonas},
  journal={arXiv preprint arXiv:2307.05080},
  year={2023}
}

@article{paper83,
  title={An empirical study of example forgetting during deep neural network learning},
  author={Toneva, Mariya and Sordoni, Alessandro and Combes, Remi Tachet des and Trischler, Adam and Bengio, Yoshua and Gordon, Geoffrey J},
  journal={arXiv preprint arXiv:1812.05159},
  year={2018}
}

@article{paper84,
  title={Heteroskedastic and imbalanced deep learning with adaptive regularization},
  author={Cao, Kaidi and Chen, Yining and Lu, Junwei and Arechiga, Nikos and Gaidon, Adrien and Ma, Tengyu},
  journal={arXiv preprint arXiv:2006.15766},
  year={2020}
}

@article{paper85,
  title={mixup: Beyond empirical risk minimization},
  author={Zhang, Hongyi and Cisse, Moustapha and Dauphin, Yann N and Lopez-Paz, David},
  journal={arXiv preprint arXiv:1710.09412},
  year={2017}
}

@article{paper86,
  title={Improved regularization of convolutional neural networks with cutout},
  author={DeVries, Terrance and Taylor, Graham W},
  journal={arXiv preprint arXiv:1708.04552},
  year={2017}
}

@inproceedings{paper87,
  title={Cutmix: Regularization strategy to train strong classifiers with localizable features},
  author={Yun, Sangdoo and Han, Dongyoon and Oh, Seong Joon and Chun, Sanghyuk and Choe, Junsuk and Yoo, Youngjoon},
  booktitle={Proceedings of the IEEE/CVF international conference on computer vision},
  pages={6023--6032},
  year={2019}
}

@article{paper88,
  title={Fill-Up: Balancing Long-Tailed Data with Generative Models},
  author={Shin, Joonghyuk and Kang, Minguk and Park, Jaesik},
  journal={arXiv preprint arXiv:2306.07200},
  year={2023}
}

@article{paper89,
  title={Exploiting Synthetic Data for Data Imbalance Problems: Baselines from a Data Perspective},
  author={Ye-Bin, Moon and Hyeon-Woo, Nam and Choi, Wonseok and Kim, Nayeong and Kwak, Suha and Oh, Tae-Hyun},
  journal={arXiv preprint arXiv:2308.00994},
  year={2023}
}

@article{paper90,
  title={Expanding small-scale datasets with guided imagination},
  author={Zhang, Yifan and Zhou, Daquan and Hooi, Bryan and Wang, Kai and Feng, Jiashi},
  journal={arXiv preprint arXiv:2211.13976},
  year={2022}
}

@inproceedings{paper91,
  title={On multi-domain long-tailed recognition, imbalanced domain generalization and beyond},
  author={Yang, Yuzhe and Wang, Hao and Katabi, Dina},
  booktitle={European Conference on Computer Vision},
  pages={57--75},
  year={2022},
  organization={Springer}
}

@article{paper92,
  title={Variational Positive-incentive Noise: How Noise Benefits Models},
  author={Zhang, Hongyuan and Huang, Sida and Li, Xuelong},
  journal={arXiv preprint arXiv:2306.07651},
  year={2023}
}

@ARTICLE{paper93,
  author={Liang, Tianming and Liu, Yang and Liu, Xiaoyan and Zhang, Hao and Sharma, Gaurav and Guo, Maozu},
  journal={IEEE Transactions on Knowledge and Data Engineering}, 
  title={Distantly-Supervised Long-Tailed Relation Extraction Using Constraint Graphs}, 
  year={2023},
  volume={35},
  number={7},
  pages={6852-6865},
  doi={10.1109/TKDE.2022.3177226}}

@ARTICLE{paper94,
  author={He, Haibo and Garcia, Edwardo A.},
  journal={IEEE Transactions on Knowledge and Data Engineering}, 
  title={Learning from Imbalanced Data}, 
  year={2009},
  volume={21},
  number={9},
  pages={1263-1284},
  doi={10.1109/TKDE.2008.239}}

@article{paper95,
  title={Geographic distribution of US cohorts used to train deep learning algorithms},
  author={Kaushal, Amit and Altman, Russ and Langlotz, Curt},
  journal={Jama},
  volume={324},
  number={12},
  pages={1212--1213},
  year={2020},
  publisher={American Medical Association}
}

@inproceedings{paper96,
  title={Comparison of Neural Networks' Performance in Early Screening of Autism Spectrum Disorders Under Two MRI Principles},
  author={Zhang, Mingkang and Ma, Yanbiao and Zheng, Linan and Wang, Yuanyuan and Liu, Zhihong and Ma, Jianfeng},
  booktitle={2019 International Conference on Networking and Network Applications (NaNA)},
  pages={338--343},
  year={2019},
  organization={IEEE}
}

@inproceedings{paper97,
  title={Multisource data fusion for the detection of settlements without electricity},
  author={Ma, Yanbiao and Li, Yuxin and Feng, Kexin and Geng, Xueli and Jiao, Licheng and Liu, Fang and Yang, Yuting},
  booktitle={2021 IEEE International Geoscience and Remote Sensing Symposium IGARSS},
  pages={1839--1842},
  year={2021},
  organization={IEEE}
}

@article{paper98,
  title={The outcome of the 2021 IEEE GRSS data fusion contest-Track DSE: Detection of settlements without electricity},
  author={Ma, Yanbiao and Li, Yuxin and Feng, Kexin and Xia, Yu and Huang, Qi and Zhang, Hongyan and Prieur, Colin and Licciardi, Giorgio and Malha, Hana and Chanussot, Jocelyn and others},
  journal={IEEE Journal of Selected Topics in Applied Earth Observations and Remote Sensing},
  volume={14},
  pages={12375--12385},
  year={2021},
  publisher={IEEE}
}

@ARTICLE{paper99,
  author={Li, Jingjing and Lu, Ke and Huang, Zi and Shen, Heng Tao},
  journal={IEEE Transactions on Knowledge and Data Engineering}, 
  title={On Both Cold-Start and Long-Tail Recommendation with Social Data}, 
  year={2021},
  volume={33},
  number={1},
  pages={194-208},
  doi={10.1109/TKDE.2019.2924656}}

@article{paper100,
  title={An Explainable Diagnostic Method for Autism Spectrum Disorder Using Neural Network.},
  author={Zhang, Mingkang and Ma, Yanbiao and Zheng, Linan and Wang, Yuanyuan and Liu, Zhihong and Ma, Jianfeng and Xiang, Qian and Zhang, Kexin and Jiao, Licheng},
  journal={Journal of Information Science \& Engineering},
  volume={37},
  number={2},
  year={2021}
}

@article{paper101,
  title={Designing the collective intelligence commons},
  author={Gill, Issy and Baeck, Peter and Whittington, Oli},
  year={2022},
  publisher={Nesta}
}

@inproceedings{paper102,
  title={Towards Better Stability and Adaptability: Improve Online Self-Training for Model Adaptation in Semantic Segmentation},
  author={Zhao, Dong and Wang, Shuang and Zang, Qi and Quan, Dou and Ye, Xiutiao and Jiao, Licheng},
  booktitle={Proceedings of the IEEE/CVF Conference on Computer Vision and Pattern Recognition},
  pages={11733--11743},
  year={2023}
}

@article{paper103,
  title={Darknight: A data privacy scheme for training and inference of deep neural networks},
  author={Hashemi, Hanieh and Wang, Yongqin and Annavaram, Murali},
  journal={arXiv preprint arXiv:2006.01300},
  year={2020}
}

@article{paper104,
  title={Privacy-preserving machine learning with multiple data providers},
  author={Li, Ping and Li, Tong and Ye, Heng and Li, Jin and Chen, Xiaofeng and Xiang, Yang},
  journal={Future Generation Computer Systems},
  volume={87},
  pages={341--350},
  year={2018},
  publisher={Elsevier}
}

@article{paper105,
  title={Chiron: Privacy-preserving machine learning as a service},
  author={Hunt, Tyler and Song, Congzheng and Shokri, Reza and Shmatikov, Vitaly and Witchel, Emmett},
  journal={arXiv preprint arXiv:1803.05961},
  year={2018}
}

@article{paper106,
  title={Security and privacy issues in deep learning: a brief review},
  author={Ha, Trung and Dang, Tran Khanh and Le, Hieu and Truong, Tuan Anh},
  journal={SN Computer Science},
  volume={1},
  number={5},
  pages={253},
  year={2020},
  publisher={Springer}
}

@inproceedings{paper107,
  title={Learning Pseudo-Relations for Cross-domain Semantic Segmentation},
  author={Zhao, Dong and Wang, Shuang and Zang, Qi and Quan, Dou and Ye, Xiutiao and Yang, Rui and Jiao, Licheng},
  booktitle={Proceedings of the IEEE/CVF International Conference on Computer Vision},
  pages={19191--19203},
  year={2023}
}

@article{paper108,
  title={Data collection and quality challenges in deep learning: A data-centric ai perspective},
  author={Whang, Steven Euijong and Roh, Yuji and Song, Hwanjun and Lee, Jae-Gil},
  journal={The VLDB Journal},
  volume={32},
  number={4},
  pages={791--813},
  year={2023},
  publisher={Springer}
}

@article{paper109,
  title={Knowledge-Guided Data-Centric AI in Healthcare: Progress, Shortcomings, and Future Directions},
  author={Chang, Edward Y},
  journal={arXiv preprint arXiv:2212.13591},
  year={2022}
}

@article{paper110,
  title={Is one annotation enough?-A data-centric image classification benchmark for noisy and ambiguous label estimation},
  author={Schmarje, Lars and Grossmann, Vasco and Zelenka, Claudius and Dippel, Sabine and Kiko, Rainer and Oszust, Mariusz and Pastell, Matti and Stracke, Jenny and Valros, Anna and Volkmann, Nina and others},
  journal={Advances in Neural Information Processing Systems},
  volume={35},
  pages={33215--33232},
  year={2022}
}

@article{paper111,
  title={Determinantal point processes for image processing},
  author={Launay, Claire and Desolneux, Agn{\`e}s and Galerne, Bruno},
  journal={SIAM Journal on Imaging Sciences},
  volume={14},
  number={1},
  pages={304--348},
  year={2021},
  publisher={SIAM}
}

@misc{paper112,
      title={Orthogonal Uncertainty Representation of Data Manifold for Robust Long-Tailed Learning}, 
      author={Yanbiao Ma and Licheng Jiao and Fang Liu and Shuyuan Yang and Xu Liu and Lingling Li},
      year={2023},
      eprint={2310.10090},
      archivePrefix={arXiv},
      primaryClass={cs.LG}
}

@ARTICLE{paper113,
  author={Liang, Tianming and Liu, Yang and Liu, Xiaoyan and Zhang, Hao and Sharma, Gaurav and Guo, Maozu},
  journal={IEEE Transactions on Knowledge and Data Engineering}, 
  title={Distantly-Supervised Long-Tailed Relation Extraction Using Constraint Graphs}, 
  year={2023},
  volume={35},
  number={7},
  pages={6852-6865},
  doi={10.1109/TKDE.2022.3177226}}

@ARTICLE{paper114,
  author={Cao, Yixin and Kuang, Jun and Gao, Ming and Zhou, Aoying and Wen, Yonggang and Chua, Tat-Seng},
  journal={IEEE Transactions on Knowledge and Data Engineering}, 
  title={Learning Relation Prototype From Unlabeled Texts for Long-Tail Relation Extraction}, 
  year={2023},
  volume={35},
  number={2},
  pages={1761-1774},
  doi={10.1109/TKDE.2021.3096200}}

@ARTICLE{paper115,
  author={Li, Jingjing and Lu, Ke and Huang, Zi and Shen, Heng Tao},
  journal={IEEE Transactions on Knowledge and Data Engineering}, 
  title={On Both Cold-Start and Long-Tail Recommendation with Social Data}, 
  year={2021},
  volume={33},
  number={1},
  pages={194-208},
  doi={10.1109/TKDE.2019.2924656}}

@ARTICLE{paper116,
  author={Liang, Langzhang and Xu, Zenglin and Song, Zixing and King, Irwin and Qi, Yuan and Ye, Jieping},
  journal={IEEE Transactions on Knowledge and Data Engineering}, 
  title={Tackling Long-tailed Distribution Issue in Graph Neural Networks via Normalization}, 
  year={2023},
  volume={},
  number={},
  pages={1-11},
  doi={10.1109/TKDE.2023.3315284}}

@misc{paper117,
      title={Geometric Prior Guided Feature Representation Learning for Long-Tailed Classification}, 
      author={Yanbiao Ma and Licheng Jiao and Fang Liu and Shuyuan Yang and Xu Liu and Puhua Chen},
      year={2024},
      eprint={2401.11436},
      archivePrefix={arXiv},
      primaryClass={cs.CV}
}

@article{paper118,
  title={Prototype-based classifier learning for long-tailed visual recognition},
  author={Wei, Xiu-Shen and Xu, Shu-Lin and Chen, Hao and Xiao, Liang and Peng, Yuxin},
  journal={Science China Information Sciences},
  volume={65},
  number={6},
  pages={160105},
  year={2022},
  publisher={Springer}
}

@article{paper119,
  title={Reinforcement learning-based cost-sensitive classifier for imbalanced fault classification},
  author={Zhang, Xinmin and Fan, Saite and Song, Zhihuan},
  journal={Science China Information Sciences},
  volume={66},
  number={11},
  pages={212201},
  year={2023},
  publisher={Springer}
}

@article{paper120,
  title={DP-GenFL: a local differentially private federated learning system through generative data},
  author={Li, Jun and Wei, Kang and Ma, Chuan and Shu, Feng},
  journal={Science China Information Sciences},
  volume={66},
  number={8},
  pages={189303},
  year={2023},
  publisher={Springer}
}

@article{paper121,
  title={Locally differentially private high-dimensional data synthesis},
  author={Chen, Xue and Wang, Cheng and Yang, Qing and Hu, Teng and Jiang, Changjun},
  journal={Science China Information Sciences},
  volume={66},
  number={1},
  pages={112101},
  year={2023},
  publisher={Springer}
}

@article{paper122,
  title={Health care data analysis and visualization using interactive data exploration for sportsperson},
  author={Liu, Hao and Zhang, Yang and Lian, Ke and Zhang, Yifei and Mart{\'\i}nez, Oscar Sanju{\'a}n and Crespo, Rub{\'e}n Gonz{\'a}lez},
  journal={Science China Information Sciences},
  volume={65},
  number={6},
  pages={162101},
  year={2022},
  publisher={Springer}
}

@article{paper123,
  title={Self-paced learning for latent variable models},
  author={Kumar, M and Packer, Benjamin and Koller, Daphne},
  journal={Advances in neural information processing systems},
  volume={23},
  year={2010}
}

@article{paper124,
  title={Labrador: towards fair and auditable data sharing in cloud computing with long-term privacy},
  author={Guo, Xiaojie and Li, Jin and Liu, Zheli and Wei, Yu and Zhang, Xiao and Dong, Changyu},
  journal={Science China Information Sciences},
  volume={65},
  pages={1--14},
  year={2022},
  publisher={Springer}
}

@article{kbs1,
  title={Imbalance fault diagnosis under long-tailed distribution: Challenges, solutions and prospects},
  author={Chen, Zhuohang and Chen, Jinglong and Feng, Yong and Liu, Shen and Zhang, Tianci and Zhang, Kaiyu and Xiao, Wenrong},
  journal={Knowledge-Based Systems},
  volume={258},
  pages={110008},
  year={2022},
  publisher={Elsevier}
}

@article{kbs2,
  title={Multi-expert Attention Network with Unsupervised Aggregation for long-tailed fault diagnosis under speed variation},
  author={Chen, Zhuohang and Chen, Jinglong and Xie, Zongliang and Xu, Enyong and Feng, Yong and Liu, Shen},
  journal={Knowledge-Based Systems},
  volume={252},
  pages={109393},
  year={2022},
  publisher={Elsevier}
}

@article{kbs3,
  title={Recommending the long tail items through personalized diversification},
  author={Hamedani, Elaheh Malekzadeh and Kaedi, Marjan},
  journal={Knowledge-Based Systems},
  volume={164},
  pages={348--357},
  year={2019},
  publisher={Elsevier}
}

@article{kbs4,
  title={Easy balanced mixing for long-tailed data},
  author={Zhu, Zonghai and Xing, Huanlai and Xu, Yuge},
  journal={Knowledge-Based Systems},
  volume={248},
  pages={108816},
  year={2022},
  publisher={Elsevier}
}

@article{kbs5,
  title={Model-centric transfer learning framework for concept drift detection},
  author={Wang, Pingfan and Jin, Nanlin and Davies, Duncan and Woo, Wai Lok},
  journal={Knowledge-Based Systems},
  volume={275},
  pages={110705},
  year={2023},
  publisher={Elsevier}
}












