@inproceedings{bezcioglu_self-organised_2021,
	address = {Prague, Czech Republic},
	title = {Self-{Organised} {Swarm} {Flocking} with {Deep} {Reinforcement} {Learning}},
	opt_url = {https://ieeexplore.ieee.org/abstract/document/9376509},
	doi = {10.1109/ICARA51699.2021.9376509},
	urldate = {2024-08-27},
	booktitle = {2021 7th {International} {Conference} on {Automation}, {Robotics} and {Applications}},
	author = {Bezcioglu, Mehmet B. and Lennox, Barry and Arvin, Farshad},
	month = feb,
	year = {2021},
	keywords = {/unread, Dynamics, Multi-agent Learning, Optimization, Reinforcement learning, Reinforcement Learning, Robots, Self-organised Flocking, Sociology, Statistics, Swarm Robotics, Task analysis},
	pages = {226--230},
}

@inproceedings{chen_conceptual_2016,
	address = {Vancouver, BC, Canada},
	title = {A conceptual modeling of flocking-regulated multi-agent reinforcement learning},
	opt_url = {https://ieeexplore.ieee.org/abstract/document/7727894},
	doi = {10.1109/IJCNN.2016.7727894},
	urldate = {2024-08-27},
	booktitle = {2016 {International} {Joint} {Conference} on {Neural} {Networks}},
	author = {Chen, C.S. and Hou, Yaqing and Ong, Y.S.},
	month = jul,
	year = {2016},
	opt_note = {ISSN: 2161-4407},
	keywords = {/unread, Estimation, Games, Learning (artificial intelligence), Particle swarm optimization, Sensors, Silicon, Sonar},
	pages = {5256--5262},
}

@inproceedings{fernando_online_2021,
	address = {Xi'an, China},
	title = {Online {Flocking} {Control} of {UAVs} with {Mean}-{Field} {Approximation}},
	opt_url = {https://ieeexplore.ieee.org/abstract/document/9560899},
	doi = {10.1109/ICRA48506.2021.9560899},
	urldate = {2023-12-01},
	booktitle = {2021 {IEEE} {International} {Conference} on {Robotics} and {Automation}},
	author = {Fernando, Malintha},
	month = may,
	year = {2021},
	opt_note = {ISSN: 2577-087X},
	keywords = {/unread},
	pages = {8977--8983},
}

@article{guo_collision-free_2023,
	title = {Collision-{Free} {Distributed} {Control} for {Multiple} {Quadrotors} in {Cluttered} {Environments} {With} {Static} and {Dynamic} {Obstacles}},
	volume = {8},
	issn = {2377-3766, 2377-3774},
	opt_url = {https://ieeexplore.ieee.org/document/10026865/},
	doi = {10.1109/LRA.2023.3240376},
	language = {en},
	number = {3},
	urldate = {2023-06-28},
	journal = {IEEE Robotics and Automation Letters},
	author = {Guo, Jinjin and Qi, Juntong and Wang, Mingming and Wu, Chong and Yang, Guang},
	month = mar,
	year = {2023},
	keywords = {/unread},
	pages = {1501--1508},
}

@article{hung_q-learning_2017,
	title = {A {Q}-{Learning} {Approach} to {Flocking} {With} {UAVs} in a {Stochastic} {Environment}},
	volume = {47},
	issn = {2168-2275},
	opt_url = {https://ieeexplore.ieee.org/abstract/document/7372409},
	doi = {10.1109/TCYB.2015.2509646},
	number = {1},
	urldate = {2024-08-20},
	journal = {IEEE Transactions on Cybernetics},
	author = {Hung, Shao-Ming and Givigi, Sidney N.},
	month = jan,
	year = {2017},
	opt_note = {Conference Name: IEEE Transactions on Cybernetics},
	keywords = {Robot kinematics, Unmanned aerial vehicles, Computational modeling, Topology, Q-learning, Adaptation models, reinforcement learning (RL), Stochastic processes, /unread, Flocking, unmanned aerial vehicles (UAVs)},
	pages = {186--197},
}

@book{koller_probabilistic_2009,
	title = {Probabilistic {Graphical} {Models}: {Principles} and {Techniques}},
	isbn = {978-0-262-01319-2},
	shorttitle = {Probabilistic {Graphical} {Models}},
	language = {en},
	publisher = {MIT Press},
	author = {Koller, Daphne and Friedman, Nir},
	month = jul,
	year = {2009},
	opt_note = {Google-Books-ID: 7dzpHCHzNQ4C},
	keywords = {Computers / Artificial Intelligence / General, /unread},
}

@article{olfati-saber_flocking_2006,
	title = {Flocking for multi-agent dynamic systems: algorithms and theory},
	volume = {51},
	issn = {1558-2523},
	shorttitle = {Flocking for multi-agent dynamic systems},
	doi = {10.1109/TAC.2005.864190},
	number = {3},
	journal = {IEEE Transactions on Automatic Control},
	author = {Olfati-Saber, R.},
	month = mar,
	year = {2006},
	opt_note = {Conference Name: IEEE Transactions on Automatic Control},
	keywords = {Algorithm design and analysis, Biosensors, Consensus theory, Cost function, distributed control, Distributed control, dynamic graphs, Heuristic algorithms, Lyapunov method, mobile sensor networks, networked autonomous vehicles, Peer to peer computing, Self-assembly, self-assembly of networks, self-organizing systems, swarms, Unmanned aerial vehicles, Vehicle dynamics, /unread},
	pages = {401--420},
}

@article{rezeck_chemistry-inspired_2022,
	title = {Chemistry-{Inspired} {Pattern} {Formation} {With} {Robotic} {Swarms}},
	volume = {7},
	issn = {2377-3766, 2377-3774},
	opt_url = {https://ieeexplore.ieee.org/document/9829285/},
	doi = {10.1109/LRA.2022.3190638},
	language = {en},
	number = {4},
	urldate = {2024-03-05},
	journal = {IEEE Robotics and Automation Letters},
	author = {Rezeck, Paulo and Chaimowicz, Luiz},
	month = oct,
	year = {2022},
	keywords = {/unread},
	pages = {9137--9144},
}

@inproceedings{rezeck_cooperative_2021,
	address = {Prague, Czech Republic},
	title = {Cooperative {Object} {Transportation} using {Gibbs} {Random} {Fields}},
	isbn = {978-1-66541-714-3},
	opt_url = {https://ieeexplore.ieee.org/document/9635928/},
	doi = {10.1109/IROS51168.2021.9635928},
	language = {en},
	urldate = {2024-03-05},
	booktitle = {2021 {IEEE}/{RSJ} {International} {Conference} on {Intelligent} {Robots} and {Systems}},
	publisher_ = {IEEE},
	author = {Rezeck, Paulo and Assuncao, Renato M. and Chaimowicz, Luiz},
	month = sep,
	year = {2021},
	keywords = {/unread},
	pages = {9131--9138},
}

@misc{roy_neural_2020,
	title = {Neural {Flocking}: {MPC}-based {Supervised} {Learning} of {Flocking} {Controllers}},
	shorttitle = {Neural {Flocking}},
	opt_url = {http://arxiv.org/abs/1908.09813},
	language = {en},
	urldate = {2023-12-04},
	publisher = {arXiv},
	author = {Roy, Shouvik and Mehmood, Usama and Grosu, Radu and Smolka, Scott A. and Stoller, Scott D. and Tiwari, Ashish},
	month = jan,
	year = {2020},
	note = {arXiv:1908.09813},
	keywords = {Computer Science - Multiagent Systems, /unread},
}

@article{soria_distributed_2022,
	title = {Distributed {Predictive} {Drone} {Swarms} in {Cluttered} {Environments}},
	volume = {7},
	issn = {2377-3766},
	opt_url = {https://ieeexplore.ieee.org/document/9562281},
	doi = {10.1109/LRA.2021.3118091},
	number = {1},
	urldate = {2024-04-22},
	journal = {IEEE Robotics and Automation Letters},
	author = {Soria, Enrica and Schiano, Fabrizio and Floreano, Dario},
	month = jan,
	year = {2022},
	opt_note = {Conference Name: IEEE Robotics and Automation Letters},
	keywords = {Collision avoidance, Safety, Trajectory, Real-time systems, Optimization, multi-robot systems, Swarm robotics, aerial systems: perception and autonomy, Drones, Forestry, /unread},
	pages = {73--80},
}

@article{vasarhelyi_optimized_2018,
	title = {Optimized flocking of autonomous drones in confined environments},
	volume = {3},
	opt_url = {https://www.science.org/doi/full/10.1126/scirobotics.aat3536},
	doi = {10.1126/scirobotics.aat3536},
	number = {20},
	urldate = {2023-08-04},
	journal = {Science Robotics},
	author = {V{\'a}s{\'a}rhelyi, G{\'a}bor and Vir{\'a}gh, Csaba and Somorjai, Gerg{\H o} and Nepusz, Tam{\'a}s and Eiben, Agoston E. and Vicsek, Tam{\'a}s},
	month = jul,
	year = {2018},
    pages = {eaat3536},
}

@inproceedings{wang_deep_2018,
	address = {Anaheim, CA, USA},
	title = {A {Deep} {Reinforcement} {Learning} approach to flocking and navigation of {UAVs} in {Large}-scale {Complex} {Environments}},
	opt_url = {https://ieeexplore.ieee.org/abstract/document/8646428},
	doi = {10.1109/GlobalSIP.2018.8646428},
	urldate = {2024-08-20},
	booktitle = {2018 {IEEE} {Global} {Conference} on {Signal} and {Information} {Processing}},
	author = {Wang, Chao and Wang, Jian and Zhang, Xudong},
	month = nov,
	year = {2018},
	keywords = {/unread, Aerospace electronics, deep reinforcement learning, flocking control, Markov processes, Navigation, Protocols, Reinforcement learning, Task analysis, UAV flocking, UAV navigation, Unmanned aerial vehicles},
	pages = {1228--1232},
	file = {IEEE Xplore Abstract Record:D\:\\dengyu\\Zotero\\storage\\A2HLLWAC\\8646428.html:text/html;IEEE Xplore Full Text PDF:D\:\\dengyu\\Zotero\\storage\\TZNAXW66\\Wang et al. - 2018 - A DEEP REINFORCEMENT LEARNING APPROACH TO FLOCKING.pdf:application/pdf},
}

@article{xiao_graph_2023,
	title = {Graph attention mechanism based reinforcement learning for multi-agent flocking control in communication-restricted environment},
	volume = {620},
	issn = {00200255},
	opt_url = {https://linkinghub.elsevier.com/retrieve/pii/S0020025522013482},
	doi = {10.1016/j.ins.2022.11.059},
	language = {en},
	urldate = {2024-08-20},
	journal = {Information Sciences},
	author = {Xiao, Jian and Yuan, Guohui and He, Jinhui and Fang, Kai and Wang, Zhuoran},
	month = jan,
	year = {2023},
	keywords = {/unread},
	pages = {142--157},
}

@INPROCEEDINGS{yu_grf-based_2024,
  author={Yu, Chenghao and Zhang, Dengyu and Zhang, Qingrui},
  booktitle={2024 IEEE International Conference on Robotics and Automation (ICRA)}, 
  title={{GRF-based Predictive Flocking Control with Dynamic Pattern Formation}}, 
  year={2024},
  volume={},
  number={},
  pages={16788-16794},
  keywords={Potential energy;Pattern formation;Shape control;Shape;Heuristic algorithms;Optimal control;Prediction algorithms},
  doi={10.1109/ICRA57147.2024.10610337},
  address={Yokohama, Japan}
}

@article{zhu_heuristic_2024,
	author={Zhu, Guobin and Zhang, Qingrui and Zhu, Bo and Hu, Tianjiang},
    journal={IEEE/ASME Transactions on Mechatronics}, 
    title={Heuristic Predictive Control for Multirobot Flocking in Congested Environments}, 
    year={2024},
    volume={},
    number={},
    pages={1-12},
    keywords={Robots;Collision avoidance;Potential energy;Predictive control;Robot kinematics;Random variables;Trajectory;Artificial potential field (APF);collision avoidance;Gibbs random field (GRF);model predictive control (MPC);multirobot flocking},
    doi={10.1109/TMECH.2024.3430907},
    note={doi:10.1109/TMECH.2024.3430907}
}

@article{zhu_heuristic_2024_TMech,
	title = {Heuristic {Predictive} {Control} for {Multi}-{Robot} {Flocking} in {Congested} {Environments}},
	volume = {},
	doi = {10.1109/TMECH.2024.3430907},
	urldate = {2024-09-18},
	journal = {IEEE/ASME Transactions on Mechatronics},
	author = {Zhu, Guobin and Zhang, Qingrui and Zhu, Bo and Hu, Tianjiang},
	year = {2024},
	opt_note = {Conference Name: IEEE Transactions on Robotics},
	keywords = {Collision avoidance, Mobile robots, Multi-robot systems, Robots, Shape, Planning, motion planning, Task analysis, /unread, Formation constraints, multi-mobile robot systems (MMRS), obstacle-rich environment},
	pages = {},
        note ={{DOI}:10.1109/TMECH.2024.3430907 (Early Access)}
}

