@INPROCEEDINGS{yu_grf-based_2024,
  author={Yu, Chenghao and Zhang, Dengyu and Zhang, Qingrui},
  booktitle={2024 IEEE International Conference on Robotics and Automation (ICRA)}, 
  title={{GRF-based Predictive Flocking Control with Dynamic Pattern Formation}}, 
  year={2024},
  volume={},
  number={},
  pages={16788-16794},
  keywords={Potential energy;Pattern formation;Shape control;Shape;Heuristic algorithms;Optimal control;Prediction algorithms},
  doi={10.1109/ICRA57147.2024.10610337},
  address={Yokohama, Japan}
}

@article{foerster_counterfactual_2018,
	title = {Counterfactual {Multi}-{Agent} {Policy} {Gradients}},
	volume = {32},
	copyright = {Copyright (c)},
	issn = {2374-3468},
	url = {https://ojs.aaai.org/index.php/AAAI/article/view/11794},
	doi = {10.1609/aaai.v32i1.11794},
	language = {en},
	number = {1},
	urldate = {2023-10-18},
	journal = {Proceedings of the AAAI Conference on Artificial Intelligence},
	author = {Foerster, Jakob and Farquhar, Gregory and Afouras, Triantafyllos and Nardelli, Nantas and Whiteson, Shimon},
	month = apr,
	year = {2018},
	note = {Number: 1},
}

@inproceedings{iqbal_actor-attention-critic_2019,
	title = {Actor-{Attention}-{Critic} for {Multi}-{Agent} {Reinforcement} {Learning}},
	language = {en},
	urldate = {2023-03-06},
	booktitle = {Proceedings of the 36th {International} {Conference} on {Machine} {Learning}},
	publisher = {PMLR},
	author = {Iqbal, Shariq and Sha, Fei},
	month = may,
	year = {2019},
	opt_note = {ISSN: 2640-3498},
	pages = {2961--2970},
}

@inproceedings{aoki_obstacle_2022,
	address = {Macau, China},
	title = {Obstacle {Avoidance} {Control} {Based} on {Nonlinear} {MPC} for {All} {Wheel} {Driven} {In}-{Wheel} {EV} in {Steering} {Failure}},
	doi = {10.1109/ITSC55140.2022.9922126},
	booktitle = {2022 {IEEE} 25th {International} {Conference} on {Intelligent} {Transportation} {Systems} ({ITSC})},
	author = {Aoki, Mizuho and Honda, Kohei and Okuda, Hiroyuki and Suzuki, Tatsuya and Ito, Akira and Nagasaka, Daisuke},
	year = {2022},
	keywords = {/unread},
	pages = {2863--2868},
}

@inproceedings{tallamraju_decentralized_2018,
	address = {Philadelphia, PA, USA},
	title = {Decentralized {MPC} based {Obstacle} {Avoidance} for {Multi}-{Robot} {Target} {Tracking} {Scenarios}},
	doi = {10.1109/SSRR.2018.8468655},
	booktitle = {2018 {IEEE} {International} {Symposium} on {Safety}, {Security}, and {Rescue} {Robotics} ({SSRR})},
	author = {Tallamraju, Rahul and Rajappa, Sujit and Black, Michael J. and Karlapalem, Kamalakar and Ahmad, Aamir},
	year = {2018},
	keywords = {/unread},
	pages = {1--8},
}

@book{sutton_reinforcement_2018,
	title = {Reinforcement learning: {An} introduction},
	language = {en},
	publisher = {MIT press},
	author = {Sutton, Richard S and Barto, Andrew G},
	year = {2018},
	keywords = {/unread},
}

@misc{schulman_proximal_2017,
	title = {Proximal {Policy} {Optimization} {Algorithms}},
	opt_url = {http://arxiv.org/abs/1707.06347},
	doi = {10.48550/arXiv.1707.06347},
	language = {en},
	urldate = {2023-04-17},
	publisher = {arXiv},
	author = {Schulman, John and Wolski, Filip and Dhariwal, Prafulla and Radford, Alec and Klimov, Oleg},
	month = aug,
	year = {2017},
	note = {arXiv:1707.06347},
	keywords = {Computer Science - Machine Learning},
}

@article{greiff_modelling_2017,
	title = {Modelling and control of the crazyflie quadrotor for aggressive and autonomous flight by optical flow driven state estimation},
	language = {en},
	author = {Greiff, Marcus},
	year = {2017},
	opt_note = {ISBN: 0280-5316},
	keywords = {/unread},
	file = {download.pdf:D\:\\dengyu\\Zotero\\storage\\AM4C6D4U\\download.pdf:application/pdf},
}

@inproceedings{vaswani_attention_2017,
	title = {Attention is {All} you {Need}},
	volume = {30},
	language = {en},
	urldate = {2023-04-21},
	booktitle = {Advances in {Neural} {Information} {Processing} {Systems}},
	publisher_ = {Curran Associates, Inc.},
	author = {Vaswani, Ashish and Shazeer, Noam and Parmar, Niki and Uszkoreit, Jakob and Jones, Llion and Gomez, Aidan N and Kaiser, {\L }ukasz and Polosukhin, Illia},
	year = {2017},
	keywords = {/unread},
    address = {Long Beach, CA, USA},
}

@article{guo_collision-free_2023,
	title = {Collision-{Free} {Distributed} {Control} for {Multiple} {Quadrotors} in {Cluttered} {Environments} {With} {Static} and {Dynamic} {Obstacles}},
	volume = {8},
	issn = {2377-3766, 2377-3774},
	opt_url = {https://ieeexplore.ieee.org/document/10026865/},
	doi = {10.1109/LRA.2023.3240376},
	language = {en},
	number = {3},
	urldate = {2023-06-28},
	journal = {IEEE Robotics and Automation Letters},
	author = {Guo, Jinjin and Qi, Juntong and Wang, Mingming and Wu, Chong and Yang, Guang},
	month = mar,
	year = {2023},
	keywords = {/unread},
	pages = {1501--1508},
}

@article{vasarhelyi_optimized_2018,
	title = {Optimized flocking of autonomous drones in confined environments},
	volume = {3},
	opt_url = {https://www.science.org/doi/full/10.1126/scirobotics.aat3536},
	doi = {10.1126/scirobotics.aat3536},
	number = {20},
	urldate = {2023-08-04},
	journal = {Science Robotics},
	author = {V{\'a}s{\'a}rhelyi, G{\'a}bor and Vir{\'a}gh, Csaba and Somorjai, Gerg{\H o} and Nepusz, Tam{\'a}s and Eiben, Agoston E. and Vicsek, Tam{\'a}s},
	month = jul,
	year = {2018},
    pages = {eaat3536},
}


@article{olfati-saber_flocking_2006,
	title = {Flocking for multi-agent dynamic systems: algorithms and theory},
	volume = {51},
	issn = {1558-2523},
	shorttitle = {Flocking for multi-agent dynamic systems},
	doi = {10.1109/TAC.2005.864190},
	number = {3},
	journal = {IEEE Transactions on Automatic Control},
	author = {Olfati-Saber, R.},
	month = mar,
	year = {2006},
	opt_note = {Conference Name: IEEE Transactions on Automatic Control},
	keywords = {Algorithm design and analysis, Biosensors, Consensus theory, Cost function, distributed control, Distributed control, dynamic graphs, Heuristic algorithms, Lyapunov method, mobile sensor networks, networked autonomous vehicles, Peer to peer computing, Self-assembly, self-assembly of networks, self-organizing systems, swarms, Unmanned aerial vehicles, Vehicle dynamics, /unread},
	pages = {401--420},
}

@article{wong_deep_2023,
	title = {Deep multiagent reinforcement learning: challenges and directions},
	volume = {56},
	issn = {1573-7462},
	shorttitle = {Deep multiagent reinforcement learning},
	opt_url = {https://doi.org/10.1007/s10462-022-10299-x},
	doi = {10.1007/s10462-022-10299-x},
	language = {en},
	number = {6},
	urldate = {2023-10-11},
	journal = {Artificial Intelligence Review},
	author = {Wong, Annie and B{\"a}ck, Thomas and Kononova, Anna V. and Plaat, Aske},
	month = jun,
	year = {2023},
	keywords = {Multiagent systems, Reinforcement learning, Deep learning, Evolutionary algorithms, Psychology, Survey, /unread},
	pages = {5023--5056},
}

@article{yu_surprising_2022,
	title = {The {Surprising} {Effectiveness} of {PPO} in {Cooperative} {Multi}-{Agent} {Games}},
	volume = {35},
	language = {en},
	urldate = {2023-11-13},
	journal = {Advances in Neural Information Processing Systems},
	author = {Yu, Chao and Velu, Akash and Vinitsky, Eugene and Gao, Jiaxuan and Wang, Yu and Bayen, Alexandre and Wu, Yi},
	month = dec,
	year = {2022},
	pages = {24611--24624},
}

@article{su_value-decomposition_2021,
	title = {Value-{Decomposition} {Multi}-{Agent} {Actor}-{Critics}},
	volume = {35},
	copyright = {Copyright (c) 2021 Association for the Advancement of Artificial Intelligence},
	issn = {2374-3468},
	opt_url = {https://ojs.aaai.org/index.php/AAAI/article/view/17353},
	doi = {10.1609/aaai.v35i13.17353},
	language = {en},
	number = {13},
	urldate = {2023-11-13},
	journal = {Proceedings of the AAAI Conference on Artificial Intelligence},
	author = {Su, Jianyu and Adams, Stephen and Beling, Peter},
	month = may,
	year = {2021},
	opt_note = {Number: 13},
	keywords = {Reinforcement Learning, /unread},
	pages = {11352--11360},
}

@inproceedings{sunehag_value-decomposition_2018,
	address = {Richland, SC},
	series = {{AAMAS} '18},
	title = {Value-{Decomposition} {Networks} {For} {Cooperative} {Multi}-{Agent} {Learning} {Based} {On} {Team} {Reward}},
	urldate = {2023-11-15},
	booktitle = {Proceedings of the 17th {International} {Conference} on {Autonomous} {Agents} and {MultiAgent} {Systems}},
	publisher = {International Foundation for Autonomous Agents and Multiagent Systems},
	author = {Sunehag, Peter and Lever, Guy and Gruslys, Audrunas and Czarnecki, Wojciech Marian and Zambaldi, Vinicius and Jaderberg, Max and Lanctot, Marc and Sonnerat, Nicolas and Leibo, Joel Z. and Tuyls, Karl and Graepel, Thore},
	month = jul,
	year = {2018},
	keywords = {reinforcement learning, multi-agent, neural networks, collaborative, dqn, q-learning, value-decomposition, /unread},
	pages = {2085--2087},
}

@article{tan_decentralized_2010,
	title = {Decentralized coordination of autonomous swarms using parallel {Gibbs} sampling},
	volume = {46},
	issn = {0005-1098},
	opt_url = {https://www.sciencedirect.com/science/article/pii/S0005109810003869},
	doi = {10.1016/j.automatica.2010.09.004},
	number = {12},
	urldate = {2023-12-01},
	journal = {Automatica},
	author = {Tan, Xiaobo and Xi, Wei and Baras, John S.},
	month = dec,
	year = {2010},
	keywords = {Agents and autonomous systems, Gibbs sampling, Markov random fields, Multi-vehicle coordination, Simulated annealing, /unread},
	pages = {2068--2076},
}

@article{xi_gibbs_2006,
	title = {Gibbs sampler-based coordination of autonomous swarms},
	volume = {42},
	issn = {0005-1098},
	opt_url = {https://www.sciencedirect.com/science/article/pii/S0005109806001191},
	doi = {10.1016/j.automatica.2006.03.006},
	number = {7},
	urldate = {2023-12-01},
	journal = {Automatica},
	author = {Xi, Wei and Tan, Xiaobo and Baras, John S.},
	month = jul,
	year = {2006},
	keywords = {Multi-vehicle coordination, Simulated annealing, Autonomous swarms, Gibbs sampler, Potential functions, /unread},
	pages = {1107--1119},
}

@inproceedings{fernando_online_2021,
	address = {Xi'an, China},
	title = {Online {Flocking} {Control} of {UAVs} with {Mean}-{Field} {Approximation}},
	opt_url = {https://ieeexplore.ieee.org/abstract/document/9560899},
	doi = {10.1109/ICRA48506.2021.9560899},
	urldate = {2023-12-01},
	booktitle = {2021 {IEEE} {International} {Conference} on {Robotics} and {Automation}},
	author = {Fernando, Malintha},
	month = may,
	year = {2021},
	opt_note = {ISSN: 2577-087X},
	keywords = {/unread},
	pages = {8977--8983},
}

@book{koller_probabilistic_2009,
	title = {Probabilistic {Graphical} {Models}: {Principles} and {Techniques}},
	isbn = {978-0-262-01319-2},
	shorttitle = {Probabilistic {Graphical} {Models}},
	language = {en},
	publisher = {MIT Press},
	author = {Koller, Daphne and Friedman, Nir},
	month = jul,
	year = {2009},
	opt_note = {Google-Books-ID: 7dzpHCHzNQ4C},
	keywords = {Computers / Artificial Intelligence / General, /unread},
}

@misc{roy_neural_2020,
	title = {Neural {Flocking}: {MPC}-based {Supervised} {Learning} of {Flocking} {Controllers}},
	shorttitle = {Neural {Flocking}},
	opt_url = {http://arxiv.org/abs/1908.09813},
	language = {en},
	urldate = {2023-12-04},
	publisher = {arXiv},
	author = {Roy, Shouvik and Mehmood, Usama and Grosu, Radu and Smolka, Scott A. and Stoller, Scott D. and Tiwari, Ashish},
	month = jan,
	year = {2020},
	note = {arXiv:1908.09813},
	keywords = {Computer Science - Multiagent Systems, /unread},
}

@article{wang_shapley_2020,
	title = {Shapley {Q}-{Value}: {A} {Local} {Reward} {Approach} to {Solve} {Global} {Reward} {Games}},
	volume = {34},
	copyright = {Copyright (c) 2020 Association for the Advancement of Artificial Intelligence},
	issn = {2374-3468},
	shorttitle = {Shapley {Q}-{Value}},
	opt_url = {https://ojs.aaai.org/index.php/AAAI/article/view/6220},
	doi = {10.1609/aaai.v34i05.6220},
	language = {en},
	number = {05},
	urldate = {2023-12-11},
	journal = {Proceedings of the AAAI Conference on Artificial Intelligence},
	author = {Wang, Jianhong and Zhang, Yuan and Kim, Tae-Kyun and Gu, Yunjie},
	month = apr,
	year = {2020},
	opt_note = {Number: 05},
	keywords = {/unread},
	pages = {7285--7292},
}

@book{oliehoek_concise_2016,
	address_ = {Cham},
	series_ = {{SpringerBriefs} in {Intelligent} {Systems}},
	title = {A {Concise} {Introduction} to {Decentralized} {POMDPs}},
	isbn = {978-3-319-28927-4 978-3-319-28929-8},
	opt_url = {http://link.springer.com/10.1007/978-3-319-28929-8},
	language = {en},
	urldate = {2023-12-11},
	publisher_ = {Springer International Publishing},
    publisher = {Springer, Cham},
	author = {Oliehoek, Frans A. and Amato, Christopher},
	year = {2016},
	doi = {10.1007/978-3-319-28929-8},
    chapter = {2},
    section = {2},
    pages = {14--17}
}

@inproceedings{yang_mean_2018,
	title = {Mean {Field} {Multi}-{Agent} {Reinforcement} {Learning}},
	opt_url = {https://proceedings.mlr.press/v80/yang18d.html},
	language = {en},
	urldate = {2023-12-12},
	booktitle = {Proceedings of the 35th {International} {Conference} on {Machine} {Learning}},
	publisher = {PMLR},
	author = {Yang, Yaodong and Luo, Rui and Li, Minne and Zhou, Ming and Zhang, Weinan and Wang, Jun},
	month = jul,
	year = {2018},
	opt_note = {ISSN: 2640-3498},
	pages = {5571--5580},
}

@inproceedings{rashid_qmix_2018,
	title = {{QMIX}: {Monotonic} {Value} {Function} {Factorisation} for {Deep} {Multi}-{Agent} {Reinforcement} {Learning}},
	shorttitle = {{QMIX}},
	opt_url = {https://proceedings.mlr.press/v80/rashid18a.html},
	language = {en},
	urldate = {2023-12-13},
	booktitle = {Proceedings of the 35th {International} {Conference} on {Machine} {Learning}},
	publisher_ = {PMLR},
	author = {Rashid, Tabish and Samvelyan, Mikayel and Schroeder, Christian and Farquhar, Gregory and Foerster, Jakob and Whiteson, Shimon},
	month = jul,
	year = {2018},
	opt_note = {ISSN: 2640-3498},
    address = {Stockholmsmässan, Stockholm, Sweden},
	keywords = {/unread},
	pages = {4295--4304},
}

@inproceedings{mellinger_minimum_2011,
	address = {Shanghai, China},
	title = {Minimum snap trajectory generation and control for quadrotors},
	opt_url = {https://ieeexplore.ieee.org/abstract/document/5980409},
	doi = {10.1109/ICRA.2011.5980409},
	urldate = {2024-01-22},
	booktitle = {2011 {IEEE} {International} {Conference} on {Robotics} and {Automation}},
	author = {Mellinger, Daniel and Kumar, Vijay},
	month = may,
	year = {2011},
	opt_note = {ISSN: 1050-4729},
	keywords = {/unread},
	pages = {2520--2525},
}

@article{zhan_flocking_2013,
	title = {Flocking of {Multi}-{Agent} {Systems} {Via} {Model} {Predictive} {Control} {Based} on {Position}-{Only} {Measurements}},
	volume = {9},
	issn = {1551-3203, 1941-0050},
	opt_url = {http://ieeexplore.ieee.org/document/6293885/},
	doi = {10.1109/TII.2012.2216536},
	language = {en},
	number = {1},
	urldate = {2024-02-22},
	journal = {IEEE Transactions on Industrial Informatics},
	author = {Zhan, Jingyuan and Li, Xiang},
	month = feb,
	year = {2013},
	keywords = {/unread},
	pages = {377--385},
}

@article{vicsek_collective_2012,
	series = {Collective motion},
	title = {Collective motion},
	volume = {517},
	issn = {0370-1573},
	opt_url = {https://www.sciencedirect.com/science/article/pii/S0370157312000968},
	doi = {10.1016/j.physrep.2012.03.004},
	number = {3},
	urldate = {2024-02-22},
	journal = {Physics Reports},
	author = {Vicsek, Tam{\'a}s and Zafeiris, Anna},
	month = aug,
	year = {2012},
	keywords = {/unread},
	pages = {71--140},
}

@article{bennet_distributed_2010,
	series = {Towards {Autonomous} {Robotic} {Systems} 2009: {Intelligent}, {Autonomous} {Robotics} in the {UK}},
	title = {Distributed control of multi-robot systems using bifurcating potential fields},
	volume = {58},
	issn = {0921-8890},
	opt_url = {https://www.sciencedirect.com/science/article/pii/S092188900900195X},
	doi = {10.1016/j.robot.2009.08.004},
	number = {3},
	urldate = {2024-02-22},
	journal = {Robotics and Autonomous Systems},
	author = {Bennet, Derek J. and McInnes, Colin R.},
	month = mar,
	year = {2010},
	keywords = {Distributed control, Bifurcation theory, Potential fields, /unread},
	pages = {256--264},
}

@article{zhou_swarm_2022,
	title = {Swarm of micro flying robots in the wild},
	volume = {7},
	opt_url = {https://www.science.org/doi/10.1126/scirobotics.abm5954},
	doi = {10.1126/scirobotics.abm5954},
	number = {66},
	urldate = {2024-02-22},
	journal = {Science Robotics},
	author = {Zhou, Xin and Wen, Xiangyong and Wang, Zhepei and Gao, Yuman and Li, Haojia and Wang, Qianhao and Yang, Tiankai and Lu, Haojian and Cao, Yanjun and Xu, Chao and Gao, Fei},
	month = may,
	year = {2022},
	opt_note = {Publisher: American Association for the Advancement of Science},
	keywords = {/unread},
	pages = {eabm5954},
}

@article{honig_trajectory_2018,
	title = {Trajectory {Planning} for {Quadrotor} {Swarms}},
	volume = {34},
	issn = {1941-0468},
	opt_url = {https://ieeexplore.ieee.org/document/8424034},
	doi = {10.1109/TRO.2018.2853613},
	number = {4},
	urldate = {2024-02-22},
	journal = {IEEE Transactions on Robotics},
	author = {H{\"o}nig, Wolfgang and Preiss, James A. and Kumar, T. K. Satish and Sukhatme, Gaurav S. and Ayanian, Nora},
	month = aug,
	year = {2018},
	opt_note = {Conference Name: IEEE Transactions on Robotics},
	keywords = {Collision avoidance, Robots, Vehicle dynamics, unmanned aerial vehicle (UAV), swarm, Multirobot systems, quadrotor, Schedules, Trajectory optimization, /unread},
	pages = {856--869},
}

@article{reynolds_flocks_1987,
	title = {Flocks, herds and schools: {A} distributed behavioral model},
	volume = {21},
	issn = {0097-8930},
	opt_url = {https://doi.org/10.1145/37402.37406},
	doi = {10.1145/37402.37406},
	language = {en},
	number = {4},
	journal = {SIGGRAPH Comput. Graph.},
	author = {Reynolds, Craig W},
	month = aug,
	year = {1987},
	keywords = {/unread},
	pages = {25--34},
}

@inproceedings{tolstaya_learning_2020,
	title = {Learning {Decentralized} {Controllers} for {Robot} {Swarms} with {Graph} {Neural} {Networks}},
	opt_url = {https://proceedings.mlr.press/v100/tolstaya20a.html},
	language = {en},
	urldate = {2024-02-21},
	booktitle = {Proceedings of the {Conference} on {Robot} {Learning}},
	publisher_ = {PMLR},
    address = {Addis Ababa, Ethiopia},
	author = {Tolstaya, Ekaterina and Gama, Fernando and Paulos, James and Pappas, George and Kumar, Vijay and Ribeiro, Alejandro},
	month = may,
	year = {2020},
	opt_note = {ISSN: 2640-3498},
	keywords = {/unread},
	pages = {671--682},
}

@inproceedings{rezeck_cooperative_2021,
	address = {Prague, Czech Republic},
	title = {Cooperative {Object} {Transportation} using {Gibbs} {Random} {Fields}},
	isbn = {978-1-66541-714-3},
	opt_url = {https://ieeexplore.ieee.org/document/9635928/},
	doi = {10.1109/IROS51168.2021.9635928},
	language = {en},
	urldate = {2024-03-05},
	booktitle = {2021 {IEEE}/{RSJ} {International} {Conference} on {Intelligent} {Robots} and {Systems}},
	publisher_ = {IEEE},
	author = {Rezeck, Paulo and Assuncao, Renato M. and Chaimowicz, Luiz},
	month = sep,
	year = {2021},
	keywords = {/unread},
	pages = {9131--9138},
}

@article{rezeck_chemistry-inspired_2022,
	title = {Chemistry-{Inspired} {Pattern} {Formation} {With} {Robotic} {Swarms}},
	volume = {7},
	issn = {2377-3766, 2377-3774},
	opt_url = {https://ieeexplore.ieee.org/document/9829285/},
	doi = {10.1109/LRA.2022.3190638},
	language = {en},
	number = {4},
	urldate = {2024-03-05},
	journal = {IEEE Robotics and Automation Letters},
	author = {Rezeck, Paulo and Chaimowicz, Luiz},
	month = oct,
	year = {2022},
	keywords = {/unread},
	pages = {9137--9144},
}

@article{soria_predictive_2021,
	title = {Predictive control of aerial swarms in cluttered environments},
	volume = {3},
	copyright = {2021 The Author(s), under exclusive licence to Springer Nature Limited},
	issn = {2522-5839},
	opt_url = {https://www.nature.com/articles/s42256-021-00341-y},
	doi = {10.1038/s42256-021-00341-y},
	language = {en},
	number = {6},
	urldate = {2024-03-13},
	journal = {Nature Machine Intelligence},
	author = {Soria, Enrica and Schiano, Fabrizio and Floreano, Dario},
	month = jun,
	year = {2021},
	opt_note = {Publisher: Nature Publishing Group},
	keywords = {Applied mathematics, Computational biology and bioinformatics, Engineering, /unread},
	pages = {545--554},
}

@article{mesa_generalized_1998,
	title = {Generalized {Morse} potential: symmetry and satellite potentials},
	volume = {31},
	number = {1},
	journal = {Journal of Physics A: Mathematical and General},
	author = {Mesa, A Del Sol and Quesne, Christiane and Smirnov, Yu F},
	year = {1998},
	opt_note = {Publisher: IOP Publishing},
	keywords = {/unread},
	pages = {321},
}

@article{morse_diatomic_1929,
	title = {Diatomic {Molecules} {According} to the {Wave} {Mechanics}. {II}. {Vibrational} {Levels}},
	volume = {34},
	opt_url = {https://link.aps.org/doi/10.1103/PhysRev.34.57},
	doi = {10.1103/PhysRev.34.57},
	number = {1},
	journal = {Physical Review},
	author = {Morse, Philip M.},
	month = jul,
	year = {1929},
	opt_note = {Publisher: American Physical Society},
	keywords = {/unread},
	pages = {57--64},
}

@article{desai_new_2020,
	title = {A new modified {Morse} potential energy function for diatomic molecules},
	volume = {95},
	issn = {1402-4896},
	opt_url = {https://dx.doi.org/10.1088/1402-4896/ab9bdc},
	doi = {10.1088/1402-4896/ab9bdc},
	language = {en},
	number = {8},
	urldate = {2024-04-15},
	journal = {Physica Scripta},
	author = {Desai, A. M. and Mesquita, N. and Fernandes, V.},
	month = jun,
	year = {2020},
	opt_note = {Publisher: IOP Publishing},
	keywords = {/unread},
	pages = {085401},
}

@misc{noauthor_definition_nodate,
	title = {Definition of morse\_potential - {Chemistry} {Dictionary}},
	opt_url = {https://www.chemicool.com/definition/morse_potential.html},
	urldate = {2024-04-21},
	keywords = {/unread},
}

@article{mcguire_viscoelastic_2022,
	title = {Viscoelastic {Fluid}-{Inspired} {Swarm} {Behavior} to {Reduce} {Susceptibility} to {Local} {Minima}: {The} {Chain} {Siphon} {Algorithm}},
	volume = {7},
	issn = {2377-3766},
	shorttitle = {Viscoelastic {Fluid}-{Inspired} {Swarm} {Behavior} to {Reduce} {Susceptibility} to {Local} {Minima}},
	opt_url = {https://ieeexplore.ieee.org/document/9618840},
	doi = {10.1109/LRA.2021.3128705},
	number = {2},
	urldate = {2024-04-21},
	journal = {IEEE Robotics and Automation Letters},
	author = {McGuire, Loy and Schuler, Tristan and Otte, Michael and Sofge, Donald},
	month = apr,
	year = {2022},
	opt_note = {Conference Name: IEEE Robotics and Automation Letters},
	keywords = {Collision avoidance, Robot kinematics, Robots, Heuristic algorithms, Planning, Robot sensing systems, Swarm robotics, distributed robot systems, Mathematical models, planning under uncertainty, /unread},
	pages = {1000--1007},
}

@article{soria_distributed_2022,
	title = {Distributed {Predictive} {Drone} {Swarms} in {Cluttered} {Environments}},
	volume = {7},
	issn = {2377-3766},
	opt_url = {https://ieeexplore.ieee.org/document/9562281},
	doi = {10.1109/LRA.2021.3118091},
	number = {1},
	urldate = {2024-04-22},
	journal = {IEEE Robotics and Automation Letters},
	author = {Soria, Enrica and Schiano, Fabrizio and Floreano, Dario},
	month = jan,
	year = {2022},
	opt_note = {Conference Name: IEEE Robotics and Automation Letters},
	keywords = {Collision avoidance, Safety, Trajectory, Real-time systems, Optimization, multi-robot systems, Swarm robotics, aerial systems: perception and autonomy, Drones, Forestry, /unread},
	pages = {73--80},
}

@article{convens_safe_2022,
	title = {Safe, {Fast}, and {Efficient} {Distributed} {Receding} {Horizon} {Constrained} {Control} of {Aerial} {Robot} {Swarms}},
	volume = {7},
	issn = {2377-3766},
	opt_url = {https://ieeexplore.ieee.org/document/9705522},
	doi = {10.1109/LRA.2022.3148455},
	number = {2},
	urldate = {2024-04-22},
	journal = {IEEE Robotics and Automation Letters},
	author = {Convens, Bryan and Merckaert, Kelly and Nicotra, Marco M. and Vanderborght, Bram},
	month = apr,
	year = {2022},
	opt_note = {Conference Name: IEEE Robotics and Automation Letters},
	keywords = {collision avoidance, Collision avoidance, Safety, Heuristic algorithms, Vehicle dynamics, Trajectory, Autonomous aerial vehicles, Real-time systems, multi-robot systems, aerial systems: mechanics and control, constrained motion planning, Robot safety, /unread},
	pages = {4173--4180},
}

@article{park_online_2022,
	title = {Online {Distributed} {Trajectory} {Planning} for {Quadrotor} {Swarm} {With} {Feasibility} {Guarantee} {Using} {Linear} {Safe} {Corridor}},
	volume = {7},
	issn = {2377-3766},
	opt_url = {https://ieeexplore.ieee.org/document/9718137},
	doi = {10.1109/LRA.2022.3152702},
	number = {2},
	urldate = {2024-04-22},
	journal = {IEEE Robotics and Automation Letters},
	author = {Park, Jungwon and Kim, Dabin and Kim, Gyeong Chan and Oh, Dahyun and Kim, H. Jin},
	month = apr,
	year = {2022},
	opt_note = {Conference Name: IEEE Robotics and Automation Letters},
	keywords = {collision avoidance, Collision avoidance, Heuristic algorithms, Trajectory, Planning, Optimization, distributed robot systems, Path planning for multiple mobile robots or agents, System recovery, Trajectory planning},
	pages = {4869--4876},
}

@article{zheng_adversarial_2020,
	title = {An {Adversarial} {Approach} to {Private} {Flocking} in {Mobile} {Robot} {Teams}},
	volume = {5},
	issn = {2377-3766},
	opt_url = {https://ieeexplore.ieee.org/document/8962220},
	doi = {10.1109/LRA.2020.2967331},
	number = {2},
	urldate = {2024-04-25},
	journal = {IEEE Robotics and Automation Letters},
	author = {Zheng, Hehui and Panerati, Jacopo and Beltrame, Giovanni and Prorok, Amanda},
	month = apr,
	year = {2020},
	opt_note = {Conference Name: IEEE Robotics and Automation Letters},
	keywords = {Collision avoidance, Mobile robots, Multi-robot systems, Trajectory, Robot sensing systems, Optimization, learning and adaptive systems, Privacy, /unread},
	pages = {1009--1016},
}

@article{jiang_distributed_2024,
	title = {Distributed {Sampling}-{Based} {Model} {Predictive} {Control} via {Belief} {Propagation} for {Multi}-{Robot} {Formation} {Navigation}},
	volume = {9},
	issn = {2377-3766},
	opt_url = {https://ieeexplore.ieee.org/abstract/document/10443490},
	doi = {10.1109/LRA.2024.3368794},
	number = {4},
	urldate = {2024-05-22},
	journal = {IEEE Robotics and Automation Letters},
	author = {Jiang, Chao},
	month = apr,
	year = {2024},
	opt_note = {Conference Name: IEEE Robotics and Automation Letters},
	keywords = {Collision avoidance, Robot kinematics, Navigation, Robots, Trajectory, optimization and optimal control, Distributed robot systems, Belief propagation, model predictive control, Optimal control, variational inference, /unread},
	pages = {3467--3474},
}

@misc{huang_collision_2024,
	title = {Collision {Avoidance} and {Navigation} for a {Quadrotor} {Swarm} {Using} {End}-to-end {Deep} {Reinforcement} {Learning}},
	opt_url = {http://arxiv.org/abs/2309.13285},
	doi = {10.48550/arXiv.2309.13285},
	urldate = {2024-06-12},
	publisher = {arXiv},
	author = {Huang, Zhehui and Yang, Zhaojing and Krupani, Rahul and {\c S}enba{\c s}lar, Bask{\i}n and Batra, Sumeet and Sukhatme, Gaurav S.},
	month = may,
	year = {2024},
	opt_note = {arXiv:2309.13285 [cs]},
	keywords = {Computer Science - Robotics, Computer Science - Multiagent Systems, Computer Science - Artificial Intelligence, /unread},
}

@article{goarin_graph_2024,
	title = {Graph {Neural} {Network} for {Decentralized} {Multi}-{Robot} {Goal} {Assignment}},
	volume = {9},
	language = {en},
	number = {5},
	journal = {IEEE ROBOTICS AND AUTOMATION LETTERS},
	author = {Goarin, Manohari},
	year = {2024},
}

@book{sedrakyan_hm-gm-am-qm_2018,
	address_ = {Cham},
	title = {The {HM}-{GM}-{AM}-{QM} {Inequalities}},
	isbn = {978-3-319-77836-5},
	opt_url = {https://doi.org/10.1007/978-3-319-77836-5_3},
	language = {en},
	booktitle = {Algebraic {Inequalities}},
	publisher = {Springer, Cham},
	author = {Sedrakyan, Hayk and Sedrakyan, Nairi},
	year = {2018},
	doi = {10.1007/978-3-319-77836-5_3},
	pages = {21--43},
}

@article{stellato_osqp_2020,
	title = {{OSQP}: an operator splitting solver for quadratic programs},
	volume = {12},
	issn = {1867-2949, 1867-2957},
	shorttitle = {{OSQP}},
	opt_url = {http://link.springer.com/10.1007/s12532-020-00179-2},
	doi = {10.1007/s12532-020-00179-2},
	language = {en},
	number = {4},
	urldate = {2024-08-10},
	journal = {Mathematical Programming Computation},
	author = {Stellato, Bartolomeo and Banjac, Goran and Goulart, Paul and Bemporad, Alberto and Boyd, Stephen},
	month = dec,
	year = {2020},
	keywords = {/unread},
	pages = {637--672},
}

@article{shapley_stochastic_1953,
	title = {Stochastic {Games}},
	volume = {39},
	opt_url = {https://www.pnas.org/doi/abs/10.1073/pnas.39.10.1095},
	doi = {10.1073/pnas.39.10.1095},
	number = {10},
	urldate = {2024-08-08},
	journal = {Proceedings of the National Academy of Sciences},
	author = {Shapley, L. S.},
	month = oct,
	year = {1953},
	opt_note = {Publisher: Proceedings of the National Academy of Sciences},
	keywords = {/unread},
	pages = {1095--1100},
}

@article{zhu_heuristic_2024,
	author={Zhu, Guobin and Zhang, Qingrui and Zhu, Bo and Hu, Tianjiang},
    journal={IEEE/ASME Transactions on Mechatronics}, 
    title={Heuristic Predictive Control for Multirobot Flocking in Congested Environments}, 
    year={2024},
    volume={},
    number={},
    pages={1-12},
    keywords={Robots;Collision avoidance;Potential energy;Predictive control;Robot kinematics;Random variables;Trajectory;Artificial potential field (APF);collision avoidance;Gibbs random field (GRF);model predictive control (MPC);multirobot flocking},
    doi={10.1109/TMECH.2024.3430907},
    note={doi:10.1109/TMECH.2024.3430907}
}


@article{zhu_heuristic_2024_TMech,
	title = {Heuristic {Predictive} {Control} for {Multi}-{Robot} {Flocking} in {Congested} {Environments}},
	volume = {},
	doi = {10.1109/TMECH.2024.3430907},
	urldate = {2024-09-18},
	journal = {IEEE/ASME Transactions on Mechatronics},
	author = {Zhu, Guobin and Zhang, Qingrui and Zhu, Bo and Hu, Tianjiang},
	year = {2024},
	opt_note = {Conference Name: IEEE Transactions on Robotics},
	keywords = {Collision avoidance, Mobile robots, Multi-robot systems, Robots, Shape, Planning, motion planning, Task analysis, /unread, Formation constraints, multi-mobile robot systems (MMRS), obstacle-rich environment},
	pages = {},
        note ={{DOI}:10.1109/TMECH.2024.3430907 (Early Access)}
}



@article{liu_novel_2024,
	title = {A {Novel} {Graph}-{Based} {Motion} {Planner} of {Multi}-{Mobile} {Robot} {Systems} {With} {Formation} and {Obstacle} {Constraints}},
	volume = {40},
	issn = {1941-0468},
	opt_url = {https://ieeexplore.ieee.org/document/10345724},
	doi = {10.1109/TRO.2023.3339989},
	urldate = {2024-08-01},
	journal = {IEEE Transactions on Robotics},
	author = {Liu, Wenhang and Hu, Jiawei and Zhang, Heng and Wang, Michael Yu and Xiong, Zhenhua},
	year = {2024},
	opt_note = {Conference Name: IEEE Transactions on Robotics},
	keywords = {Collision avoidance, Mobile robots, Multi-robot systems, Robots, Shape, Planning, motion planning, Task analysis, /unread, Formation constraints, multi-mobile robot systems (MMRS), obstacle-rich environment},
	pages = {714--728},
}

@article{zhu_multi-robot_2020,
	title = {Multi-{Robot} {Flocking} {Control} {Based} on {Deep} {Reinforcement} {Learning}},
	volume = {8},
	issn = {2169-3536},
	opt_url = {https://ieeexplore.ieee.org/document/9169650/?arnumber=9169650},
	doi = {10.1109/ACCESS.2020.3016951},
	urldate = {2024-08-20},
	journal = {IEEE Access},
	author = {Zhu, Pengming and Dai, Wei and Yao, Weijia and Ma, Junchong and Zeng, Zhiwen and Lu, Huimin},
	year = {2020},
	opt_note = {Conference Name: IEEE Access},
	keywords = {Collision avoidance, Robot kinematics, Robot sensing systems, Training, Learning (artificial intelligence), Task analysis, deep reinforcement learning, /unread, flocking control, Multi-robot, PER-MADDPG},
	pages = {150397--150406},
}

@article{hung_q-learning_2017,
	title = {A {Q}-{Learning} {Approach} to {Flocking} {With} {UAVs} in a {Stochastic} {Environment}},
	volume = {47},
	issn = {2168-2275},
	opt_url = {https://ieeexplore.ieee.org/abstract/document/7372409},
	doi = {10.1109/TCYB.2015.2509646},
	number = {1},
	urldate = {2024-08-20},
	journal = {IEEE Transactions on Cybernetics},
	author = {Hung, Shao-Ming and Givigi, Sidney N.},
	month = jan,
	year = {2017},
	opt_note = {Conference Name: IEEE Transactions on Cybernetics},
	keywords = {Robot kinematics, Unmanned aerial vehicles, Computational modeling, Topology, Q-learning, Adaptation models, reinforcement learning (RL), Stochastic processes, /unread, Flocking, unmanned aerial vehicles (UAVs)},
	pages = {186--197},
}

@inproceedings{wang_deep_2018,
	address = {Anaheim, CA, USA},
	title = {A {Deep} {Reinforcement} {Learning} approach to flocking and navigation of {UAVs} in {Large}-scale {Complex} {Environments}},
	opt_url = {https://ieeexplore.ieee.org/abstract/document/8646428},
	doi = {10.1109/GlobalSIP.2018.8646428},
	urldate = {2024-08-20},
	booktitle = {2018 {IEEE} {Global} {Conference} on {Signal} and {Information} {Processing}},
	author = {Wang, Chao and Wang, Jian and Zhang, Xudong},
	month = nov,
	year = {2018},
	keywords = {/unread, Aerospace electronics, deep reinforcement learning, flocking control, Markov processes, Navigation, Protocols, Reinforcement learning, Task analysis, UAV flocking, UAV navigation, Unmanned aerial vehicles},
	pages = {1228--1232},
	file = {IEEE Xplore Abstract Record:D\:\\dengyu\\Zotero\\storage\\A2HLLWAC\\8646428.html:text/html;IEEE Xplore Full Text PDF:D\:\\dengyu\\Zotero\\storage\\TZNAXW66\\Wang et al. - 2018 - A DEEP REINFORCEMENT LEARNING APPROACH TO FLOCKING.pdf:application/pdf},
}

@article{bai_learning-based_2024,
	title = {Learning-{Based} {Multi}-{UAV} {Flocking} {Control} {With} {Limited} {Visual} {Field} and {Instinctive} {Repulsion}},
	volume = {54},
	issn = {2168-2275},
	opt_url = {https://ieeexplore.ieee.org/abstract/document/10064126},
	doi = {10.1109/TCYB.2023.3246985},
	number = {1},
	urldate = {2024-08-20},
	journal = {IEEE Transactions on Cybernetics},
	author = {Bai, Chengchao and Yan, Peng and Piao, Haiyin and Pan, Wei and Guo, Jifeng},
	month = jan,
	year = {2024},
	opt_note = {Conference Name: IEEE Transactions on Cybernetics},
	keywords = {Collision avoidance, Sensors, UAVs, Reinforcement learning, Autonomous aerial vehicles, Training, Optimization, Visualization, /unread, flocking control, Deep reinforcement learning (DRL), inter-unmanned aerial vehicle (UAV) collision avoidance, limited visual field},
	pages = {462--475},
}

@article{xiao_graph_2023,
	title = {Graph attention mechanism based reinforcement learning for multi-agent flocking control in communication-restricted environment},
	volume = {620},
	issn = {00200255},
	opt_url = {https://linkinghub.elsevier.com/retrieve/pii/S0020025522013482},
	doi = {10.1016/j.ins.2022.11.059},
	language = {en},
	urldate = {2024-08-20},
	journal = {Information Sciences},
	author = {Xiao, Jian and Yuan, Guohui and He, Jinhui and Fang, Kai and Wang, Zhuoran},
	month = jan,
	year = {2023},
	keywords = {/unread},
	pages = {142--157},
}

@article{yan_deep_2022,
	title = {Deep {Reinforcement} {Learning} of {Collision}-{Free} {Flocking} {Policies} for {Multiple} {Fixed}-{Wing} {UAVs} {Using} {Local} {Situation} {Maps}},
	volume = {18},
	issn = {1941-0050},
	opt_url = {https://ieeexplore.ieee.org/abstract/document/9470972},
	doi = {10.1109/TII.2021.3094207},
	number = {2},
	urldate = {2024-08-20},
	journal = {IEEE Transactions on Industrial Informatics},
	author = {Yan, Chao and Wang, Chang and Xiang, Xiaojia and Lan, Zhen and Jiang, Yuna},
	month = feb,
	year = {2022},
	opt_note = {Conference Name: IEEE Transactions on Industrial Informatics},
	keywords = {collision avoidance, Collision avoidance, Unmanned aerial vehicles, Vehicle dynamics, Sensors, Artificial Internet of Things (AIoT), deep Q -network (DQN), deep reinforcement learning (DRL), Informatics, Internet of Things, Reinforcement learning, unmanned aerial vehicle (UAV) flocking, /unread},
	pages = {1260--1270},
}

@incollection{liu_towards_2016,
	address_ = {Cham},
	title = {Towards {Collaborative} {Mapping} and {Exploration} {Using} {Multiple} {Micro} {Aerial} {Robots}},
	isbn = {978-3-319-23778-7},
	opt_url = {https://doi.org/10.1007/978-3-319-23778-7_57},
	language = {en},
	urldate = {2024-08-21},
	booktitle = {Experimental {Robotics}: {The} 14th {International} {Symposium} on {Experimental} {Robotics}},
	publisher_ = {Springer International Publishing},
	author = {Liu, Sikang and Mohta, Kartik and Shen, Shaojie and Kumar, Vijay},
	editor = {Hsieh, M. Ani and Khatib, Oussama and Kumar, Vijay},
	year = {2016},
	doi = {10.1007/978-3-319-23778-7_57},
	keywords = {/unread, Multi-robot, Exploration, Mapping, Quadrotor, SLAM},
	pages = {865--878},
}

@article{bejaoui_qos-oriented_2020,
	title = {A {QoS}-{Oriented} {Trajectory} {Optimization} in {Swarming} {Unmanned}-{Aerial}-{Vehicles} {Communications}},
	volume = {9},
	issn = {2162-2345},
	opt_url = {https://ieeexplore.ieee.org/abstract/document/8974432},
	doi = {10.1109/LWC.2020.2970052},
	number = {6},
	urldate = {2024-08-21},
	journal = {IEEE Wireless Communications Letters},
	author = {Bejaoui, Amine and Park, Ki-Hong and Alouini, Mohamed-Slim},
	month = jun,
	year = {2020},
	opt_note = {Conference Name: IEEE Wireless Communications Letters},
	keywords = {Unmanned aerial vehicles, Trajectory, Acceleration, optimization, Optimization, Approximation algorithms, /unread, Quality of service, air-to-ground communication, max-min fairness, Multi-UAV communication},
	pages = {791--794},
}

@article{zhan_flocking_2013-1,
	title = {Flocking of {Multi}-{Agent} {Systems} {Via} {Model} {Predictive} {Control} {Based} on {Position}-{Only} {Measurements}},
	volume = {9},
	issn = {1941-0050},
	opt_url = {https://ieeexplore.ieee.org/abstract/document/6293885},
	doi = {10.1109/TII.2012.2216536},
	number = {1},
	urldate = {2024-08-21},
	journal = {IEEE Transactions on Industrial Informatics},
	author = {Zhan, Jingyuan and Li, Xiang},
	month = feb,
	year = {2013},
	opt_note = {Conference Name: IEEE Transactions on Industrial Informatics},
	keywords = {Algorithm design and analysis, Cost function, Multiagent systems, multi-agent system, Position measurement, /unread, flocking, Centralized, distributed, impulsive control, model predictive control (MPC), Prediction algorithms, Predictive control, Vectors, sequential},
	pages = {377--385},
}

@article{luis_online_2020,
	title = {Online {Trajectory} {Generation} {With} {Distributed} {Model} {Predictive} {Control} for {Multi}-{Robot} {Motion} {Planning}},
	volume = {5},
	issn = {2377-3766},
	opt_url = {https://ieeexplore.ieee.org/abstract/document/8950150},
	doi = {10.1109/LRA.2020.2964159},
	number = {2},
	urldate = {2024-08-21},
	journal = {IEEE Robotics and Automation Letters},
	author = {Luis, Carlos E. and Vukosavljev, Marijan and Schoellig, Angela P.},
	month = apr,
	year = {2020},
	opt_note = {Conference Name: IEEE Robotics and Automation Letters},
	keywords = {collision avoidance, Collision avoidance, Robots, Trajectory, Planning, Task analysis, Real-time systems, distributed robot systems, model predictive control, /unread, Predictive control, Motion and path planning},
	pages = {604--611},
}

@article{lyu_multivehicle_2021,
	title = {Multivehicle {Flocking} {With} {Collision} {Avoidance} via {Distributed} {Model} {Predictive} {Control}},
	volume = {51},
	issn = {2168-2275},
	opt_url = {https://ieeexplore.ieee.org/abstract/document/8877998},
	doi = {10.1109/TCYB.2019.2944892},
	number = {5},
	urldate = {2024-08-21},
	journal = {IEEE Transactions on Cybernetics},
	author = {Lyu, Yang and Hu, Jinwen and Chen, Ben M. and Zhao, Chunhui and Pan, Quan},
	month = may,
	year = {2021},
	opt_note = {Conference Name: IEEE Transactions on Cybernetics},
	keywords = {Collision avoidance, Vehicle dynamics, Trajectory, Convex functions, Stability analysis, Standards, /unread, flocking control, model predictive control (MPC), Predictive control, multivehicle system (MVS), sequential},
	pages = {2651--2662},
}

@inproceedings{huang_collision_2024-1,
	address = {Yokohama, Japan},
	title = {Collision {Avoidance} and {Navigation} for a {Quadrotor} {Swarm} {Using} {End}-to-end {Deep} {Reinforcement} {Learning}},
	opt_url = {https://ieeexplore.ieee.org/document/10611499},
	doi = {10.1109/ICRA57147.2024.10611499},
	urldate = {2024-08-22},
	booktitle = {2024 {IEEE} {International} {Conference} on {Robotics} and {Automation}},
	author = {Huang, Zhehui and Yang, Zhaojing and Krupani, Rahul and {\c S}enba{\c s}lar, Bask{\i}n and Batra, Sumeet and Sukhatme, Gaurav S.},
	month = may,
	year = {2024},
	keywords = {/unread, Collision avoidance, Deep reinforcement learning, Hardware, Navigation, Planning, Real-time systems, Training},
	pages = {300--306},
}

@inproceedings{bezcioglu_self-organised_2021,
	address = {Prague, Czech Republic},
	title = {Self-{Organised} {Swarm} {Flocking} with {Deep} {Reinforcement} {Learning}},
	opt_url = {https://ieeexplore.ieee.org/abstract/document/9376509},
	doi = {10.1109/ICARA51699.2021.9376509},
	urldate = {2024-08-27},
	booktitle = {2021 7th {International} {Conference} on {Automation}, {Robotics} and {Applications}},
	author = {Bezcioglu, Mehmet B. and Lennox, Barry and Arvin, Farshad},
	month = feb,
	year = {2021},
	keywords = {/unread, Dynamics, Multi-agent Learning, Optimization, Reinforcement learning, Reinforcement Learning, Robots, Self-organised Flocking, Sociology, Statistics, Swarm Robotics, Task analysis},
	pages = {226--230},
}

@inproceedings{chen_conceptual_2016,
	address = {Vancouver, BC, Canada},
	title = {A conceptual modeling of flocking-regulated multi-agent reinforcement learning},
	opt_url = {https://ieeexplore.ieee.org/abstract/document/7727894},
	doi = {10.1109/IJCNN.2016.7727894},
	urldate = {2024-08-27},
	booktitle = {2016 {International} {Joint} {Conference} on {Neural} {Networks}},
	author = {Chen, C.S. and Hou, Yaqing and Ong, Y.S.},
	month = jul,
	year = {2016},
	opt_note = {ISSN: 2161-4407},
	keywords = {/unread, Estimation, Games, Learning (artificial intelligence), Particle swarm optimization, Sensors, Silicon, Sonar},
	pages = {5256--5262},
}

@inproceedings{xu_multi-vehicle_2018,
	address = {Anchorage, AK, USA},
	title = {Multi-vehicle {Flocking} {Control} with {Deep} {Deterministic} {Policy} {Gradient} {Method}},
	opt_url = {https://ieeexplore.ieee.org/abstract/document/8444355},
	doi = {10.1109/ICCA.2018.8444355},
	urldate = {2024-08-27},
	booktitle = {2018 {IEEE} 14th {International} {Conference} on {Control} and {Automation} ({ICCA})},
	author = {Xu, Zhao and Lyu, Yang and Pan, Quan and Hu, Jinwen and Zhao, Chunhui and Liu, Shuai},
	month = jun,
	year = {2018},
	opt_note = {ISSN: 1948-3457},
	keywords = {/unread, Collision avoidance, Learning (artificial intelligence), Machine learning, Sensors, Space vehicles, Training, Vehicle dynamics},
	pages = {306--311},
}

@article{yan_fixed-wing_2020,
	title = {Fixed-{Wing} {UAVs} flocking in continuous spaces: {A} deep reinforcement learning approach},
	volume = {131},
	issn = {09218890},
	shorttitle = {Fixed-{Wing} {UAVs} flocking in continuous spaces},
	opt_url = {https://linkinghub.elsevier.com/retrieve/pii/S0921889020304346},
	doi = {10.1016/j.robot.2020.103594},
	language = {en},
	urldate = {2024-08-31},
	journal = {Robotics and Autonomous Systems},
	author = {Yan, Chao and Xiang, Xiaojia and Wang, Chang},
	month = sep,
	year = {2020},
	pages = {103594},
}

@inproceedings{preiss_crazyswarm_2017,
	address = {Singapore},
	title = {Crazyswarm: {A} large nano-quadcopter swarm},
	shorttitle = {Crazyswarm},
	opt_url = {https://ieeexplore.ieee.org/abstract/document/7989376},
	doi = {10.1109/ICRA.2017.7989376},
	urldate = {2024-09-02},
	booktitle = {2017 {IEEE} {International} {Conference} on {Robotics} and {Automation}},
	author = {Preiss, James A. and Honig, Wolfgang and Sukhatme, Gaurav S. and Ayanian, Nora},
	month = may,
	year = {2017},
	keywords = {Base stations, Iterative closest point algorithm, Planning, State estimation, Three-dimensional displays, Tracking, Trajectory},
	pages = {3299--3304},
}
