@article{arnold2020cooperative,
  title={Cooperative perception for 3D object detection in driving scenarios using infrastructure sensors},
  author={Arnold, Eduardo and Dianati, Mehrdad and de Temple, Robert and Fallah, Saber},
  journal={IEEE Transactions on Intelligent Transportation Systems},
  year={2020},
  publisher={IEEE}
}

@inproceedings{baque2017deep,
  title={Deep occlusion reasoning for multi-camera multi-target detection},
  author={Baqu{\'e}, Pierre and Fleuret, Fran{\c{c}}ois and Fua, Pascal},
  booktitle={Proceedings of the IEEE International Conference on Computer Vision},
  year={2017}
}

@inproceedings{chavdarova2017deep,
  title={Deep multi-camera people detection},
  author={Chavdarova, Tatjana and Fleuret, Fran{\c{c}}ois},
  booktitle={2017 16th IEEE international conference on machine learning and applications (ICMLA)},
  year={2017},
  organization={IEEE}
}

@inproceedings{chen2023transiff,
  title={TransIFF: An Instance-Level Feature Fusion Framework for Vehicle-Infrastructure Cooperative 3D Detection with Transformers},
  author={Chen, Ziming and Shi, Yifeng and Jia, Jinrang},
  booktitle={Proceedings of the IEEE/CVF International Conference on Computer Vision},
  year={2023}
}

@article{fleuret2007multicamera,
  title={Multicamera people tracking with a probabilistic occupancy map},
  author={Fleuret, Francois and Berclaz, Jerome and Lengagne, Richard and Fua, Pascal},
  journal={IEEE transactions on pattern analysis and machine intelligence},
  number={2},
  year={2007},
  publisher={IEEE}
}

@inproceedings{hou2020multiview,
  title={Multiview detection with feature perspective transformation},
  author={Hou, Yunzhong and Zheng, Liang and Gould, Stephen},
  booktitle={Computer Vision--ECCV 2020: 16th European Conference, Glasgow, UK, August 23--28, 2020, Proceedings, Part VII 16},
  year={2020},
  organization={Springer}
}

@inproceedings{hou2021multiview,
  title={Multiview detection with shadow transformer (and view-coherent data augmentation)},
  author={Hou, Yunzhong and Zheng, Liang},
  booktitle={Proceedings of the 29th ACM International Conference on Multimedia},
  year={2021}
}

@article{jinrang2024monouni,
  title={MonoUNI: A unified vehicle and infrastructure-side monocular 3d object detection network with sufficient depth clues},
  author={Jinrang, Jia and Li, Zhenjia and Shi, Yifeng},
  journal={Advances in Neural Information Processing Systems},
  year={2024}
}

@inproceedings{lu2023carom,
  title={CAROM air-vehicle localization and traffic scene reconstruction from aerial videos},
  author={Lu, Duo and Eaton, Eric and Weg, Matt and Wang, Wei and Como, Steven and Wishart, Jeffrey and Yu, Hongbin and Yang, Yezhou},
  booktitle={2023 IEEE International Conference on Robotics and Automation (ICRA)},
  year={2023},
  organization={IEEE}
}

@article{sochor2018boxcars,
  title={Boxcars: Improving fine-grained recognition of vehicles using 3-d bounding boxes in traffic surveillance},
  author={Sochor, Jakub and {\v{S}}pa{\v{n}}hel, Jakub and Herout, Adam},
  journal={IEEE transactions on intelligent transportation systems},
  year={2018},
  publisher={IEEE}
}

@inproceedings{tang2019cityflow,
  title={Cityflow: A city-scale benchmark for multi-target multi-camera vehicle tracking and re-identification},    
author={Tang, Zheng and others},
  booktitle={Proceedings of the IEEE/CVF Conference on Computer Vision and Pattern Recognition},
  year={2019}
}

@inproceedings{vora2023bringing,
  title={Bringing generalization to deep multi-view pedestrian detection},
  author={Vora, Jeet and Dutta, Swetanjal and Jain, Kanishk and Karthik, Shyamgopal and Gandhi, Vineet},
  booktitle={Proceedings of the IEEE/CVF Winter Conference on Applications of Computer Vision},
  year={2023}
}

@inproceedings{yang2023bevheight,
  title={Bevheight: A robust framework for vision-based roadside 3d object detection},
  author={Yang, Lei and Yu, Kaicheng and Tang, Tao and Li, Jun and Yuan, Kun and Wang, Li and Zhang, Xinyu and Chen, Peng},
  booktitle={Proceedings of the IEEE/CVF Conference on Computer Vision and Pattern Recognition},
  year={2023}
}

@inproceedings{ye2022rope3d,
  title={Rope3d: The roadside perception dataset for autonomous driving and monocular 3d object detection task},
  author={Ye, Xiaoqing and Shu, Mao and Li, Hanyu and Shi, Yifeng and Li, Yingying and Wang, Guangjie and Tan, Xiao and Ding, Errui},
  booktitle={Proceedings of the IEEE/CVF Conference on Computer Vision and Pattern Recognition},
  year={2022}
}

@inproceedings{yu2022dair,
  title={Dair-v2x: A large-scale dataset for vehicle-infrastructure cooperative 3d object detection},
  author={Yu, Haibao and others},
  booktitle={Proceedings of the IEEE/CVF Conference on Computer Vision and Pattern Recognition},
  year={2022}
}

@article{yu2024flow,
  title={Flow-Based Feature Fusion for Vehicle-Infrastructure Cooperative 3D Object Detection},
  author={Yu, Haibao and Tang, Yingjuan and Xie, Enze and Mao, Jilei and Luo, Ping and Nie, Zaiqing},
  journal={Advances in Neural Information Processing Systems},
  year={2024}
}

