@book{rodrigue2020geography,
  title={The geography of transport systems},
  author={Rodrigue, Jean-Paul},
  year={2020},
  publisher={Routledge}
}

@book{sussman2008perspectives,
  title={Perspectives on intelligent transportation systems (ITS)},
  author={Sussman, Joseph S},
  year={2008},
  publisher={Springer Science \& Business Media}
}

@inproceedings{yan2012research,
  title={Research and development of intelligent transportation systems},
  author={Yan, Xinping and Zhang, Hui and Wu, Chaozhong},
  booktitle={2012 11th International Symposium on Distributed Computing and Applications to Business, Engineering \& Science},
  year={2012},
  organization={IEEE}
}

@article{xiong2012intelligent,
  title={Intelligent transportation systems for smart cities: a progress review},
  author={Xiong, Zhang and Sheng, Hao and Rong, WenGe and Cooper, Dave E},
  journal={Science China Information Sciences},
  year={2012},
  publisher={Springer}
}

@article{arnold2020cooperative,
  title={Cooperative perception for 3D object detection in driving scenarios using infrastructure sensors},
  author={Arnold, Eduardo and Dianati, Mehrdad and de Temple, Robert and Fallah, Saber},
  journal={IEEE Transactions on Intelligent Transportation Systems},
  year={2020},
  publisher={IEEE}
}

@inproceedings{chavdarova2018wildtrack,
  title={Wildtrack: A multi-camera hd dataset for dense unscripted pedestrian detection},
  author={Chavdarova, Tatjana and Baqu{\'e}, Pierre and Bouquet, St{\'e}phane and Maksai, Andrii and Jose, Cijo and Bagautdinov, Timur and Lettry, Louis and Fua, Pascal and Van Gool, Luc and Fleuret, Fran{\c{c}}ois},
  booktitle={Proceedings of the IEEE conference on computer vision and pattern recognition},
  year={2018}
}

@article{yu2018space,
  title={Space-based collision avoidance framework for autonomous vehicles},
  author={Yu, Jinke and Petnga, Leonard},
  journal={Procedia Computer Science},
  year={2018},
  publisher={Elsevier}
}

@article{kashinath2021review,
  title={Review of data fusion methods for real-time and multi-sensor traffic flow analysis},
  author={Kashinath, Shafiza Ariffin and others},
  journal={IEEE Access},
  year={2021},
  publisher={IEEE}
}

@inproceedings{kaniarasu2020goal,
  title={Goal-directed occupancy prediction for lane-following actors},
  author={Kaniarasu, Poornima and Haynes, Galen Clark and Marchetti-Bowick, Micol},
  booktitle={2020 IEEE International Conference on Robotics and Automation (ICRA)},
  year={2020},
  organization={IEEE}
}

@inproceedings{yu2022dair,
  title={Dair-v2x: A large-scale dataset for vehicle-infrastructure cooperative 3d object detection},
  author={Yu, Haibao and others},
  booktitle={Proceedings of the IEEE/CVF Conference on Computer Vision and Pattern Recognition},
  year={2022}
}

@inproceedings{ye2022rope3d,
  title={Rope3d: The roadside perception dataset for autonomous driving and monocular 3d object detection task},
  author={Ye, Xiaoqing and Shu, Mao and Li, Hanyu and Shi, Yifeng and Li, Yingying and Wang, Guangjie and Tan, Xiao and Ding, Errui},
  booktitle={Proceedings of the IEEE/CVF Conference on Computer Vision and Pattern Recognition},
  year={2022}
}

@inproceedings{busch2022lumpi,
  title={Lumpi: The leibniz university multi-perspective intersection dataset},
  author={Busch, Steffen and Koetsier, Christian and Axmann, Jeldrik and Brenner, Claus},
  booktitle={2022 IEEE Intelligent Vehicles Symposium (IV)},
  year={2022},
  organization={IEEE}
}

@inproceedings{wang2022ips300+,
  title={Ips300+: a challenging multi-modal data sets for intersection perception system},
  author={Wang, Huanan and Zhang, Xinyu and Li, Zhiwei and Li, Jun and Wang, Kun and Lei, Zhu and Haibing, Ren},
  booktitle={2022 International Conference on Robotics and Automation (ICRA)},
  year={2022},
  organization={IEEE}
}

@inproceedings{vora2023bringing,
  title={Bringing generalization to deep multi-view pedestrian detection},
  author={Vora, Jeet and Dutta, Swetanjal and Jain, Kanishk and Karthik, Shyamgopal and Gandhi, Vineet},
  booktitle={Proceedings of the IEEE/CVF Winter Conference on Applications of Computer Vision},
  year={2023}
}

@INPROCEEDINGS{1211362,
  author={Stauffer C and Kinh Tieu},
  booktitle={2003 IEEE Computer Society Conference on Computer Vision and Pattern Recognition, 2003. Proceedings.}, 
  title={Automated multi-camera planar tracking correspondence modeling}, 
  year={2003},
  number={},
  keywords={Layout;Robustness;Smart cameras;Network topology;Artificial intelligence;Laboratories;Calibration;Airports;Computer Society;Computer vision},
  doi={10.1109/CVPR.2003.1211362}}


@book{hartley2003multiple,
  title={Multiple view geometry in computer vision},
  author={Hartley, Richard and Zisserman, Andrew},
  year={2003},
  publisher={Cambridge university press}
}

@misc{homographylec,
title={Homography, Transforms, Mosaics},
author={Collins, Robert},
year={2017},
url={http://www.cs.columbia.edu/},
journal={Homography, Transforms, Mosaics},
publisher={Department of Computer Science, Columbia University}
} 

@misc{image2bev, title={Bird’s Eye View – A Primer to the paradigm shift in Autonomous Robotics - MulticoreWare}, url={https://multicorewareinc.com/}, journal={MulticoreWare}, author={Multicorewave}, year={2023}, month={Oct} }

@ARTICLE{9764653,
  author={Yang, Shuo and Lu, Huimin and Li, Jianru},
  journal={IEEE Transactions on Intelligent Transportation Systems}, 
  title={Multifeature Fusion-Based Object Detection for Intelligent Transportation Systems}, 
  year={2023},
  number={1},
  keywords={Feature extraction;Point cloud compression;Three-dimensional displays;Object detection;Task analysis;Intelligent transportation systems;Tensors;3D object detection;point clouds;feature fusion},
  doi={10.1109/TITS.2022.3155488}}


@inproceedings{yang2023bevheight,
  title={Bevheight: A robust framework for vision-based roadside 3d object detection},
  author={Yang, Lei and Yu, Kaicheng and Tang, Tao and Li, Jun and Yuan, Kun and Wang, Li and Zhang, Xinyu and Chen, Peng},
  booktitle={Proceedings of the IEEE/CVF Conference on Computer Vision and Pattern Recognition},
  year={2023}
}

@article{Agrawal2024SemiAutomaticAO,
  title={Semi-Automatic Annotation of 3D Radar and Camera for Smart Infrastructure-Based Perception},
  author={Shiva Agrawal and Savankumar Bhanderi and Gordon Elger},
  journal={IEEE Access},
  year={2024},
  url={https://api.semanticscholar.org/CorpusID:268270553}
}

@inproceedings{dosovitskiy2017carla,
  title={CARLA: An open urban driving simulator},
  author={Dosovitskiy, Alexey and others},
  booktitle={Conference on robot learning},
  year={2017},
  organization={PMLR}
}
@software{unrealengine,
  author = {{Epic Games}},
  title = {Unreal Engine},
  url = {https://www.unrealengine.com},
  version = {4.22.1},
  date = {2019-04-25},
  year = {2014}
}

@article{doan2018g2d,
  title={G2D: from GTA to Data},
  author={Doan, Anh-Dzung and Jawaid, Abdul Mohsi and Do, Thanh-Toan and Chin, Tat-Jun},
  journal={arXiv preprint arXiv:},
  year={2018}
}
@inproceedings{dupuis2010opendrive,
  title={Opendrive 2010 and beyond--status and future of the de facto standard for the description of road networks},
  author={Dupuis, Marius and Strobl, Martin and Grezlikowski, Hans},
  booktitle={Proc. of the Driving Simulation Conference Europe},
  pages={231--242},
  year={2010}
}

@inproceedings{ferryman2009pets2009,
  title={Pets2009: Dataset and challenge},
  author={Ferryman, James and Shahrokni, Ali},
  booktitle={2009 Twelfth IEEE international workshop on performance evaluation of tracking and surveillance},
  pages={1--6},
  year={2009},
  organization={IEEE}
}
@article{altekar2021infrastructure,
  title={Infrastructure-based sensor data capture systems for measurement of operational safety assessment (osa) metrics},
  author={Altekar, Niraj and Como, Steven and Lu, Duo and Wishart, Jeffrey and Bruyere, Donald and Saleem, Faisal and Head, K Larry},
  journal={SAE International Journal of Advances and Current Practices in Mobility},
  number={2021-01-0175},
  year={2021}
}
@inproceedings{tang2019cityflow,
  title={Cityflow: A city-scale benchmark for multi-target multi-camera vehicle tracking and re-identification},    
author={Tang, Zheng and others},
  booktitle={Proceedings of the IEEE/CVF Conference on Computer Vision and Pattern Recognition},
  year={2019}
}
@inproceedings{lu2023carom,
  title={CAROM air-vehicle localization and traffic scene reconstruction from aerial videos},
  author={Lu, Duo and Eaton, Eric and Weg, Matt and Wang, Wei and Como, Steven and Wishart, Jeffrey and Yu, Hongbin and Yang, Yezhou},
  booktitle={2023 IEEE International Conference on Robotics and Automation (ICRA)},
  year={2023},
  organization={IEEE}
}
@article{sochor2018boxcars,
  title={Boxcars: Improving fine-grained recognition of vehicles using 3-d bounding boxes in traffic surveillance},
  author={Sochor, Jakub and {\v{S}}pa{\v{n}}hel, Jakub and Herout, Adam},
  journal={IEEE transactions on intelligent transportation systems},
  year={2018},
  publisher={IEEE}
}

@inproceedings{brazil2019m3d,
  title={M3d-rpn: Monocular 3d region proposal network for object detection},
  author={Brazil, Garrick and Liu, Xiaoming},
  booktitle={Proceedings of the IEEE/CVF International Conference on Computer Vision},
  pages={9287--9296},
  year={2019}
}
@inproceedings{huang2017densely,
  title={Densely connected convolutional networks},
  author={Huang, Gao and Liu, Zhuang and Van Der Maaten, Laurens and Weinberger, Kilian Q},
  booktitle={Proceedings of the IEEE conference on computer vision and pattern recognition},
  pages={4700--4708},
  year={2017}
}
@InProceedings{Duan_2019_ICCV,
author = {Duan, Kaiwen and Bai, Song and Xie, Lingxi and Qi, Honggang and Huang, Qingming and Tian, Qi},
title = {CenterNet: Keypoint Triplets for Object Detection},
booktitle = {Proceedings of the IEEE/CVF International Conference on Computer Vision (ICCV)},
month = {October},
year = {2019}
}

@inproceedings{wang2021fcos3d,
  title={Fcos3d: Fully convolutional one-stage monocular 3d object detection},
  author={Wang, Tai and Zhu, Xinge and Pang, Jiangmiao and Lin, Dahua},
  booktitle={Proceedings of the IEEE/CVF International Conference on Computer Vision},
  pages={913--922},
  year={2021}
}


@inproceedings{manhardt2019roi,
  title={Roi-10d: Monocular lifting of 2d detection to 6d pose and metric shape},
  author={Manhardt, Fabian and Kehl, Wadim and Gaidon, Adrien},
  booktitle={Proceedings of the IEEE/CVF Conference on Computer Vision and Pattern Recognition},
  pages={2069--2078},
  year={2019}
}

@inproceedings{qin2019monogrnet,
  title={Monogrnet: A geometric reasoning network for monocular 3d object localization},
  author={Qin, Zengyi and Wang, Jinglu and Lu, Yan},
  booktitle={Proceedings of the AAAI conference on artificial intelligence},
  year={2019}
}

@inproceedings{shi2021geometry,
  title={Geometry-based distance decomposition for monocular 3d object detection},
  author={Shi, Xuepeng and Ye, Qi and Chen, Xiaozhi and Chen, Chuangrong and Chen, Zhixiang and Kim, Tae-Kyun},
  booktitle={Proceedings of the IEEE/CVF International Conference on Computer Vision},
  pages={15172--15181},
  year={2021}
}

@inproceedings{xu2018multi,
  title={Multi-level fusion based 3d object detection from monocular images},
  author={Xu, Bin and Chen, Zhenzhong},
  booktitle={Proceedings of the IEEE conference on computer vision and pattern recognition},
  pages={2345--2353},
  year={2018}
}

@inproceedings{godard2017unsupervised,
  title={Unsupervised monocular depth estimation with left-right consistency},
  author={Godard, Cl{\'e}ment and Mac Aodha, Oisin and Brostow, Gabriel J},
  booktitle={Proceedings of the IEEE conference on computer vision and pattern recognition},
  pages={270--279},
  year={2017}
}
@inproceedings{ding2020learning,
  title={Learning depth-guided convolutions for monocular 3d object detection},
  author={Ding, Mingyu and Huo, Yuqi and Yi, Hongwei and Wang, Zhe and Shi, Jianping and Lu, Zhiwu and Luo, Ping},
  booktitle={Proceedings of the IEEE/CVF Conference on computer vision and pattern recognition workshops},
  pages={1000--1001},
  year={2020}
}
@inproceedings{wang2019pseudo,
  title={Pseudo-lidar from visual depth estimation: Bridging the gap in 3d object detection for autonomous driving},
  author={Wang, Yan and Chao, Wei-Lun and Garg, Divyansh and Hariharan, Bharath and Campbell, Mark and Weinberger, Kilian Q},
  booktitle={Proceedings of the IEEE/CVF conference on computer vision and pattern recognition},
  pages={8445--8453},
  year={2019}
}
@inproceedings{ma2019accurate,
  title={Accurate monocular 3d object detection via color-embedded 3d reconstruction for autonomous driving},
  author={Ma, Xinzhu and Wang, Zhihui and Li, Haojie and Zhang, Pengbo and Ouyang, Wanli and Fan, Xin},
  booktitle={Proceedings of the IEEE/CVF International Conference on Computer Vision},
  pages={6851--6860},
  year={2019}
}

@inproceedings{weng2019monocular,
  title={Monocular 3d object detection with pseudo-lidar point cloud},
  author={Weng, Xinshuo and Kitani, Kris},
  booktitle={Proceedings of the IEEE/CVF International Conference on Computer Vision Workshops},
  pages={0--0},
  year={2019}
}
@inproceedings{zeeshan2014cars,
  title={Are cars just 3d boxes?-jointly estimating the 3d shape of multiple objects},
  author={Zeeshan Zia, Muhammad and Stark, Michael and Schindler, Konrad},
  booktitle={Proceedings of the IEEE Conference on Computer Vision and Pattern Recognition},
  pages={3678--3685},
  year={2014}
}

@inproceedings{kundu20183d,
  title={3d-rcnn: Instance-level 3d object reconstruction via render-and-compare},
  author={Kundu, Abhijit and Li, Yin and Rehg, James M},
  booktitle={Proceedings of the IEEE conference on computer vision and pattern recognition},
  pages={3559--3568},
  year={2018}
}
@inproceedings{park2019deepsdf,
  title={Deepsdf: Learning continuous signed distance functions for shape representation},
  author={Park, Jeong Joon and Florence, Peter and Straub, Julian and Newcombe, Richard and Lovegrove, Steven},
  booktitle={Proceedings of the IEEE/CVF conference on computer vision and pattern recognition},
  pages={165--174},
  year={2019}
}

@inproceedings{ku2019monocular,
  title={Monocular 3d object detection leveraging accurate proposals and shape reconstruction},
  author={Ku, Jason and Pon, Alex D and Waslander, Steven L},
  booktitle={Proceedings of the IEEE/CVF conference on computer vision and pattern recognition},
  pages={11867--11876},
  year={2019}
}

@inproceedings{hu2019joint,
  title={Joint monocular 3D vehicle detection and tracking},
  author={Hu, Hou-Ning and Cai, Qi-Zhi and Wang, Dequan and Lin, Ji and Sun, Min and Krahenbuhl, Philipp and Darrell, Trevor and Yu, Fisher},
  booktitle={Proceedings of the IEEE/CVF International Conference on Computer Vision},
  pages={5390--5399},
  year={2019}
}
@inproceedings{zhou2020monet3d,
  title={Monet3d: Towards accurate monocular 3d object localization in real time},
  author={Zhou, Xichuan and Peng, Yicong and Long, Chunqiao and Ren, Fengbo and Shi, Cong},
  booktitle={International conference on machine learning},
  pages={11503--11512},
  year={2020},
  organization={PMLR}
}
@inproceedings{mayer2016large,
  title={A large dataset to train convolutional networks for disparity, optical flow, and scene flow estimation},
  author={Mayer, Nikolaus and Ilg, Eddy and Hausser, Philip and Fischer, Philipp and Cremers, Daniel and Dosovitskiy, Alexey and Brox, Thomas},
  booktitle={Proceedings of the IEEE conference on computer vision and pattern recognition},
  pages={4040--4048},
  year={2016}
}

@inproceedings{li2019stereo,
  title={Stereo r-cnn based 3d object detection for autonomous driving},
  author={Li, Peiliang and Chen, Xiaozhi and Shen, Shaojie},
  booktitle={Proceedings of the IEEE/CVF Conference on Computer Vision and Pattern Recognition},
  pages={7644--7652},
  year={2019}
}
@article{you2019pseudo,
  title={Pseudo-lidar++: Accurate depth for 3d object detection in autonomous driving},
  author={You, Yurong and Wang, Yan and Chao, Wei-Lun and Garg, Divyansh and Pleiss, Geoff and Hariharan, Bharath and Campbell, Mark and Weinberger, Kilian Q},
  journal={arXiv preprint arXiv:1906.06310},
  year={2019}
}

@InProceedings{Qian_2020_CVPR,
author = {Qian, Rui and Garg, Divyansh and Wang, Yan and You, Yurong and Belongie, Serge and Hariharan, Bharath and Campbell, Mark and Weinberger, Kilian Q. and Chao, Wei-Lun},
title = {End-to-End Pseudo-LiDAR for Image-Based 3D Object Detection},
booktitle = {Proceedings of the IEEE/CVF Conference on Computer Vision and Pattern Recognition (CVPR)},
month = {June},
year = {2020}
}
@inproceedings{chen2020dsgn,
  title={Dsgn: Deep stereo geometry network for 3d object detection},
  author={Chen, Yilun and Liu, Shu and Shen, Xiaoyong and Jia, Jiaya},
  booktitle={Proceedings of the IEEE/CVF conference on computer vision and pattern recognition},
  pages={12536--12545},
  year={2020}
}
@inproceedings{philion2020lift,
  title={Lift, splat, shoot: Encoding images from arbitrary camera rigs by implicitly unprojecting to 3d},
  author={Philion, Jonah and Fidler, Sanja},
  booktitle={Computer Vision--ECCV 2020: 16th European Conference, Glasgow, UK, August 23--28, 2020, Proceedings, Part XIV 16},
  pages={194--210},
  year={2020},
  organization={Springer}
}
@article{huang2021bevdet,
  title={Bevdet: High-performance multi-camera 3d object detection in bird-eye-view},
  author={Huang, Junjie and Huang, Guan and Zhu, Zheng and Ye, Yun and Du, Dalong},
  journal={arXiv preprint arXiv:2112.11790},
  year={2021}
}
@inproceedings{wang2022detr3d,
  title={Detr3d: 3d object detection from multi-view images via 3d-to-2d queries},
  author={Wang, Yue and Guizilini, Vitor Campagnolo and Zhang, Tianyuan and Wang, Yilun and Zhao, Hang and Solomon, Justin},
  booktitle={Conference on Robot Learning},
  pages={180--191},
  year={2022},
  organization={PMLR}
}

@inproceedings{li2022bevformer,
  title={Bevformer: Learning bird’s-eye-view representation from multi-camera images via spatiotemporal transformers},
  author={Li, Zhiqi and Wang, Wenhai and Li, Hongyang and Xie, Enze and Sima, Chonghao and Lu, Tong and Qiao, Yu and Dai, Jifeng},
  booktitle={European conference on computer vision},
  year={2022},
  organization={Springer}
}
@article{fleuret2007multicamera,
  title={Multicamera people tracking with a probabilistic occupancy map},
  author={Fleuret, Francois and Berclaz, Jerome and Lengagne, Richard and Fua, Pascal},
  journal={IEEE transactions on pattern analysis and machine intelligence},
  number={2},
  year={2007},
  publisher={IEEE}
}
@inproceedings{chavdarova2017deep,
  title={Deep multi-camera people detection},
  author={Chavdarova, Tatjana and Fleuret, Fran{\c{c}}ois},
  booktitle={2017 16th IEEE international conference on machine learning and applications (ICMLA)},
  year={2017},
  organization={IEEE}
}

@inproceedings{baque2017deep,
  title={Deep occlusion reasoning for multi-camera multi-target detection},
  author={Baqu{\'e}, Pierre and Fleuret, Fran{\c{c}}ois and Fua, Pascal},
  booktitle={Proceedings of the IEEE International Conference on Computer Vision},
  year={2017}
}

@inproceedings{hou2021multiview,
  title={Multiview detection with shadow transformer (and view-coherent data augmentation)},
  author={Hou, Yunzhong and Zheng, Liang},
  booktitle={Proceedings of the 29th ACM International Conference on Multimedia},
  year={2021}
}

@inproceedings{hou2020multiview,
  title={Multiview detection with feature perspective transformation},
  author={Hou, Yunzhong and Zheng, Liang and Gould, Stephen},
  booktitle={Computer Vision--ECCV 2020: 16th European Conference, Glasgow, UK, August 23--28, 2020, Proceedings, Part VII 16},
  year={2020},
  organization={Springer}
}

@inproceedings{kuo2010inter,
  title={Inter-camera association of multi-target tracks by on-line learned appearance affinity models},
  author={Kuo, Cheng-Hao and Huang, Chang and Nevatia, Ram},
  booktitle={Computer Vision--ECCV 2010: 11th European Conference on Computer Vision, Heraklion, Crete, Greece, September 5-11, 2010, Proceedings, Part I 11},
  pages={383--396},
  year={2010},
  organization={Springer}
}

@inproceedings{zhang2015camera,
  title={A camera network tracking (camnet) dataset and performance baseline},
  author={Zhang, Shu and Staudt, Elliot and Faltemier, Tim and Roy-Chowdhury, Amit K},
  booktitle={2015 IEEE Winter Conference on Applications of Computer Vision},
  pages={365--372},
  year={2015},
  organization={IEEE}
}

@inproceedings{xu2016multi,
  title={Multi-view people tracking via hierarchical trajectory composition},
  author={Xu, Yuanlu and Liu, Xiaobai and Liu, Yang and Zhu, Song-Chun},
  booktitle={Proceedings of the IEEE conference on computer vision and pattern recognition},
  pages={4256--4265},
  year={2016}
}
@article{alameda2015salsa,
  title={Salsa: A novel dataset for multimodal group behavior analysis},
  author={Alameda-Pineda, Xavier and Staiano, Jacopo and Subramanian, Ramanathan and Batrinca, Ligia and Ricci, Elisa and Lepri, Bruno and Lanz, Oswald and Sebe, Nicu},
  journal={IEEE transactions on pattern analysis and machine intelligence},
  year={2015},
  publisher={IEEE}
}

@article{geiger2013vision,
  title={Vision meets robotics: The kitti dataset},
  author={Geiger, Andreas and Lenz, Philip and Stiller, Christoph and Urtasun, Raquel},
  journal={The International Journal of Robotics Research},
  year={2013},
  publisher={Sage Publications Sage UK: London, England}
}

@inproceedings{caesar2020nuscenes,
  title={nuscenes: A multimodal dataset for autonomous driving},
  author={Caesar, Holger and Bankiti, Varun and Lang, Alex H and Vora, Sourabh and Liong, Venice Erin and Xu, Qiang and Krishnan, Anush and Pan, Yu and Baldan, Giancarlo and Beijbom, Oscar},
  booktitle={Proceedings of the IEEE/CVF conference on computer vision and pattern recognition},
  pages={11621--11631},
  year={2020}
}

@inproceedings{huang2018apolloscape,
  title={The apolloscape dataset for autonomous driving},
  author={Huang, Xinyu and Cheng, Xinjing and Geng, Qichuan and Cao, Binbin and Zhou, Dingfu and Wang, Peng and Lin, Yuanqing and Yang, Ruigang},
  booktitle={Proceedings of the IEEE conference on computer vision and pattern recognition workshops},
  pages={954--960},
  year={2018}
}

@inproceedings{song2019apollocar3d,
  title={Apollocar3d: A large 3d car instance understanding benchmark for autonomous driving},
  author={Song, Xibin and Wang, Peng and Zhou, Dingfu and Zhu, Rui and Guan, Chenye and Dai, Yuchao and Su, Hao and Li, Hongdong and Yang, Ruigang},
  booktitle={Proceedings of the IEEE/CVF Conference on Computer Vision and Pattern Recognition},
  pages={5452--5462},
  year={2019}
}

@inproceedings{chang2019argoverse,
  title={Argoverse: 3d tracking and forecasting with rich maps},
  author={Chang, Ming-Fang and Lambert, John and Sangkloy, Patsorn and Singh, Jagjeet and Bak, Slawomir and Hartnett, Andrew and Wang, De and Carr, Peter and Lucey, Simon and Ramanan, Deva and others},
  booktitle={Proceedings of the IEEE/CVF conference on computer vision and pattern recognition},
  pages={8748--8757},
  year={2019}
}

@inproceedings{mei2022waymo,
  title={Waymo open dataset: Panoramic video panoptic segmentation},
  author={Mei, Jieru and Zhu, Alex Zihao and Yan, Xinchen and Yan, Hang and Qiao, Siyuan and Chen, Liang-Chieh and Kretzschmar, Henrik},
  booktitle={European Conference on Computer Vision},
  pages={53--72},
  year={2022},
  organization={Springer}
}

@inproceedings{yang2023aide,
  title={Aide: A vision-driven multi-view, multi-modal, multi-tasking dataset for assistive driving perception},
  author={Yang, Dingkang and Huang, Shuai and Xu, Zhi and Li, Zhenpeng and Wang, Shunli and Li, Mingcheng and Wang, Yuzheng and Liu, Yang and Yang, Kun and Chen, Zhaoyu and others},
  booktitle={Proceedings of the IEEE/CVF International Conference on Computer Vision},
  pages={20459--20470},
  year={2023}
}
@inproceedings{song2021stacked,
  title={Stacked homography transformations for multi-view pedestrian detection},
  author={Song, Liangchen and Wu, Jialian and Yang, Ming and Zhang, Qian and Li, Yuan and Yuan, Junsong},
  booktitle={Proceedings of the IEEE/CVF International Conference on Computer Vision},
  year={2021}
}

@inproceedings{harris1988combined,
  title={A combined corner and edge detector},
  author={Harris, Chris and Stephens, Mike and others},
  booktitle={Alvey vision conference},
  year={1988},
  organization={Citeseer}
}

@inproceedings{lin2017focal,
  title={Focal loss for dense object detection},
  author={Lin, Tsung-Yi and Goyal, Priya and Girshick, Ross and He, Kaiming and Doll{\'a}r, Piotr},
  booktitle={Proceedings of the IEEE international conference on computer vision},
  pages={2980--2988},
  year={2017}
}

@inproceedings{han2023mmptrack,
  title={MMPTRACK: Large-scale densely annotated multi-camera multiple people tracking benchmark},
  author={Han, Xiaotian and You, Quanzeng and Wang, Chunyu and Zhang, Zhizheng and Chu, Peng and Hu, Houdong and Wang, Jiang and Liu, Zicheng},
  booktitle={Proceedings of the IEEE/CVF Winter Conference on Applications of Computer Vision},
  pages={4860--4869},
  year={2023}
}

@inproceedings{wirges2018object,
  title={Object detection and classification in occupancy grid maps using deep convolutional networks},
  author={Wirges, Sascha and Fischer, Tom and Stiller, Christoph and Frias, Jesus Balado},
  booktitle={2018 21st International Conference on Intelligent Transportation Systems (ITSC)},
  pages={3530--3535},
  year={2018},
  organization={IEEE}
}

@inproceedings{bieder2021improving,
  title={Improving lidar-based semantic segmentation of top-view grid maps by learning features in complementary representations},
  author={Bieder, Frank and Link, Maximilian and Romanski, Simon and Hu, Haohao and Stiller, Christoph},
  booktitle={2021 IEEE 24th International Conference on Information Fusion (FUSION)},
  year={2021},
  organization={IEEE}
}

@inproceedings{schreiber2021dynamic,
  title={Dynamic occupancy grid mapping with recurrent neural networks},
  author={Schreiber, Marcel and Belagiannis, Vasileios and Gl{\"a}ser, Claudius and Dietmayer, Klaus},
  booktitle={2021 IEEE International Conference on Robotics and Automation (ICRA)},
  year={2021},
  organization={IEEE}
}

@INPROCEEDINGS{lu2021carom,
  author={Lu, Duo and Jammula, Varun C and Como, Steven and Wishart, Jeffrey and Chen, Yan and Yang, Yezhou},
  booktitle={2021 IEEE International Conference on Robotics and Automation (ICRA)}, 
  title={CAROM - Vehicle Localization and Traffic Scene Reconstruction from Monocular Cameras on Road Infrastructures}, 
  year={2021},
  volume={},
  number={},
  keywords={Location awareness;Three-dimensional displays;Shape;Roads;Transportation;Tools;Cameras},
  doi={10.1109/ICRA48506.2021.9561190}}



@inproceedings{chen2023transiff,
  title={TransIFF: An Instance-Level Feature Fusion Framework for Vehicle-Infrastructure Cooperative 3D Detection with Transformers},
  author={Chen, Ziming and Shi, Yifeng and Jia, Jinrang},
  booktitle={Proceedings of the IEEE/CVF International Conference on Computer Vision},
  year={2023}
}

@article{yu2024flow,
  title={Flow-Based Feature Fusion for Vehicle-Infrastructure Cooperative 3D Object Detection},
  author={Yu, Haibao and Tang, Yingjuan and Xie, Enze and Mao, Jilei and Luo, Ping and Nie, Zaiqing},
  journal={Advances in Neural Information Processing Systems},
  year={2024}
}

@article{jinrang2024monouni,
  title={MonoUNI: A unified vehicle and infrastructure-side monocular 3d object detection network with sufficient depth clues},
  author={Jinrang, Jia and Li, Zhenjia and Shi, Yifeng},
  journal={Advances in Neural Information Processing Systems},
  year={2024}
}
@inproceedings{fazlali2022versatile,
  title={A versatile multi-view framework for lidar-based 3d object detection with guidance from panoptic segmentation},
  author={Fazlali, Hamidreza and Xu, Yixuan and Ren, Yuan and Liu, Bingbing},
  booktitle={Proceedings of the IEEE/CVF Conference on Computer Vision and Pattern Recognition},
  year={2022}
}

@inproceedings{harley2023simple,
  title={Simple-bev: What really matters for multi-sensor bev perception?},
  author={Harley, Adam W and Fang, Zhaoyuan and Li, Jie and Ambrus, Rares and Fragkiadaki, Katerina},
  booktitle={2023 IEEE International Conference on Robotics and Automation (ICRA)},
  pages={2759--2765},
  year={2023},
  organization={IEEE}
}

@article{verma2024etram,
  title={eTraM: Event-based Traffic Monitoring Dataset},
  author={Verma, Aayush Atul and Chakravarthi, Bharatesh and Vaghela, Arpitsinh and Wei, Hua and Yang, Yezhou},
  journal={arXiv preprint arXiv:2403.19976},
  year={2024}
}

@article{aliminati2024sevd,
  title={SEVD: Synthetic Event-based Vision Dataset for Ego and Fixed Traffic Perception},
  author={Aliminati, Manideep Reddy and Chakravarthi, Bharatesh and Verma, Aayush Atul and Vaghela, Arpitsinh and Wei, Hua and Zhou, Xuesong and Yang, Yezhou},
  journal={arXiv preprint arXiv:2404.10540},
  year={2024}
}

@inproceedings{HPC:ASU23, 
  title  = "{The Sol Supercomputer at Arizona State University}", 
  doi    = {10.1145/3569951.3597573}, 
  year   = {2023}, 
  author = {Jennewein, Douglas M. and others}, 
  isbn      = {9781450399852}, 
  month     = {Jul}, 
  booktitle = {Practice and Experience in Advanced Research Computing}, 
  publisher = {Association for Computing Machinery}, 
  address   = {New York, NY, USA}, 
  numpages  = {6}, 
  location  = {Portland, OR, USA}, 
  series    = {PEARC '23}, 
} 

@article{costa2021further,
  title={Further generalizations of the Jaccard index},
  author={Costa, Luciano da F},
  journal={arXiv preprint arXiv:2110.09619},
  year={2021}
}
@article{targ2016resnet,
  title={Resnet in resnet: Generalizing residual architectures},
  author={Targ, Sasha and Almeida, Diogo and Lyman, Kevin},
  journal={arXiv preprint arXiv:1603.08029},
  year={2016}
}

@inproceedings{resnet,
  title={Deep residual learning for image recognition},
  author={He, Kaiming and Zhang, Xiangyu and Ren, Shaoqing and Sun, Jian},
  booktitle={Proceedings of the IEEE conference on computer vision and pattern recognition},
  pages={770--778},
  year={2016}
}

@article{lin2013network,
  title={Network in network},
  author={Lin, M},
  journal={arXiv preprint arXiv:1312.4400},
  year={2013}
}