@article{Li2021PrefixTuningOC,
  title={Prefix-Tuning: Optimizing Continuous Prompts for Generation},
  author={Xiang Lisa Li and Percy Liang},
  journal={Proceedings of the 59th Annual Meeting of the Association for Computational Linguistics and the 11th International Joint Conference on Natural Language Processing (Volume 1: Long Papers)},
  year={2021},
  volume={abs/2101.00190},
  url={https://api.semanticscholar.org/CorpusID:230433941}
}
@article{Ouyang2022TrainingLM,
  title={Training language models to follow instructions with human feedback},
  author={Long Ouyang and Jeff Wu and Xu Jiang and Diogo Almeida and Carroll L. Wainwright and Pamela Mishkin and Chong Zhang and Sandhini Agarwal and Katarina Slama and Alex Ray and John Schulman and Jacob Hilton and Fraser Kelton and Luke E. Miller and Maddie Simens and Amanda Askell and Peter Welinder and Paul Francis Christiano and Jan Leike and Ryan J. Lowe},
  journal={ArXiv},
  year={2022},
  volume={abs/2203.02155},
  url={https://api.semanticscholar.org/CorpusID:246426909}
}
@article{Touvron2023LLaMAOA,
  title={LLaMA: Open and Efficient Foundation Language Models},
  author={Hugo Touvron and Thibaut Lavril and Gautier Izacard and Xavier Martinet and Marie-Anne Lachaux and Timoth{\'e}e Lacroix and Baptiste Rozi{\`e}re and Naman Goyal and Eric Hambro and Faisal Azhar and Aurelien Rodriguez and Armand Joulin and Edouard Grave and Guillaume Lample},
  journal={ArXiv},
  year={2023},
  volume={abs/2302.13971},
  url={https://api.semanticscholar.org/CorpusID:257219404}
}
@inproceedings{Achiam2023GPT4TR,
  title={GPT-4 Technical Report},
  author={{OpenAI}},
  year={2023},
  url={https://api.semanticscholar.org/CorpusID:257532815}
}
@article{Ji2023AIAA,
  title={AI Alignment: A Comprehensive Survey},
  author={Jiaming Ji and Tianyi Qiu and Boyuan Chen and Borong Zhang and Hantao Lou and Kaile Wang and Yawen Duan and Zhonghao He and Jiayi Zhou and Zhaowei Zhang and Fanzhi Zeng and Kwan Yee Ng and Juntao Dai and Xuehai Pan and Aidan O'Gara and Yingshan Lei and Hua Xu and Brian Tse and Jie Fu and Stephen Marcus McAleer and Yaodong Yang and Yizhou Wang and Song-Chun Zhu and Yike Guo and Wen Gao},
  journal={ArXiv},
  year={2023},
  volume={abs/2310.19852},
  url={https://api.semanticscholar.org/CorpusID:264743032}
}
@article{Bai2022TrainingAH,
  title={Training a Helpful and Harmless Assistant with Reinforcement Learning from Human Feedback},
  author={Yuntao Bai and Andy Jones and Kamal Ndousse and Amanda Askell and Anna Chen and Nova Dassarma and Dawn Drain and Stanislav Fort and Deep Ganguli and Tom Henighan and Nicholas Joseph and Saurav Kadavath and John Kernion and Tom Conerly and Sheer El-Showk and Nelson Elhage and Zac Hatfield-Dodds and Danny Hernandez and Tristan Hume and Scott Johnston and Shauna Kravec and Liane Lovitt and Neel Nanda and Catherine Olsson and Dario Amodei and Tom B. Brown and Jack Clark and Sam McCandlish and Christopher Olah and Benjamin Mann and Jared Kaplan},
  journal={ArXiv},
  year={2022},
  volume={abs/2204.05862},
  url={https://api.semanticscholar.org/CorpusID:248118878}
}
@article{Shen2023DoAN,
  title={"Do Anything Now": Characterizing and Evaluating In-The-Wild Jailbreak Prompts on Large Language Models},
  author={Xinyue Shen and Zeyuan Johnson Chen and Michael Backes and Yun Shen and Yang Zhang},
  journal={ArXiv},
  year={2023},
  volume={abs/2308.03825},
  url={https://api.semanticscholar.org/CorpusID:260704242}
}
@article{Shah2023ScalableAT,
  title={Scalable and Transferable Black-Box Jailbreaks for Language Models via Persona Modulation},
  author={Rusheb Shah and Quentin Feuillade--Montixi and Soroush Pour and Arush Tagade and Stephen Casper and Javier Rando},
  journal={ArXiv},
  year={2023},
  volume={abs/2311.03348},
  url={https://api.semanticscholar.org/CorpusID:265043220}
}
@article{Wei2023JailbrokenHD,
  title={Jailbroken: How Does LLM Safety Training Fail?},
  author={Alexander Wei and Nika Haghtalab and Jacob Steinhardt},
  journal={ArXiv},
  year={2023},
  volume={abs/2307.02483},
  url={https://api.semanticscholar.org/CorpusID:259342528}
}
@inproceedings{AnilManyshotJ,
  title={Many-shot Jailbreaking},
  author={Cem Anil and Esin Durmus and Mrinank Sharma and Joe Benton and Sandipan Kundu and Joshua Batson and Nina Rimsky and Meg Tong and Jesse Mu and Daniel Ford and Francesco Mosconi and Rajashree Agrawal and Rylan Schaeffer and Naomi Bashkansky and Samuel Svenningsen and Mike Lambert and Ansh Radhakrishnan and Carson E. Denison and Evan Hubinger and Yuntao Bai and Trenton Bricken and Tim Maxwell and Nicholas Schiefer and Jamie Sully and Alex Tamkin and Tamera Lanham and Karina Nguyen and Tomasz Korbak and Jared Kaplan and Deep Ganguli and Samuel R. Bowman and Ethan Perez and Roger Grosse and David Kristjanson Duvenaud},
  url={https://api.semanticscholar.org/CorpusID:269010944}
}
@article{Wei2023JailbreakAG,
  title={Jailbreak and Guard Aligned Language Models with Only Few In-Context Demonstrations},
  author={Zeming Wei and Yifei Wang and Yisen Wang},
  journal={ArXiv},
  year={2023},
  volume={abs/2310.06387},
  url={https://api.semanticscholar.org/CorpusID:263830179}
}
@article{Zou2023UniversalAT,
  title={Universal and Transferable Adversarial Attacks on Aligned Language Models},
  author={Andy Zou and Zifan Wang and J. Zico Kolter and Matt Fredrikson},
  journal={ArXiv},
  year={2023},
  volume={abs/2307.15043},
  url={https://api.semanticscholar.org/CorpusID:260202961}
}
@inproceedings{Guo2021GradientbasedAA,
  title={Gradient-based Adversarial Attacks against Text Transformers},
  author={Chuan Guo and Alexandre Sablayrolles and Herv'e J'egou and Douwe Kiela},
  booktitle={Conference on Empirical Methods in Natural Language Processing},
  year={2021},
  url={https://api.semanticscholar.org/CorpusID:233423658}
}
@article{Shin2020ElicitingKF,
  title={Eliciting Knowledge from Language Models Using Automatically Generated Prompts},
  author={Taylor Shin and Yasaman Razeghi and Robert L Logan IV and Eric Wallace and Sameer Singh},
  journal={ArXiv},
  year={2020},
  volume={abs/2010.15980},
  url={https://api.semanticscholar.org/CorpusID:226222232}
}
@article{Alon2023DetectingLM,
  title={Detecting Language Model Attacks with Perplexity},
  author={Gabriel Alon and Michael Kamfonas},
  journal={ArXiv},
  year={2023},
  volume={abs/2308.14132},
  url={https://api.semanticscholar.org/CorpusID:261245172}
}
@article{Liu2023AutoDANGS,
  title={AutoDAN: Generating Stealthy Jailbreak Prompts on Aligned Large Language Models},
  author={Xiaogeng Liu and Nan Xu and Muhao Chen and Chaowei Xiao},
  journal={ArXiv},
  year={2023},
  volume={abs/2310.04451},
  url={https://api.semanticscholar.org/CorpusID:263831566}
}
@article{Yu2023GPTFUZZERRT,
  title={GPTFUZZER: Red Teaming Large Language Models with Auto-Generated Jailbreak Prompts},
  author={Jiahao Yu and Xingwei Lin and Zheng Yu and Xinyu Xing},
  journal={ArXiv},
  year={2023},
  volume={abs/2309.10253},
  url={https://api.semanticscholar.org/CorpusID:262055242}
}
@article{Chao2023JailbreakingBB,
  title={Jailbreaking Black Box Large Language Models in Twenty Queries},
  author={Patrick Chao and Alexander Robey and Edgar Dobriban and Hamed Hassani and George J Pappas and Eric Wong},
  journal={ArXiv},
  year={2023},
  volume={abs/2310.08419},
  url={https://api.semanticscholar.org/CorpusID:263908890}
}
@article{Mehrotra2023TreeOA,
  title={Tree of Attacks: Jailbreaking Black-Box LLMs Automatically},
  author={Anay Mehrotra and Manolis Zampetakis and Paul Kassianik and Blaine Nelson and Hyrum Anderson and Yaron Singer and Amin Karbasi},
  journal={ArXiv},
  year={2023},
  volume={abs/2312.02119},
  url={https://api.semanticscholar.org/CorpusID:265609901}
}
@inproceedings{Wallace2019UniversalAT,
  title={Universal Adversarial Triggers for Attacking and Analyzing NLP},
  author={Eric Wallace and Shi Feng and Nikhil Kandpal and Matt Gardner and Sameer Singh},
  booktitle={Conference on Empirical Methods in Natural Language Processing},
  year={2019},
  url={https://api.semanticscholar.org/CorpusID:201698258}
}
@article{Zhou2024EasyJailbreakAU,
  title={EasyJailbreak: A Unified Framework for Jailbreaking Large Language Models},
  author={Weikang Zhou and Xiao Wang and Limao Xiong and Han Xia and Yingshuang Gu and Mingxu Chai and Fukang Zhu and Caishuang Huang and Shihan Dou and Zhiheng Xi and Rui Zheng and Songyang Gao and Yicheng Zou and Hang Yan and Yifan Le and Ruohui Wang and Lijun Li and Jing Shao and Tao Gui and Qi Zhang and Xuanjing Huang},
  journal={ArXiv},
  year={2024},
  volume={abs/2403.12171},
  url={https://api.semanticscholar.org/CorpusID:268531982}
}
@article{Paulus2024AdvPrompterFA,
  title={AdvPrompter: Fast Adaptive Adversarial Prompting for LLMs},
  author={Anselm Paulus and Arman Zharmagambetov and Chuan Guo and Brandon Amos and Yuandong Tian},
  journal={ArXiv},
  year={2024},
  volume={abs/2404.16873},
  url={https://api.semanticscholar.org/CorpusID:269430799}
}
@article{Sadasivan2024FastAA,
  title={Fast Adversarial Attacks on Language Models In One GPU Minute},
  author={Vinu Sankar Sadasivan and Shoumik Saha and Gaurang Sriramanan and Priyatham Kattakinda and Atoosa Malemir Chegini and Soheil Feizi},
  journal={ArXiv},
  year={2024},
  volume={abs/2402.15570},
  url={https://api.semanticscholar.org/CorpusID:267938703}
}
@article{Inan2023LlamaGL,
  title={Llama Guard: LLM-based Input-Output Safeguard for Human-AI Conversations},
  author={Hakan Inan and K. Upasani and Jianfeng Chi and Rashi Rungta and Krithika Iyer and Yuning Mao and Michael Tontchev and Qing Hu and Brian Fuller and Davide Testuggine and Madian Khabsa},
  journal={ArXiv},
  year={2023},
  volume={abs/2312.06674},
  url={https://api.semanticscholar.org/CorpusID:266174345}
}
@article{Jiang2023Mistral7,
  title={Mistral 7B},
  author={Albert Qiaochu Jiang and Alexandre Sablayrolles and Arthur Mensch and Chris Bamford and Devendra Singh Chaplot and Diego de Las Casas and Florian Bressand and Gianna Lengyel and Guillaume Lample and Lucile Saulnier and L'elio Renard Lavaud and Marie-Anne Lachaux and Pierre Stock and Teven Le Scao and Thibaut Lavril and Thomas Wang and Timoth{\'e}e Lacroix and William El Sayed},
  journal={ArXiv},
  year={2023},
  volume={abs/2310.06825},
  url={https://api.semanticscholar.org/CorpusID:263830494}
}
@article{Zheng2023JudgingLW,
  title={Judging LLM-as-a-judge with MT-Bench and Chatbot Arena},
  author={Lianmin Zheng and Wei-Lin Chiang and Ying Sheng and Siyuan Zhuang and Zhanghao Wu and Yonghao Zhuang and Zi Lin and Zhuohan Li and Dacheng Li and Eric P. Xing and Haotong Zhang and Joseph Gonzalez and Ion Stoica},
  journal={ArXiv},
  year={2023},
  volume={abs/2306.05685},
  url={https://api.semanticscholar.org/CorpusID:259129398}
}
@article{Mesnard2024GemmaOM,
  title={Gemma: Open Models Based on Gemini Research and Technology},
  author={Gemma Team Thomas Mesnard and Cassidy Hardin and Robert Dadashi and Surya Bhupatiraju and Shreya Pathak and L. Sifre and Morgane Riviere and Mihir Kale and J Christopher Love and Pouya Dehghani Tafti and L'eonard Hussenot and Aakanksha Chowdhery and Adam Roberts and Aditya Barua and Alex Botev and Alex Castro-Ros and Ambrose Slone and Am'elie H'eliou and Andrea Tacchetti and Anna Bulanova and Antonia Paterson and Beth Tsai and Bobak Shahriari and Charline Le Lan and Christopher A. Choquette-Choo and Cl'ement Crepy and Daniel Cer and Daphne Ippolito and David Reid and Elena Buchatskaya and Eric Ni and Eric Noland and Geng Yan and George Tucker and George-Christian Muraru and Grigory Rozhdestvenskiy and Henryk Michalewski and Ian Tenney and Ivan Grishchenko and Jacob Austin and James Keeling and Jane Labanowski and Jean-Baptiste Lespiau and Jeff Stanway and Jenny Brennan and Jeremy Chen and Johan Ferret and Justin Chiu and Justin Mao-Jones and Katherine Lee and Kathy Yu and Katie Millican and Lars Lowe Sjoesund and Lisa Lee and Lucas Dixon and Machel Reid and Maciej Mikula and Mateo Wirth and Michael Sharman and Nikolai Chinaev and Nithum Thain and Olivier Bachem and Oscar Chang and Oscar Wahltinez and Paige Bailey and Paul Michel and Petko Yotov and Pier Giuseppe Sessa and Rahma Chaabouni and Ramona Comanescu and Reena Jana and Rohan Anil and Ross McIlroy and Ruibo Liu and Ryan Mullins and Samuel L Smith and Sebastian Borgeaud and Sertan Girgin and Sholto Douglas and Shree Pandya and Siamak Shakeri and Soham De and Ted Klimenko and Tom Hennigan and Vladimir Feinberg and Wojciech Stokowiec and Yu-hui Chen and Zafarali Ahmed and Zhitao Gong and Tris Brian Warkentin and Ludovic Peran and Minh Giang and Cl'ement Farabet and Oriol Vinyals and Jeffrey Dean and Koray Kavukcuoglu and Demis Hassabis and Zoubin Ghahramani and Douglas Eck and Joelle Barral and Fernando Pereira and Eli Collins and Armand Joulin and Noah Fiedel and Evan Senter and Alek Andreev and Kathleen Kenealy},
  journal={ArXiv},
  year={2024},
  volume={abs/2403.08295},
  url={https://api.semanticscholar.org/CorpusID:268379206}
}
@article{Robey2023SmoothLLMDL,
  title={SmoothLLM: Defending Large Language Models Against Jailbreaking Attacks},
  author={Alexander Robey and Eric Wong and Hamed Hassani and George J. Pappas},
  journal={ArXiv},
  year={2023},
  volume={abs/2310.03684},
  url={https://api.semanticscholar.org/CorpusID:263671542}
}
@inproceedings{Meister2021LanguageME,
  title={Language Model Evaluation Beyond Perplexity},
  author={Clara Meister and Ryan Cotterell},
  booktitle={Annual Meeting of the Association for Computational Linguistics},
  year={2021},
  url={https://api.semanticscholar.org/CorpusID:235265909}
}
@article{Zhou2024RobustPO,
  title={Robust Prompt Optimization for Defending Language Models Against Jailbreaking Attacks},
  author={Andy Zhou and Bo Li and Haohan Wang},
  journal={ArXiv},
  year={2024},
  volume={abs/2401.17263},
  url={https://api.semanticscholar.org/CorpusID:267320750}
}
@misc{openai2023gpt4,
    title={GPT-4 Technical Report},
    author={OpenAI and Josh Achiam and Steven Adler and Sandhini Agarwal and Lama Ahmad and Ilge Akkaya and Florencia Leoni Aleman and Diogo Almeida and Janko Altenschmidt and Sam Altman and Shyamal Anadkat and Red Avila and Igor Babuschkin and Suchir Balaji and Valerie Balcom and Paul Baltescu and Haiming Bao and Mohammad Bavarian and Jeff Belgum and Irwan Bello and Jake Berdine and Gabriel Bernadett-Shapiro and Christopher Berner and Lenny Bogdonoff and Oleg Boiko and Madelaine Boyd and Anna-Luisa Brakman and Greg Brockman and Tim Brooks and Miles Brundage and Kevin Button and Trevor Cai and Rosie Campbell and Andrew Cann and Brittany Carey and Chelsea Carlson and Rory Carmichael and Brooke Chan and Che Chang and Fotis Chantzis and Derek Chen and Sully Chen and Ruby Chen and Jason Chen and Mark Chen and Ben Chess and Chester Cho and Casey Chu and Hyung Won Chung and Dave Cummings and Jeremiah Currier and Yunxing Dai and Cory Decareaux and Thomas Degry and Noah Deutsch and Damien Deville and Arka Dhar and David Dohan and Steve Dowling and Sheila Dunning and Adrien Ecoffet and Atty Eleti and Tyna Eloundou and David Farhi and Liam Fedus and Niko Felix and Simón Posada Fishman and Juston Forte and Isabella Fulford and Leo Gao and Elie Georges and Christian Gibson and Vik Goel and Tarun Gogineni and Gabriel Goh and Rapha Gontijo-Lopes and Jonathan Gordon and Morgan Grafstein and Scott Gray and Ryan Greene and Joshua Gross and Shixiang Shane Gu and Yufei Guo and Chris Hallacy and Jesse Han and Jeff Harris and Yuchen He and Mike Heaton and Johannes Heidecke and Chris Hesse and Alan Hickey and Wade Hickey and Peter Hoeschele and Brandon Houghton and Kenny Hsu and Shengli Hu and Xin Hu and Joost Huizinga and Shantanu Jain and Shawn Jain and Joanne Jang and Angela Jiang and Roger Jiang and Haozhun Jin and Denny Jin and Shino Jomoto and Billie Jonn and Heewoo Jun and Tomer Kaftan and Łukasz Kaiser and Ali Kamali and Ingmar Kanitscheider and Nitish Shirish Keskar and Tabarak Khan and Logan Kilpatrick and Jong Wook Kim and Christina Kim and Yongjik Kim and Jan Hendrik Kirchner and Jamie Kiros and Matt Knight and Daniel Kokotajlo and Łukasz Kondraciuk and Andrew Kondrich and Aris Konstantinidis and Kyle Kosic and Gretchen Krueger and Vishal Kuo and Michael Lampe and Ikai Lan and Teddy Lee and Jan Leike and Jade Leung and Daniel Levy and Chak Ming Li and Rachel Lim and Molly Lin and Stephanie Lin and Mateusz Litwin and Theresa Lopez and Ryan Lowe and Patricia Lue and Anna Makanju and Kim Malfacini and Sam Manning and Todor Markov and Yaniv Markovski and Bianca Martin and Katie Mayer and Andrew Mayne and Bob McGrew and Scott Mayer McKinney and Christine McLeavey and Paul McMillan and Jake McNeil and David Medina and Aalok Mehta and Jacob Menick and Luke Metz and Andrey Mishchenko and Pamela Mishkin and Vinnie Monaco and Evan Morikawa and Daniel Mossing and Tong Mu and Mira Murati and Oleg Murk and David Mély and Ashvin Nair and Reiichiro Nakano and Rajeev Nayak and Arvind Neelakantan and Richard Ngo and Hyeonwoo Noh and Long Ouyang and Cullen O'Keefe and Jakub Pachocki and Alex Paino and Joe Palermo and Ashley Pantuliano and Giambattista Parascandolo and Joel Parish and Emy Parparita and Alex Passos and Mikhail Pavlov and Andrew Peng and Adam Perelman and Filipe de Avila Belbute Peres and Michael Petrov and Henrique Ponde de Oliveira Pinto and Michael and Pokorny and Michelle Pokrass and Vitchyr H. Pong and Tolly Powell and Alethea Power and Boris Power and Elizabeth Proehl and Raul Puri and Alec Radford and Jack Rae and Aditya Ramesh and Cameron Raymond and Francis Real and Kendra Rimbach and Carl Ross and Bob Rotsted and Henri Roussez and Nick Ryder and Mario Saltarelli and Ted Sanders and Shibani Santurkar and Girish Sastry and Heather Schmidt and David Schnurr and John Schulman and Daniel Selsam and Kyla Sheppard and Toki Sherbakov and Jessica Shieh and Sarah Shoker and Pranav Shyam and Szymon Sidor and Eric Sigler and Maddie Simens and Jordan Sitkin and Katarina Slama and Ian Sohl and Benjamin Sokolowsky and Yang Song and Natalie Staudacher and Felipe Petroski Such and Natalie Summers and Ilya Sutskever and Jie Tang and Nikolas Tezak and Madeleine B. Thompson and Phil Tillet and Amin Tootoonchian and Elizabeth Tseng and Preston Tuggle and Nick Turley and Jerry Tworek and Juan Felipe Cerón Uribe and Andrea Vallone and Arun Vijayvergiya and Chelsea Voss and Carroll Wainwright and Justin Jay Wang and Alvin Wang and Ben Wang and Jonathan Ward and Jason Wei and CJ Weinmann and Akila Welihinda and Peter Welinder and Jiayi Weng and Lilian Weng and Matt Wiethoff and Dave Willner and Clemens Winter and Samuel Wolrich and Hannah Wong and Lauren Workman and Sherwin Wu and Jeff Wu and Michael Wu and Kai Xiao and Tao Xu and Sarah Yoo and Kevin Yu and Qiming Yuan and Wojciech Zaremba and Rowan Zellers and Chong Zhang and Marvin Zhang and Shengjia Zhao and Tianhao Zheng and Juntang Zhuang and William Zhuk and Barret Zoph},
    year={2023},
    eprint={2303.08774},
    archivePrefix={arXiv},
    primaryClass={cs.CL}
}
@inproceedings{Jin2019IsBR,
  title={Is BERT Really Robust? A Strong Baseline for Natural Language Attack on Text Classification and Entailment},
  author={Di Jin and Zhijing Jin and Joey Tianyi Zhou and Peter Szolovits},
  booktitle={AAAI Conference on Artificial Intelligence},
  year={2019},
  url={https://api.semanticscholar.org/CorpusID:202539059}
}
@article{Li2020BERTATTACKAA,
  title={BERT-ATTACK: Adversarial Attack against BERT Using BERT},
  author={Linyang Li and Ruotian Ma and Qipeng Guo and X. Xue and Xipeng Qiu},
  journal={ArXiv},
  year={2020},
  volume={abs/2004.09984},
  url={https://api.semanticscholar.org/CorpusID:216036179}
}
@inproceedings{Ren2019GeneratingNL,
  title={Generating Natural Language Adversarial Examples through Probability Weighted Word Saliency},
  author={Shuhuai Ren and Yihe Deng and Kun He and Wanxiang Che},
  booktitle={Annual Meeting of the Association for Computational Linguistics},
  year={2019},
  url={https://api.semanticscholar.org/CorpusID:196202909}
}
@article{Garg2020BAEBA,
  title={BAE: BERT-based Adversarial Examples for Text Classification},
  author={Siddhant Garg and Goutham Ramakrishnan},
  journal={ArXiv},
  year={2020},
  volume={abs/2004.01970},
  url={https://api.semanticscholar.org/CorpusID:214802269}
}
@article{Lapid2023OpenSU,
  title={Open Sesame! Universal Black Box Jailbreaking of Large Language Models},
  author={Raz Lapid and Ron Langberg and Moshe Sipper},
  journal={ArXiv},
  year={2023},
  volume={abs/2309.01446},
  url={https://api.semanticscholar.org/CorpusID:261530019}
}
@article{Wei2022ChainOT,
  title={Chain of Thought Prompting Elicits Reasoning in Large Language Models},
  author={Jason Wei and Xuezhi Wang and Dale Schuurmans and Maarten Bosma and Ed Huai-hsin Chi and F. Xia and Quoc Le and Denny Zhou},
  journal={ArXiv},
  year={2022},
  volume={abs/2201.11903},
  url={https://api.semanticscholar.org/CorpusID:246411621}
}
@inproceedings{Ding2023AWI,
  title={A Wolf in Sheep’s Clothing: Generalized Nested Jailbreak Prompts can Fool Large Language Models Easily},
  author={Peng Ding and Jun Kuang and Dan Ma and Xuezhi Cao and Yunsen Xian and Jiajun Chen and Shujian Huang},
  booktitle={North American Chapter of the Association for Computational Linguistics},
  year={2023},
  url={https://api.semanticscholar.org/CorpusID:265664913}
}
@article{Yao2023TreeOT,
  title={Tree of Thoughts: Deliberate Problem Solving with Large Language Models},
  author={Shunyu Yao and Dian Yu and Jeffrey Zhao and Izhak Shafran and Thomas L. Griffiths and Yuan Cao and Karthik Narasimhan},
  journal={ArXiv},
  year={2023},
  volume={abs/2305.10601},
  url={https://api.semanticscholar.org/CorpusID:258762525}
}
@inproceedings{Wang2024DiffusionAttackerDP,
  title={DiffusionAttacker: Diffusion-Driven Prompt Manipulation for LLM Jailbreak},
  author={Hao Wang and Haotao Li and Junda Zhu and Xinyuan Wang and Chengwei Pan and Minlie Huang and Lei Sha},
  year={2024},
  url={https://api.semanticscholar.org/CorpusID:274982086}
}
@article{Basani2024GASPEB,
  title={GASP: Efficient Black-Box Generation of Adversarial Suffixes for Jailbreaking LLMs},
  author={Advik Raj Basani and Xiao Zhang},
  journal={ArXiv},
  year={2024},
  volume={abs/2411.14133},
  url={https://api.semanticscholar.org/CorpusID:274165437}
}
@article{Xie2024JailbreakingAA,
  title={Jailbreaking as a Reward Misspecification Problem},
  author={Zhihui Xie and Jiahui Gao and Lei Li and Zhenguo Li and Qi Liu and Lingpeng Kong},
  journal={ArXiv},
  year={2024},
  volume={abs/2406.14393},
  url={https://api.semanticscholar.org/CorpusID:270619465}
}
@article{Brown2020LanguageMA,
  title={Language Models are Few-Shot Learners},
  author={Tom B. Brown and Benjamin Mann and Nick Ryder and Melanie Subbiah and Jared Kaplan and Prafulla Dhariwal and Arvind Neelakantan and Pranav Shyam and Girish Sastry and Amanda Askell and Sandhini Agarwal and Ariel Herbert-Voss and Gretchen Krueger and Tom Henighan and Rewon Child and Aditya Ramesh and Daniel M. Ziegler and Jeff Wu and Clemens Winter and Christopher Hesse and Mark Chen and Eric Sigler and Ma-teusz Litwin and Scott Gray and Benjamin Chess and Jack Clark and Christopher Berner and Sam McCandlish and Alec Radford and Ilya Sutskever and Dario Amodei},
  journal={ArXiv},
  year={2020},
  volume={abs/2005.14165},
  url={https://api.semanticscholar.org/CorpusID:218971783}
}
@article{Bai2022ConstitutionalAH,
  title={Constitutional AI: Harmlessness from AI Feedback},
  author={Yuntao Bai and Saurav Kadavath and Sandipan Kundu and Amanda Askell and John Kernion and Andy Jones and Anna Chen and Anna Goldie and Azalia Mirhoseini and Cameron McKinnon and Carol Chen and Catherine Olsson and Christopher Olah and Danny Hernandez and Dawn Drain and Deep Ganguli and Dustin Li and Eli Tran-Johnson and E Perez and Jamie Kerr and Jared Mueller and Jeff Ladish and J Landau and Kamal Ndousse and Kamilė Luko{\vs}iūtė and Liane Lovitt and Michael Sellitto and Nelson Elhage and Nicholas Schiefer and Noem'i Mercado and Nova Dassarma and Robert Lasenby and Robin Larson and Sam Ringer and Scott Johnston and Shauna Kravec and Sheer El Showk and Stanislav Fort and Tamera Lanham and Timothy Telleen-Lawton and Tom Conerly and Tom Henighan and Tristan Hume and Sam Bowman and Zac Hatfield-Dodds and Benjamin Mann and Dario Amodei and Nicholas Joseph and Sam McCandlish and Tom B. Brown and Jared Kaplan},
  journal={ArXiv},
  year={2022},
  volume={abs/2212.08073},
  url={https://api.semanticscholar.org/CorpusID:254823489}
}
@article{Rafailov2023DirectPO,
  title={Direct Preference Optimization: Your Language Model is Secretly a Reward Model},
  author={Rafael Rafailov and Archit Sharma and Eric Mitchell and Stefano Ermon and Christopher D. Manning and Chelsea Finn},
  journal={ArXiv},
  year={2023},
  volume={abs/2305.18290},
  url={https://api.semanticscholar.org/CorpusID:258959321}
}
@article{Ziegler2019FineTuningLM,
  title={Fine-Tuning Language Models from Human Preferences},
  author={Daniel M. Ziegler and Nisan Stiennon and Jeff Wu and Tom B. Brown and Alec Radford and Dario Amodei and Paul Christiano and Geoffrey Irving},
  journal={ArXiv},
  year={2019},
  volume={abs/1909.08593},
  url={https://api.semanticscholar.org/CorpusID:202660943}
}
@article{Ganguli2022RedTL,
  title={Red Teaming Language Models to Reduce Harms: Methods, Scaling Behaviors, and Lessons Learned},
  author={Deep Ganguli and Liane Lovitt and John Kernion and Amanda Askell and Yuntao Bai and Saurav Kadavath and Benjamin Mann and Ethan Perez and Nicholas Schiefer and Kamal Ndousse and Andy Jones and Sam Bowman and Anna Chen and Tom Conerly and Nova Dassarma and Dawn Drain and Nelson Elhage and Sheer El-Showk and Stanislav Fort and Zachary Dodds and Tom Henighan and Danny Hernandez and Tristan Hume and Josh Jacobson and Scott Johnston and Shauna Kravec and Catherine Olsson and Sam Ringer and Eli Tran-Johnson and Dario Amodei and Tom B. Brown and Nicholas Joseph and Sam McCandlish and Christopher Olah and Jared Kaplan and Jack Clark},
  journal={ArXiv},
  year={2022},
  volume={abs/2209.07858},
  url={https://api.semanticscholar.org/CorpusID:252355458}
}
@article{Alzantot2018GeneratingNL,
  title={Generating Natural Language Adversarial Examples},
  author={Moustafa Farid Alzantot and Yash Sharma and Ahmed Elgohary and Bo-Jhang Ho and Mani B. Srivastava and Kai-Wei Chang},
  journal={ArXiv},
  year={2018},
  volume={abs/1804.07998},
  url={https://api.semanticscholar.org/CorpusID:5076191}
}
@article{Zhao2023ASO,
  title={A Survey of Large Language Models},
  author={Wayne Xin Zhao and Kun Zhou and Junyi Li and Tianyi Tang and Xiaolei Wang and Yupeng Hou and Yingqian Min and Beichen Zhang and Junjie Zhang and Zican Dong and Yifan Du and Chen Yang and Yushuo Chen and Z. Chen and Jinhao Jiang and Ruiyang Ren and Yifan Li and Xinyu Tang and Zikang Liu and Peiyu Liu and Jianyun Nie and Ji-rong Wen},
  journal={ArXiv},
  year={2023},
  volume={abs/2303.18223},
  url={https://api.semanticscholar.org/CorpusID:257900969}
}
@article{Madry2017TowardsDL,
  title={Towards Deep Learning Models Resistant to Adversarial Attacks},
  author={Aleksander Madry and Aleksandar Makelov and Ludwig Schmidt and Dimitris Tsipras and Adrian Vladu},
  journal={ArXiv},
  year={2017},
  volume={abs/1706.06083},
  url={https://api.semanticscholar.org/CorpusID:3488815}
}