@article{Alon2023DetectingLM,
  title={Detecting Language Model Attacks with Perplexity},
  author={Gabriel Alon and Michael Kamfonas},
  journal={ArXiv},
  year={2023},
  volume={abs/2308.14132},
  url={https://api.semanticscholar.org/CorpusID:261245172}
}

@inproceedings{AnilManyshotJ,
  title={Many-shot Jailbreaking},
  author={Cem Anil and Esin Durmus and Mrinank Sharma and Joe Benton and Sandipan Kundu and Joshua Batson and Nina Rimsky and Meg Tong and Jesse Mu and Daniel Ford and Francesco Mosconi and Rajashree Agrawal and Rylan Schaeffer and Naomi Bashkansky and Samuel Svenningsen and Mike Lambert and Ansh Radhakrishnan and Carson E. Denison and Evan Hubinger and Yuntao Bai and Trenton Bricken and Tim Maxwell and Nicholas Schiefer and Jamie Sully and Alex Tamkin and Tamera Lanham and Karina Nguyen and Tomasz Korbak and Jared Kaplan and Deep Ganguli and Samuel R. Bowman and Ethan Perez and Roger Grosse and David Kristjanson Duvenaud},
  url={https://api.semanticscholar.org/CorpusID:269010944}
}

@article{Basani2024GASPEB,
  title={GASP: Efficient Black-Box Generation of Adversarial Suffixes for Jailbreaking LLMs},
  author={Advik Raj Basani and Xiao Zhang},
  journal={ArXiv},
  year={2024},
  volume={abs/2411.14133},
  url={https://api.semanticscholar.org/CorpusID:274165437}
}

@article{Brown2020LanguageMA,
  title={Language Models are Few-Shot Learners},
  author={Tom B. Brown and Benjamin Mann and Nick Ryder and Melanie Subbiah and Jared Kaplan and Prafulla Dhariwal and Arvind Neelakantan and Pranav Shyam and Girish Sastry and Amanda Askell and Sandhini Agarwal and Ariel Herbert-Voss and Gretchen Krueger and Tom Henighan and Rewon Child and Aditya Ramesh and Daniel M. Ziegler and Jeff Wu and Clemens Winter and Christopher Hesse and Mark Chen and Eric Sigler and Ma-teusz Litwin and Scott Gray and Benjamin Chess and Jack Clark and Christopher Berner and Sam McCandlish and Alec Radford and Ilya Sutskever and Dario Amodei},
  journal={ArXiv},
  year={2020},
  volume={abs/2005.14165},
  url={https://api.semanticscholar.org/CorpusID:218971783}
}

@article{Chao2023JailbreakingBB,
  title={Jailbreaking Black Box Large Language Models in Twenty Queries},
  author={Patrick Chao and Alexander Robey and Edgar Dobriban and Hamed Hassani and George J Pappas and Eric Wong},
  journal={ArXiv},
  year={2023},
  volume={abs/2310.08419},
  url={https://api.semanticscholar.org/CorpusID:263908890}
}

@inproceedings{Guo2021GradientbasedAA,
  title={Gradient-based Adversarial Attacks against Text Transformers},
  author={Chuan Guo and Alexandre Sablayrolles and Herv'e J'egou and Douwe Kiela},
  booktitle={Conference on Empirical Methods in Natural Language Processing},
  year={2021},
  url={https://api.semanticscholar.org/CorpusID:233423658}
}

@article{Liu2023AutoDANGS,
  title={AutoDAN: Generating Stealthy Jailbreak Prompts on Aligned Large Language Models},
  author={Xiaogeng Liu and Nan Xu and Muhao Chen and Chaowei Xiao},
  journal={ArXiv},
  year={2023},
  volume={abs/2310.04451},
  url={https://api.semanticscholar.org/CorpusID:263831566}
}

@article{Mehrotra2023TreeOA,
  title={Tree of Attacks: Jailbreaking Black-Box LLMs Automatically},
  author={Anay Mehrotra and Manolis Zampetakis and Paul Kassianik and Blaine Nelson and Hyrum Anderson and Yaron Singer and Amin Karbasi},
  journal={ArXiv},
  year={2023},
  volume={abs/2312.02119},
  url={https://api.semanticscholar.org/CorpusID:265609901}
}

@article{Paulus2024AdvPrompterFA,
  title={AdvPrompter: Fast Adaptive Adversarial Prompting for LLMs},
  author={Anselm Paulus and Arman Zharmagambetov and Chuan Guo and Brandon Amos and Yuandong Tian},
  journal={ArXiv},
  year={2024},
  volume={abs/2404.16873},
  url={https://api.semanticscholar.org/CorpusID:269430799}
}

@article{Robey2023SmoothLLMDL,
  title={SmoothLLM: Defending Large Language Models Against Jailbreaking Attacks},
  author={Alexander Robey and Eric Wong and Hamed Hassani and George J. Pappas},
  journal={ArXiv},
  year={2023},
  volume={abs/2310.03684},
  url={https://api.semanticscholar.org/CorpusID:263671542}
}

@article{Sadasivan2024FastAA,
  title={Fast Adversarial Attacks on Language Models In One GPU Minute},
  author={Vinu Sankar Sadasivan and Shoumik Saha and Gaurang Sriramanan and Priyatham Kattakinda and Atoosa Malemir Chegini and Soheil Feizi},
  journal={ArXiv},
  year={2024},
  volume={abs/2402.15570},
  url={https://api.semanticscholar.org/CorpusID:267938703}
}

@article{Shah2023ScalableAT,
  title={Scalable and Transferable Black-Box Jailbreaks for Language Models via Persona Modulation},
  author={Rusheb Shah and Quentin Feuillade--Montixi and Soroush Pour and Arush Tagade and Stephen Casper and Javier Rando},
  journal={ArXiv},
  year={2023},
  volume={abs/2311.03348},
  url={https://api.semanticscholar.org/CorpusID:265043220}
}

@article{Shen2023DoAN,
  title={"Do Anything Now": Characterizing and Evaluating In-The-Wild Jailbreak Prompts on Large Language Models},
  author={Xinyue Shen and Zeyuan Johnson Chen and Michael Backes and Yun Shen and Yang Zhang},
  journal={ArXiv},
  year={2023},
  volume={abs/2308.03825},
  url={https://api.semanticscholar.org/CorpusID:260704242}
}

@article{Shin2020ElicitingKF,
  title={Eliciting Knowledge from Language Models Using Automatically Generated Prompts},
  author={Taylor Shin and Yasaman Razeghi and Robert L Logan IV and Eric Wallace and Sameer Singh},
  journal={ArXiv},
  year={2020},
  volume={abs/2010.15980},
  url={https://api.semanticscholar.org/CorpusID:226222232}
}

@inproceedings{Wang2024DiffusionAttackerDP,
  title={DiffusionAttacker: Diffusion-Driven Prompt Manipulation for LLM Jailbreak},
  author={Hao Wang and Haotao Li and Junda Zhu and Xinyuan Wang and Chengwei Pan and Minlie Huang and Lei Sha},
  year={2024},
  url={https://api.semanticscholar.org/CorpusID:274982086}
}

@article{Wei2022ChainOT,
  title={Chain of Thought Prompting Elicits Reasoning in Large Language Models},
  author={Jason Wei and Xuezhi Wang and Dale Schuurmans and Maarten Bosma and Ed Huai-hsin Chi and F. Xia and Quoc Le and Denny Zhou},
  journal={ArXiv},
  year={2022},
  volume={abs/2201.11903},
  url={https://api.semanticscholar.org/CorpusID:246411621}
}

@article{Wei2023JailbreakAG,
  title={Jailbreak and Guard Aligned Language Models with Only Few In-Context Demonstrations},
  author={Zeming Wei and Yifei Wang and Yisen Wang},
  journal={ArXiv},
  year={2023},
  volume={abs/2310.06387},
  url={https://api.semanticscholar.org/CorpusID:263830179}
}

@article{Wei2023JailbrokenHD,
  title={Jailbroken: How Does LLM Safety Training Fail?},
  author={Alexander Wei and Nika Haghtalab and Jacob Steinhardt},
  journal={ArXiv},
  year={2023},
  volume={abs/2307.02483},
  url={https://api.semanticscholar.org/CorpusID:259342528}
}

@article{Xie2024JailbreakingAA,
  title={Jailbreaking as a Reward Misspecification Problem},
  author={Zhihui Xie and Jiahui Gao and Lei Li and Zhenguo Li and Qi Liu and Lingpeng Kong},
  journal={ArXiv},
  year={2024},
  volume={abs/2406.14393},
  url={https://api.semanticscholar.org/CorpusID:270619465}
}

@article{Yao2023TreeOT,
  title={Tree of Thoughts: Deliberate Problem Solving with Large Language Models},
  author={Shunyu Yao and Dian Yu and Jeffrey Zhao and Izhak Shafran and Thomas L. Griffiths and Yuan Cao and Karthik Narasimhan},
  journal={ArXiv},
  year={2023},
  volume={abs/2305.10601},
  url={https://api.semanticscholar.org/CorpusID:258762525}
}

@article{Yu2023GPTFUZZERRT,
  title={GPTFUZZER: Red Teaming Large Language Models with Auto-Generated Jailbreak Prompts},
  author={Jiahao Yu and Xingwei Lin and Zheng Yu and Xinyu Xing},
  journal={ArXiv},
  year={2023},
  volume={abs/2309.10253},
  url={https://api.semanticscholar.org/CorpusID:262055242}
}

@article{Zhou2024RobustPO,
  title={Robust Prompt Optimization for Defending Language Models Against Jailbreaking Attacks},
  author={Andy Zhou and Bo Li and Haohan Wang},
  journal={ArXiv},
  year={2024},
  volume={abs/2401.17263},
  url={https://api.semanticscholar.org/CorpusID:267320750}
}

@article{Zou2023UniversalAT,
  title={Universal and Transferable Adversarial Attacks on Aligned Language Models},
  author={Andy Zou and Zifan Wang and J. Zico Kolter and Matt Fredrikson},
  journal={ArXiv},
  year={2023},
  volume={abs/2307.15043},
  url={https://api.semanticscholar.org/CorpusID:260202961}
}

