@article{aboelmaged2018knowledge,
  title={Knowledge sharing through enterprise social network (ESN) systems: motivational drivers and their impact on employees’ productivity},
  author={Aboelmaged, Mohamed Gamal},
  journal={Journal of Knowledge Management},
  year={2018},
  publisher={Emerald Publishing Limited}
}

@article{azaizah2018impact,
  title={Impact of ESN implementation on communication and knowledge-sharing in a multi-national organization},
  author={Azaizah, Nadeem and Reychav, Iris and Raban, Daphne R and Simon, Tomer and McHaney, Roger},
  journal={International Journal of Information Management},
  volume={43},
  pages={284--294},
  year={2018},
  publisher={Elsevier}
}

@book{barabasi2014linked,
  title={Linked: How everything is connected to everything else and what it means for business, science, and everyday life},
  author={Barab{\'a}si, Albert-L{\'a}szl{\'o} and Frangos, Jennifer},
  year={2014},
  publisher={Basic books}
}

@article{brown2023effects,
  title={The effects of social and organizational connectedness on employee well-being and remote working experiences during the COVID-19 pandemic},
  author={Brown, Adam and Leite, Ana C},
  journal={Journal of Applied Social Psychology},
  volume={53},
  number={2},
  pages={134--152},
  year={2023},
  publisher={Wiley Online Library}
}

@inproceedings{brzozowski2009effects,
  title={Effects of feedback and peer pressure on contributions to enterprise social media},
  author={Brzozowski, Michael J and Sandholm, Thomas and Hogg, Tad},
  booktitle={Proceedings of the 2009 ACM International Conference on Supporting Group Work},
  pages={61--70},
  year={2009}
}

@inproceedings{brzozowski2009watercooler,
  title={WaterCooler: exploring an organization through enterprise social media},
  author={Brzozowski, Michael J},
  booktitle={Proceedings of the ACM 2009 international conference on Supporting group work},
  pages={219--228},
  year={2009}
}

@article{burt_structural_1992,
  title={Structural Holes: The Social Structure of Competition},
author = {Burt, Ronald S.},
  journal={Cambridge, Harvard University Press},
  volume={10},
  pages={20},
  year={1992}
}

@article{chetty2022social,
  title={Social capital I: measurement and associations with economic mobility},
  author={Chetty, Raj and Jackson, Matthew O and Kuchler, Theresa and Stroebel, Johannes and Hendren, Nathaniel and Fluegge, Robert B and Gong, Sara and Gonzalez, Federico and Grondin, Armelle and Jacob, Matthew and others},
  journal={Nature},
  volume={608},
  number={7921},
  pages={108--121},
  year={2022},
  publisher={Nature Publishing Group UK London}
}

@article{coleman1988social,
  title={Social capital in the creation of human capital},
  author={Coleman, James S},
  journal={American journal of sociology},
  volume={94},
  pages={S95--S120},
  year={1988},
  publisher={University of Chicago Press}
}

@misc{coneRiseBlog2005,
  title = {Rise of the {{Blog}}},
  author = {Cone, Edward},
  year = {2005},
  journal = {CIO Insight},
  langid = {american},
  url = {https://www.cioinsight.com/news-trends/rise-of-the-blog/}
}

@inproceedings{dimicco2008motivations,
  title={Motivations for social networking at work},
  author={DiMicco, Joan and Millen, David R and Geyer, Werner and Dugan, Casey and Brownholtz, Beth and Muller, Michael},
  booktitle={Proceedings of the 2008 ACM conference on Computer supported cooperative work},
  pages={711--720},
  year={2008}
}

@inproceedings{efimova2007crossing,
  title={Crossing boundaries: A case study of employee blogging},
  author={Efimova, Lilia and Grudin, Jonathan},
  booktitle={2007 40th Annual Hawaii International Conference on System Sciences (HICSS'07)},
  pages={86--86},
  year={2007},
  organization={IEEE}
}

@article{efimova2009passion,
  title={Passion at work: blogging practices of knowledge workers},
  author={Efimova, Lilia},
  year={2009}
}

@article{granovetter1973strength,
  title={The strength of weak ties},
  author={Granovetter, Mark S},
  journal={American journal of sociology},
  volume={78},
  number={6},
  pages={1360--1380},
  year={1973},
  publisher={University of Chicago Press}
}

@inproceedings{kolari2007structure,
  title={On the structure, properties and utility of internal corporate blogs},
  author={Kolari, Pranam and Finin, Tim and Yesha, Yelena and Yesha, Yaacov and Lyons, Kelly and Perelgut, Stephen and Hawkins, Jen and others},
  booktitle={Proceedings of the First International Conference on Web and Social Media (ICWSM)},
  year={2007}
}

@article{kossinets2006empirical,
  title={Empirical analysis of an evolving social network},
  author={Kossinets, Gueorgi and Watts, Duncan J},
  journal={science},
  volume={311},
  number={5757},
  pages={88--90},
  year={2006},
  publisher={American Association for the Advancement of Science}
}

@article{luo2018can,
  title={Can non-work-related social media use benefit the company? A study on corporate blogging and affective organizational commitment},
  author={Luo, Nianlong and Guo, Xunhua and Lu, Benjiang and Chen, Guoqing},
  journal={Computers in Human Behavior},
  volume={81},
  pages={84--92},
  year={2018},
  publisher={Elsevier}
}

@article{mcafee2006enterprise,
  title={Enterprise 2.0: The dawn of emergent collaboration},
  author={McAfee, AP},
  journal={Enterprise},
  volume={2},
  pages={15--26},
  year={2006}
}

@article{phillips2020working,
  title={Working through the pandemic: Accelerating the transition to remote working},
  author={Phillips, Stephen},
  journal={Business Information Review},
  volume={37},
  number={3},
  pages={129--134},
  year={2020},
  publisher={SAGE Publications Sage UK: London, England}
}

@article{pitafi2018investigating,
  title={Investigating the relationship between workplace conflict and employee agility: The role of enterprise social media},
  author={Pitafi, Abdul Hameed and Liu, Hefu and Cai, Zhao},
  journal={Telematics and Informatics},
  volume={35},
  number={8},
  pages={2157--2172},
  year={2018},
  publisher={Elsevier}
}

@article{rajkumar2022causal,
  title={A causal test of the strength of weak ties},
  author={Rajkumar, Karthik and Saint-Jacques, Guillaume and Bojinov, Iavor and Brynjolfsson, Erik and Aral, Sinan},
  journal={Science},
  volume={377},
  number={6612},
  pages={1304--1310},
  year={2022},
  publisher={American Association for the Advancement of Science}
}

@article{raub1990reputation,
  title={Reputation and efficiency in social interactions: An example of network effects},
  author={Raub, Werner and Weesie, Jeroen},
  journal={American journal of sociology},
  volume={96},
  number={3},
  pages={626--654},
  year={1990},
  publisher={University of Chicago Press}
}

@article{reagans2003network,
  title={Network structure and knowledge transfer: The effects of cohesion and range},
  author={Reagans, Ray and McEvily, Bill},
  journal={Administrative science quarterly},
  volume={48},
  number={2},
  pages={240--267},
  year={2003},
  publisher={SAGE Publications}
}

@article{soda2021networks,
  title={Networks, creativity, and time: Staying creative through brokerage and network rejuvenation},
  author={Soda, Giuseppe and Mannucci, Pier Vittorio and Burt, Ronald S},
  journal={Academy of Management Journal},
  volume={64},
  number={4},
  pages={1164--1190},
  year={2021},
  publisher={Academy of Management Briarcliff Manor, NY}
}

@misc{watts1999small,
  title={Small worlds: the dynamics of networks between order and randomness},
  author={Watts, Duncan J},
  year={1999},
  publisher={Princeton University Press}
}

@article{yang2022effects,
  title={The effects of remote work on collaboration among information workers},
  author={Yang, Longqi and Holtz, David and Jaffe, Sonia and Suri, Siddharth and Sinha, Shilpi and Weston, Jeffrey and Joyce, Connor and Shah, Neha and Sherman, Kevin and Hecht, Brent and others},
  journal={Nature human behaviour},
  volume={6},
  number={1},
  pages={43--54},
  year={2022},
  publisher={Nature Publishing Group UK London}
}

@inproceedings{yardi2008pulse,
  title={The pulse of the corporate blogosphere},
  author={Yardi, Sarita and Golder, Scott and Brzozowski, Mike},
  booktitle={Conf. Supplement of CSCW 2008},
  pages={8--12},
  year={2008},
  organization={Citeseer}
}

@inproceedings{yardi2009blogging,
  title={Blogging at work and the corporate attention economy},
  author={Yardi, Sarita and Golder, Scott A and Brzozowski, Michael J},
  booktitle={Proceedings of the SIGCHI conference on human factors in computing systems},
  pages={2071--2080},
  year={2009}
}

@inproceedings{yu2023large,
  title={Large-Scale Analysis of New Employee Network Dynamics},
  author={Yu, Yulin and Yang, Longqi and Lindley, Si{\^a}n and Wan, Mengting},
  booktitle={Proceedings of the ACM Web Conference 2023},
  pages={2719--2730},
  year={2023}
}

