@misc{coneRiseBlog2005,
  title = {Rise of the {{Blog}}},
  author = {Cone, Edward},
  year = {2005},
  journal = {CIO Insight},
  langid = {american},
  url = {https://www.cioinsight.com/news-trends/rise-of-the-blog/}
}

@article{efimova2009passion,
  title={Passion at work: blogging practices of knowledge workers},
  author={Efimova, Lilia},
  year={2009}
}

@article{leonardi2013enterprise,
  title={Enterprise social media: Definition, history, and prospects for the study of social technologies in organizations},
  author={Leonardi, Paul M and Huysman, Marleen and Steinfield, Charles},
  journal={Journal of computer-mediated communication},
  volume={19},
  number={1},
  pages={1--19},
  year={2013},
  publisher={Oxford University Press Oxford, UK}
}

@inproceedings{brzozowski2009effects,
  title={Effects of feedback and peer pressure on contributions to enterprise social media},
  author={Brzozowski, Michael J and Sandholm, Thomas and Hogg, Tad},
  booktitle={Proceedings of the 2009 ACM International Conference on Supporting Group Work},
  pages={61--70},
  year={2009}
}

@article{luo2018can,
  title={Can non-work-related social media use benefit the company? A study on corporate blogging and affective organizational commitment},
  author={Luo, Nianlong and Guo, Xunhua and Lu, Benjiang and Chen, Guoqing},
  journal={Computers in Human Behavior},
  volume={81},
  pages={84--92},
  year={2018},
  publisher={Elsevier}
}

@inproceedings{kolari2007structure,
  title={On the structure, properties and utility of internal corporate blogs},
  author={Kolari, Pranam and Finin, Tim and Yesha, Yelena and Yesha, Yaacov and Lyons, Kelly and Perelgut, Stephen and Hawkins, Jen and others},
  booktitle={Proceedings of the First International Conference on Web and Social Media (ICWSM)},
  year={2007}
}

@inproceedings{brzozowski2009watercooler,
  title={WaterCooler: exploring an organization through enterprise social media},
  author={Brzozowski, Michael J},
  booktitle={Proceedings of the ACM 2009 international conference on Supporting group work},
  pages={219--228},
  year={2009}
}

@inproceedings{mislove2007measurement,
  title={Measurement and analysis of online social networks},
  author={Mislove, Alan and Marcon, Massimiliano and Gummadi, Krishna P and Druschel, Peter and Bhattacharjee, Bobby},
  booktitle={Proceedings of the 7th ACM SIGCOMM conference on Internet measurement},
  pages={29--42},
  year={2007}
}



@inproceedings{backstrom2014romantic,
  title={Romantic partnerships and the dispersion of social ties: a network analysis of relationship status on facebook},
  author={Backstrom, Lars and Kleinberg, Jon},
  booktitle={Proceedings of the 17th ACM conference on Computer supported cooperative work \& social computing},
  pages={831--841},
  year={2014}
}

@article{marsden1984measuring,
  title={Measuring tie strength},
  author={Marsden, Peter V and Campbell, Karen E},
  journal={Social forces},
  volume={63},
  number={2},
  pages={482--501},
  year={1984},
  publisher={The University of North Carolina Press}
}


@article{leidner2010assimilating,
  title={Assimilating Generation Y IT New Hires into USAA's Workforce: The Role of an Enterprise 2.0 System.},
  author={Leidner, Dorothy and Koch, Hope and Gonzalez, Ester},
  journal={MIS Quarterly Executive},
  volume={9},
  number={4},
  year={2010}
}

@article{pitafi2018investigating,
  title={Investigating the relationship between workplace conflict and employee agility: The role of enterprise social media},
  author={Pitafi, Abdul Hameed and Liu, Hefu and Cai, Zhao},
  journal={Telematics and Informatics},
  volume={35},
  number={8},
  pages={2157--2172},
  year={2018},
  publisher={Elsevier}
}

@article{burt_structural_1992,
  title={Structural Holes: The Social Structure of Competition},
author = {Burt, Ronald S.},
  journal={Cambridge, Harvard University Press},
  volume={10},
  pages={20},
  year={1992}
}

@article{rajkumar2022causal,
  title={A causal test of the strength of weak ties},
  author={Rajkumar, Karthik and Saint-Jacques, Guillaume and Bojinov, Iavor and Brynjolfsson, Erik and Aral, Sinan},
  journal={Science},
  volume={377},
  number={6612},
  pages={1304--1310},
  year={2022},
  publisher={American Association for the Advancement of Science}
}

@article{chetty2022social,
  title={Social capital I: measurement and associations with economic mobility},
  author={Chetty, Raj and Jackson, Matthew O and Kuchler, Theresa and Stroebel, Johannes and Hendren, Nathaniel and Fluegge, Robert B and Gong, Sara and Gonzalez, Federico and Grondin, Armelle and Jacob, Matthew and others},
  journal={Nature},
  volume={608},
  number={7921},
  pages={108--121},
  year={2022},
  publisher={Nature Publishing Group UK London}
}

@article{kossinets2006empirical,
  title={Empirical analysis of an evolving social network},
  author={Kossinets, Gueorgi and Watts, Duncan J},
  journal={science},
  volume={311},
  number={5757},
  pages={88--90},
  year={2006},
  publisher={American Association for the Advancement of Science}
}


@article{granovetter1973strength,
  title={The strength of weak ties},
  author={Granovetter, Mark S},
  journal={American journal of sociology},
  volume={78},
  number={6},
  pages={1360--1380},
  year={1973},
  publisher={University of Chicago Press}
}

@article{coleman1988social,
  title={Social capital in the creation of human capital},
  author={Coleman, James S},
  journal={American journal of sociology},
  volume={94},
  pages={S95--S120},
  year={1988},
  publisher={University of Chicago Press}
}

@book{barabasi2014linked,
  title={Linked: How everything is connected to everything else and what it means for business, science, and everyday life},
  author={Barab{\'a}si, Albert-L{\'a}szl{\'o} and Frangos, Jennifer},
  year={2014},
  publisher={Basic books}
}

@misc{watts1999small,
  title={Small worlds: the dynamics of networks between order and randomness},
  author={Watts, Duncan J},
  year={1999},
  publisher={Princeton University Press}
}



@article{aboelmaged2018knowledge,
  title={Knowledge sharing through enterprise social network (ESN) systems: motivational drivers and their impact on employees’ productivity},
  author={Aboelmaged, Mohamed Gamal},
  journal={Journal of Knowledge Management},
  year={2018},
  publisher={Emerald Publishing Limited}
}



@inproceedings{efimova2007crossing,
  title={Crossing boundaries: A case study of employee blogging},
  author={Efimova, Lilia and Grudin, Jonathan},
  booktitle={2007 40th Annual Hawaii International Conference on System Sciences (HICSS'07)},
  pages={86--86},
  year={2007},
  organization={IEEE}
}

@inproceedings{yardi2008pulse,
  title={The pulse of the corporate blogosphere},
  author={Yardi, Sarita and Golder, Scott and Brzozowski, Mike},
  booktitle={Conf. Supplement of CSCW 2008},
  pages={8--12},
  year={2008},
  organization={Citeseer}
}

@article{mcafee2006enterprise,
  title={Enterprise 2.0: The dawn of emergent collaboration},
  author={McAfee, AP},
  journal={Enterprise},
  volume={2},
  pages={15--26},
  year={2006}
}


@article{wu2021does,
  title={Does enterprise social media usage make the employee more productive? A meta-analysis},
  author={Wu, Chuanhui and Zhang, Yuchen and Huang, Shijing and Yuan, Qinjian},
  journal={Telematics and Informatics},
  volume={60},
  pages={101578},
  year={2021},
  publisher={Elsevier}
}

@article{ellison2015use,
  title={The use of enterprise social network sites for knowledge sharing in distributed organizations: The role of organizational affordances},
  author={Ellison, Nicole B and Gibbs, Jennifer L and Weber, Matthew S},
  journal={American Behavioral Scientist},
  volume={59},
  number={1},
  pages={103--123},
  year={2015},
  publisher={Sage Publications Sage CA: Los Angeles, CA}
}


@article{azaizah2018impact,
  title={Impact of ESN implementation on communication and knowledge-sharing in a multi-national organization},
  author={Azaizah, Nadeem and Reychav, Iris and Raban, Daphne R and Simon, Tomer and McHaney, Roger},
  journal={International Journal of Information Management},
  volume={43},
  pages={284--294},
  year={2018},
  publisher={Elsevier}
}



@book{huntington_kleinChapter18DifferenceinDifferences,
	title = {Chapter 18 - {Difference}-in-{Differences} {\textbar} {The} {Effect}},
	url = {https://theeffectbook.net/ch-DifferenceinDifference.html},
	urldate = {2024-12-06},
	author = {Huntington-Klein, Nick},
}

@article{phillips2020working,
  title={Working through the pandemic: Accelerating the transition to remote working},
  author={Phillips, Stephen},
  journal={Business Information Review},
  volume={37},
  number={3},
  pages={129--134},
  year={2020},
  publisher={SAGE Publications Sage UK: London, England}
}

@article{brown2023effects,
  title={The effects of social and organizational connectedness on employee well-being and remote working experiences during the COVID-19 pandemic},
  author={Brown, Adam and Leite, Ana C},
  journal={Journal of Applied Social Psychology},
  volume={53},
  number={2},
  pages={134--152},
  year={2023},
  publisher={Wiley Online Library}
}

@article{yang2022effects,
  title={The effects of remote work on collaboration among information workers},
  author={Yang, Longqi and Holtz, David and Jaffe, Sonia and Suri, Siddharth and Sinha, Shilpi and Weston, Jeffrey and Joyce, Connor and Shah, Neha and Sherman, Kevin and Hecht, Brent and others},
  journal={Nature human behaviour},
  volume={6},
  number={1},
  pages={43--54},
  year={2022},
  publisher={Nature Publishing Group UK London}
}

@inproceedings{yu2023large,
  title={Large-Scale Analysis of New Employee Network Dynamics},
  author={Yu, Yulin and Yang, Longqi and Lindley, Si{\^a}n and Wan, Mengting},
  booktitle={Proceedings of the ACM Web Conference 2023},
  pages={2719--2730},
  year={2023}
}

@article{sun2021estimating,
  title={Estimating dynamic treatment effects in event studies with heterogeneous treatment effects},
  author={Sun, Liyang and Abraham, Sarah},
  journal={Journal of Econometrics},
  volume={225},
  number={2},
  pages={175--199},
  year={2021},
  publisher={Elsevier}
}

@article{truong2020selective,
  title={Selective review of offline change point detection methods},
  author={Truong, Charles and Oudre, Laurent and Vayatis, Nicolas},
  journal={Signal Processing},
  volume={167},
  pages={107299},
  year={2020},
  publisher={Elsevier}
}

@article{soda2021networks,
  title={Networks, creativity, and time: Staying creative through brokerage and network rejuvenation},
  author={Soda, Giuseppe and Mannucci, Pier Vittorio and Burt, Ronald S},
  journal={Academy of Management Journal},
  volume={64},
  number={4},
  pages={1164--1190},
  year={2021},
  publisher={Academy of Management Briarcliff Manor, NY}
}

@article{raub1990reputation,
  title={Reputation and efficiency in social interactions: An example of network effects},
  author={Raub, Werner and Weesie, Jeroen},
  journal={American journal of sociology},
  volume={96},
  number={3},
  pages={626--654},
  year={1990},
  publisher={University of Chicago Press}
}

@article{reagans2003network,
  title={Network structure and knowledge transfer: The effects of cohesion and range},
  author={Reagans, Ray and McEvily, Bill},
  journal={Administrative science quarterly},
  volume={48},
  number={2},
  pages={240--267},
  year={2003},
  publisher={SAGE Publications}
}

@article{sivunen2023role,
  title={Role of communication technologies in virtual work},
  author={Sivunen, Anu and Treem, Jeffrey W and van Zoonen, Ward},
  journal={Handbook of Virtual Work},
  pages={21},
  year={2023},
  publisher={Edward Elgar Publishing}
}

@inproceedings{dimicco2008motivations,
  title={Motivations for social networking at work},
  author={DiMicco, Joan and Millen, David R and Geyer, Werner and Dugan, Casey and Brownholtz, Beth and Muller, Michael},
  booktitle={Proceedings of the 2008 ACM conference on Computer supported cooperative work},
  pages={711--720},
  year={2008}
}

@article{reagans2001networks,
  title={Networks, diversity, and productivity: The social capital of corporate R\&D teams},
  author={Reagans, Ray and Zuckerman, Ezra W},
  journal={Organization science},
  volume={12},
  number={4},
  pages={502--517},
  year={2001},
  publisher={INFORMS}
}

@article{lesser2001communities,
  title={Communities of practice and organizational performance},
  author={Lesser, Eric L. and Storck, John},
  journal={IBM systems journal},
  volume={40},
  number={4},
  pages={831--841},
  year={2001},
  publisher={IBM}
}

@article{dery2016seeing,
  title={Seeing is belonging: Remote working, identity and staying connected},
  author={Dery, Kristine and Hafermalz, Ella},
  journal={The impact of ICT on work},
  pages={109--126},
  year={2016},
  publisher={Springer}
}

@article{smite2023work,
  title={Work-from-home is here to stay: Call for flexibility in post-pandemic work policies},
  author={Smite, Darja and Moe, Nils Brede and Hildrum, Jarle and Gonzalez-Huerta, Javier and Mendez, Daniel},
  journal={Journal of Systems and Software},
  volume={195},
  pages={111552},
  year={2023},
  publisher={Elsevier}
}

@article{brucks2022virtual,
  title={Virtual communication curbs creative idea generation},
  author={Brucks, Melanie S and Levav, Jonathan},
  journal={Nature},
  volume={605},
  number={7908},
  pages={108--112},
  year={2022},
  publisher={Nature Publishing Group UK London}
}

@inproceedings{yardi2009blogging,
  title={Blogging at work and the corporate attention economy},
  author={Yardi, Sarita and Golder, Scott A and Brzozowski, Michael J},
  booktitle={Proceedings of the SIGCHI conference on human factors in computing systems},
  pages={2071--2080},
  year={2009}
}