@article{JMLR:v13:bergstra12a,
  author  = {James Bergstra and Yoshua Bengio},
  title   = {Random Search for Hyper-Parameter Optimization},
  journal = {Journal of Machine Learning Research},
  year    = {2012},
  volume  = {13},
  number  = {10},
  pages   = {281--305}
}

@inproceedings{Mockus1974bayesian,
author = {Mockus, Jonas},
title = {On Bayesian Methods for Seeking the Extremum},
year = {1974},
isbn = {3540071652},
publisher = {Springer-Verlag},
address = {Berlin, Heidelberg},
booktitle = {Proceedings of the IFIP Technical Conference},
pages = {400–404},
numpages = {5}
}

@inbook{Mockus1978application,
    author = {Mockus, J. and Tiesis, Vytautas and Zilinskas, Antanas},
    year = {1978},
    month = {09},
    pages = {117-129},
    title = {The application of Bayesian methods for seeking the extremum},
    volume = {2},
    isbn = {0-444-85171-2},
    journal = {Towards Global Optimization},
    publisher = {North Holand}
}

@inproceedings{balcan2018dispersion,
  title={Dispersion for data-driven algorithm design, online learning, and private optimization},
  author={Balcan, Maria-Florina and Dick, Travis and Vitercik, Ellen},
  booktitle={2018 IEEE 59th Annual Symposium on Foundations of Computer Science (FOCS)},
  pages={603--614},
  year={2018},
  organization={IEEE}
}

@inproceedings{balcan2019datadrivenclusteringparameterizedlloyds,
	author = {Balcan, Maria-Florina  and Dick, Travis and White, Colin},
	booktitle = {Advances in Neural Information Processing Systems},
	editor = {S. Bengio and H. Wallach and H. Larochelle and K. Grauman and N. Cesa-Bianchi and R. Garnett},
	publisher = {Curran Associates, Inc.},
	title = {Data-Driven Clustering via Parameterized {L}loyd\textquotesingle s Families},
	volume = {31},
	year = {2018}
}

@inproceedings{balcan2020learning,
  title={Learning to Link},
  author={Balcan, Maria-Florina and Dick, Travis and Lang, Manuel},
  booktitle={International Conference on Learning Representations},
  year={2020}
}

@article{balcan2021data,
  title={Data driven semi-supervised learning},
  author={Balcan, Maria-Florina and Sharma, Dravyansh},
  journal={Advances in Neural Information Processing Systems},
  volume={34},
  year={2021}
}

@article{balcan2023new,
  title={New bounds for hyperparameter tuning of regression problems across instances},
  author={Balcan, Maria-Florina  and Nguyen, Anh and Sharma, Dravyansh},
  journal={Advances in Neural Information Processing Systems},
  volume={36},
  pages={80066--80078},
  year={2023}
}

@inproceedings{balcan2024accelerating,
  title={Accelerating ERM for data-driven algorithm design using output-sensitive techniques},
  author={Balcan, Maria Florina and Seiler, Christopher and Sharma, Dravyansh},
  booktitle={The Thirty-eighth Annual Conference on Neural Information Processing Systems},
  year={2024}
}

@inproceedings{balcan2024provablytuningelasticnetinstances,
	author = {Balcan, Maria-Florina  and Khodak, Misha and Sharma, Dravyansh and Talwalkar, Ameet},
	booktitle = {Advances in Neural Information Processing Systems},
	editor = {S. Koyejo and S. Mohamed and A. Agarwal and D. Belgrave and K. Cho and A. Oh},
	pages = {27769--27782},
	publisher = {Curran Associates, Inc.},
	title = {Provably tuning the {ElasticNet} across instances},
	volume = {35},
	year = {2022},
	Bdsk-Url-1 = {https://proceedings.neurips.cc/paper_files/paper/2022/file/b21a34c4e8dba253f05f4a5adc68ba73-Paper-Conference.pdf}}

@misc{balcan2025samplecomplexitydatadriventuning,
      title={Sample complexity of data-driven tuning of model hyperparameters in neural networks with structured parameter-dependent dual function}, 
      author={Maria-Florina Balcan and Anh Tuan Nguyen and Dravyansh Sharma},
      year={2025},
      eprint={2501.13734},
      archivePrefix={arXiv},
      primaryClass={cs.LG},
      url={https://arxiv.org/abs/2501.13734}, 
}

@inproceedings{delalleau2005efficient,
  title={Efficient non-parametric function induction in semi-supervised learning},
  author={Delalleau, Olivier and Bengio, Yoshua and Le Roux, Nicolas},
  booktitle={International Workshop on Artificial Intelligence and Statistics},
  pages={96--103},
  year={2005},
  organization={PMLR}
}

@article{dwivedi2023benchmarking,
  title={Benchmarking graph neural networks},
  author={Dwivedi, Vijay Prakash and Joshi, Chaitanya K and Luu, Anh Tuan and Laurent, Thomas and Bengio, Yoshua and Bresson, Xavier},
  journal={Journal of Machine Learning Research},
  volume={24},
  number={43},
  pages={1--48},
  year={2023}
}

@inproceedings{esser2021learningtheorysometimesexplain,
	author = {Esser, Pascal and Chennuru Vankadara, Leena and Ghoshdastidar, Debarghya},
	booktitle = {Advances in Neural Information Processing Systems},
	editor = {M. Ranzato and A. Beygelzimer and Y. Dauphin and P.S. Liang and J. Wortman Vaughan},
	pages = {27043--27056},
	publisher = {Curran Associates, Inc.},
	title = {Learning Theory Can (Sometimes) Explain Generalisation in Graph Neural Networks},
	volume = {34},
	year = {2021},
	Bdsk-Url-1 = {https://proceedings.neurips.cc/paper_files/paper/2021/file/e34376937c784505d9b4fcd980c2f1ce-Paper.pdf}}

@InProceedings{garg2020generaliz,
  title = 	 {Generalization and Representational Limits of Graph Neural Networks},
  author =       {Garg, Vikas and Jegelka, Stefanie and Jaakkola, Tommi},
  booktitle = 	 {Proceedings of the 37th International Conference on Machine Learning},
  pages = 	 {3419--3430},
  year = 	 {2020},
  editor = 	 {III, Hal Daumé and Singh, Aarti},
  volume = 	 {119},
  series = 	 {Proceedings of Machine Learning Research},
  month = 	 {13--18 Jul},
  publisher =    {PMLR}
}

@inproceedings{huang2020combininglabelpropagationsimple,
    title={Combining Label Propagation and Simple Models out-performs Graph Neural Networks},
    author={Qian Huang and Horace He and Abhay Singh and Ser-Nam Lim and Austin Benson},
    booktitle={International Conference on Learning Representations},
    year={2021},
}

@inproceedings{iscen2019label,
  title={Label propagation for deep semi-supervised learning},
  author={Iscen, Ahmet and Tolias, Giorgos and Avrithis, Yannis and Chum, Ondrej},
  booktitle={Proceedings of the IEEE/CVF conference on computer vision and pattern recognition},
  pages={5070--5079},
  year={2019}
}

@article{jones1998efficient,
  title={Efficient Global Optimization of Expensive Black-Box Functions},
  author={Jones, Donald R. and Schonlau, Matthias and Welch, William J.},
  journal={Journal of Global Optimization},
  volume={13},
  number={4},
  pages={455--492},
  year={1998},
  publisher={Springer},
  doi={10.1023/A:1008306431147}
}

@article{kipf2016semi,
  title={Semi-supervised classification with graph convolutional networks},
  author={Kipf, Thomas N and Welling, Max},
  journal={International Conference on Learning Representations (ICLR)},
  year={2017}
}

@inproceedings{oono2021optimizationgeneralizationanalysistransduction,
	author = {Oono, Kenta and Suzuki, Taiji},
	booktitle = {Advances in Neural Information Processing Systems},
	editor = {H. Larochelle and M. Ranzato and R. Hadsell and M.F. Balcan and H. Lin},
	pages = {18917--18930},
	publisher = {Curran Associates, Inc.},
	title = {Optimization and Generalization Analysis of Transduction through Gradient Boosting and Application to Multi-scale Graph Neural Networks},
	volume = {33},
	year = {2020},
	Bdsk-Url-1 = {https://proceedings.neurips.cc/paper_files/paper/2020/file/dab49080d80c724aad5ebf158d63df41-Paper.pdf}}

@inproceedings{sharma2020learning,
  title={Learning piecewise Lipschitz functions in changing environments},
  author={Balcan, Maria-Florina and Dick, Travis and Sharma, Dravyansh},
  booktitle={International Conference on Artificial Intelligence and Statistics},
  pages={3567--3577},
  year={2020},
  organization={PMLR}
}

@article{sharma2023efficiently,
  title={Efficiently Learning the Graph for Semi-supervised Learning},
  author={Sharma, Dravyansh and Jones, Maxwell},
  journal={Uncertainty in Artificial Intelligence (UAI)},
  year={2023}
}

@article{sharma2025offline,
  title={Offline-to-online hyperparameter transfer for stochastic bandits},
  author={Sharma, Dravyansh and Suggala, Arun Sai},
  journal={AAAI},
  year={2025}
}

@InProceedings{tang2023understandinggeneralizationgraphneural,
  title = 	 {Towards Understanding Generalization of Graph Neural Networks},
  author =       {Tang, Huayi and Liu, Yong},
  booktitle = 	 {Proceedings of the 40th International Conference on Machine Learning},
  pages = 	 {33674--33719},
  year = 	 {2023},
  editor = 	 {Krause, Andreas and Brunskill, Emma and Cho, Kyunghyun and Engelhardt, Barbara and Sabato, Sivan and Scarlett, Jonathan},
  volume = 	 {202},
  series = 	 {Proceedings of Machine Learning Research},
  month = 	 {23--29 Jul},
  publisher =    {PMLR},
  pdf = 	 {https://proceedings.mlr.press/v202/tang23f/tang23f.pdf},
}

@article{velivckovic2017graph,
  title={Graph attention networks},
  author={{Veli{\v{c}}kovi{\'c}, Petar} and Cucurull, Guillem and Casanova, Arantxa and Romero, Adriana and Lio, Pietro and Bengio, Yoshua},
  journal={International Conference on Learning Representations (ICLR)},
  year={2018}
}

@misc{yu2020hyperparameteroptimizationreviewalgorithms,
      title={Hyper-Parameter Optimization: A Review of Algorithms and Applications}, 
      author={Tong Yu and Hong Zhu},
      year={2020},
      eprint={2003.05689},
      archivePrefix={arXiv},
      primaryClass={cs.LG},
      url={https://arxiv.org/abs/2003.05689}, 
}

@article{zhou2003learning,
  title={Learning with local and global consistency},
  author={Zhou, Dengyong and Bousquet, Olivier and Lal, Thomas and Weston, Jason and Sch{\"o}lkopf, Bernhard},
  journal={Advances in Neural Information Processing Systems},
  volume={16},
  year={2003}
}

@inproceedings{zhu2003semi,
  title={Semi-supervised learning using gaussian fields and harmonic functions},
  author={Zhu, Xiaojin and Ghahramani, Zoubin and Lafferty, John D},
  booktitle={International conference on Machine learning (ICML)},
  pages={912--919},
  year={2003}
}

