@inproceedings{abadi2016deep,
  title={Deep learning with differential privacy},
  author={Abadi, Martin and Chu, Andy and Goodfellow, Ian and McMahan, H Brendan and Mironov, Ilya and Talwar, Kunal and Zhang, Li},
  booktitle=ccs,
  year={2016}
}

@article{bandi2018detection,
  title={From detection of individual metastases to classification of lymph node status at the patient level: the camelyon17 challenge},
  author={Bandi, Peter and Geessink, Oscar and Manson, Quirine and Van Dijk, Marcory and Balkenhol, Maschenka and Hermsen, Meyke and Bejnordi, Babak Ehteshami and Lee, Byungjae and Paeng, Kyunghyun and Zhong, Aoxiao and others},
  journal={IEEE Transactions on Medical Imaging},
  volume={38},
  number={2},
  pages={550--560},
  year={2018},
}

@inproceedings{blattmann2022retrieval,
    title={Retrieval-augmented diffusion models},
    author={Blattmann, Andreas and Rombach, Robin and Oktay, Kaan and M{\"u}ller, Jonas and Ommer, Bj{\"o}rn},
    booktitle=nips,
    year={2022}
}

@inproceedings{casanova2021instance,
    title={Instance-conditioned gan},
    author={Casanova, Arantxa and Careil, Marlene and Verbeek, Jakob and Drozdzal, Michal and Romero Soriano, Adriana},
    booktitle=nips,
    year={2021}
}

@article{dockhorn2022differentially,
    title={{Differentially Private Diffusion Models}},
    author={Tim Dockhorn and Tianshi Cao and Arash Vahdat and Karsten Kreis},
    journal={Transactions on Machine Learning Research},
    year={2023},
}

@inproceedings{dpsda,
    author = {{Lin}, Zinan and {Gopi}, Sivakanth and {Kulkarni}, Janardhan and {Nori}, Harsha and {Yekhanin}, Sergey},
    title = "{Differentially Private Synthetic Data via Foundation Model APIs}",
    year = 2024,
    booktitle = iclr,
}

@inproceedings{gan,
    title={Generative Adversarial Networks}, 
    author={Ian J. Goodfellow and Jean Pouget-Abadie and Mehdi Mirza and Bing Xu and David Warde-Farley and Sherjil Ozair and Aaron Courville and Yoshua Bengio},
    year={2014},
    booktitle=nips,
}

@article{ghalebikesabi2023differentially,
  title={Differentially private diffusion models generate useful synthetic images},
  author={Ghalebikesabi, Sahra and Berrada, Leonard and Gowal, Sven and Ktena, Ira and Stanforth, Robert and Hayes, Jamie and De, Soham and Smith, Samuel L and Wiles, Olivia and Balle, Borja},
  journal=arxiv,
  year={2023}
}

@inproceedings{gs-wgan,
    title={GS-WGAN: A Gradient-Sanitized Approach for Learning Differentially Private Generators}, 
    author={Dingfan Chen and Tribhuvanesh Orekondy and Mario Fritz},
    year={2020},
    booktitle=nips,
}

@inproceedings{guu2020retrieval,
  title={Retrieval augmented language model pre-training},
  author={Guu, Kelvin and Lee, Kenton and Tung, Zora and Pasupat, Panupong and Chang, Mingwei},
  booktitle=icml,
  year={2020},
}

@article{harder2021dpmerf,
    title={DP-MERF: Differentially Private Mean Embeddings with Random Features for Practical Privacy-Preserving Data Generation}, 
    author={Frederik Harder and Kamil Adamczewski and Mijung Park},
    year={2021},
    journal={Transactions on Machine Learning Research},
}

@article{jiang2022dp2vae,
    title={DP$^2$-VAE: Differentially Private Pre-trained Variational Autoencoders}, 
    author={Dihong Jiang and Guojun Zhang and Mahdi Karami and Xi Chen and Yunfeng Shao and Yaoliang Yu},
    year={2022},
    journal=arxiv,
}

@article{khandelwal2019generalization,
  title={Generalization through memorization: Nearest neighbor language models},
  author={Khandelwal, Urvashi and Levy, Omer and Jurafsky, Dan and Zettlemoyer, Luke and Lewis, Mike},
  journal=arxiv,
  year={2019}
}

@article{lebensold2024dp,
  title={DP-RDM: Adapting Diffusion Models to Private Domains Without Fine-Tuning},
  author={Lebensold, Jonathan and Sanjabi, Maziar and Astolfi, Pietro and Romero-Soriano, Adriana and Chaudhuri, Kamalika and Rabbat, Mike and Guo, Chuan},
  journal=arxiv,
  year={2024}
}

@inproceedings{lewis2020retrieval,
    title={Retrieval-augmented generation for knowledge-intensive nlp tasks},
    author={Lewis, Patrick and Perez, Ethan and Piktus, Aleksandra and Petroni, Fabio and Karpukhin, Vladimir and Goyal, Naman and K{\"u}ttler, Heinrich and Lewis, Mike and Yih, Wen-tau and Rockt{\"a}schel, Tim and others},
    booktitle=nips,
    year={2020}
}

@inproceedings{liew2022pearl,
    title={PEARL: Data Synthesis via Private Embeddings and Adversarial Reconstruction Learning}, 
    author={Seng Pei Liew and Tsubasa Takahashi and Michihiko Ueno},
    year={2022},
    booktitle=iclr,
}

@article{lyu2023differentially,
  title={Differentially private latent diffusion models},
  author={Lyu, Saiyue and Vinaroz, Margarita and Liu, Michael F and Park, Mijung},
  journal=arxiv,
  year={2023}
}

@inproceedings{pate-gan,
    title={{PATE}-{GAN}: Generating Synthetic Data with Differential Privacy Guarantees},
    author={Jinsung Yoon and James Jordon and Mihaela van der Schaar},
    booktitle=iclr,
    year={2019},
}

@inproceedings{privimage,
    author = {{Li}, Kecen and {Gong}, Chen and {Li}, Zhixiang and {Zhao}, Yuzhong and {Hou}, Xinwen and {Wang}, Tianhao},
    title = "{PrivImage: Differentially Private Synthetic Image Generation using Diffusion Models with Semantic-Aware Pretraining}",
    booktitle = sec,
    year = 2024,
}

@inproceedings{rombach2022high,
  title={High-resolution image synthesis with latent diffusion models},
  author={Rombach, Robin and Blattmann, Andreas and Lorenz, Dominik and Esser, Patrick and Ommer, Bj{\"o}rn},
  booktitle=cvpr,
  year={2022}
}

@inproceedings{sok,
    title={SoK: Privacy-Preserving Data Synthesis}, 
    author={Yuzheng Hu and Fan Wu and Qinbin Li and Yunhui Long and Gonzalo Munilla Garrido and Chang Ge and Bolin Ding and David Forsyth and Bo Li and Dawn Song},
    year={2023},
    booktitle = sp,
}

@inproceedings{vinaroz2022hermite,
    title={Hermite Polynomial Features for Private Data Generation}, 
    author={Margarita Vinaroz and Mohammad-Amin Charusaie and Frederik Harder and Kamil Adamczewski and Mijung Park},
    year={2022},
    booktitle=icml,
}

@inproceedings{wangdp,
    title={Dp-promise: Differentially Private Diffusion Probabilistic Models for Image Synthesis},
    author={Wang, Haichen and Pang, Shuchao and Lu, Zhigang and Rao, Yihang and Zhou, Yongbin and Xue, Minhui},
    year = {2024},
    booktitle = sec,
}

@inproceedings{zhang2023redi,
  title={ReDi: efficient learning-free diffusion inference via trajectory retrieval},
  author={Zhang, Kexun and Yang, Xianjun and Wang, William Yang and Li, Lei},
  booktitle=icml,
  year={2023},
}

