# security

@string{sp = "Proceedings of the IEEE Symposium on Security and Privacy (S\&P)"}
@string{sec = "Proceedings of the USENIX Security Symposium (SEC)"}
@string{ccs = "Proceedings of the ACM Conference on Computer and Communications (CCS)"}
@string{ndss = "Proceedings of the Network and Distributed System Security Symposium (NDSS)"}
@string{crypto = "Proceedings of the International Crytology Conference (CRYPTO)"}
@string{cns = "Proceedings of the IEEE Conference on Communications and Network Security (CNS)"}
@string{aisec = "Proceedings of the ACM Workshop on Artificial Intelligence and Security (AISec)"}
@string{sacmat = "Proceedings of the ACM Symposium on Access Control Models and Technologies (SACMAT)"}
@string{eurosp = "Proceedings of the IEEE European Symposium on Security and Privacy (Euro S\&P)"}
@string{acsac = "Proceedings of the Annual Computer Security Applications Conference (ACSAC)"}
@string{asiaccs = "Proceedings of the ACM Symposium on Information, Computer and Communications Security (AsiaCCS)"}
@string{tdsc = "IEEE Transactions on Dependable and Secure Computing (TDSC)"}

# ml/dm

@string{iccv = "Proceedings of the IEEE International Conference on Computer Vision (ICCV)"}
@string{cvpr = "Proceedings of the IEEE Conference on Computer Vision and Pattern Recognition (CVPR)"}
@string{icml = "Proceedings of the IEEE Conference on Machine Learning (ICML)"}
@string{iclr = "Proceedings of the International Conference on Learning Representations (ICLR)"}
@string{aistats = "Proceedings of the International Conference on Artificial Intelligence and Statistics (AISTATS)"}
@string{nips = "Proceedings of the Advances in Neural Information Processing Systems (NeurIPS)"}
@string{arxiv = "ArXiv e-prints"}
@string{imc = "Proceedings of the ACM Internet Measurement Conference (IMC)"}
@string{emnlp = "Proceedings of the Conference on Empirical Methods in Natural Language Processing (EMNLP)"}
@string{dasfaa = "Proceedings of the International Conference on Database Systems for Advanced Applications (DASFAA)"}
@string{tods = "ACM Transactions on Database Systems (TODS)"}
@string{edbt= "Proceedings of the International Conference on Extending Database Technology (EDBT)"}
@string{icde = "Proceedings of the International Conference on Data Engineering (ICDE)"}
@string{icdm= "Proceedings of the IEEE International Conference on Data Mining (ICDM)"}
@string{kdd= "Proceedings of the ACM International Conference on Knowledge Discovery and Data Mining (KDD)"}
@string{sdm = "Proceedings of the SIAM International Conference on Data Mining (SDM)"}
@string{sigmod= "Proceedings of the ACM International Conference on Management of Data (SIGMOD)"}
@string{pods = "Proceedings of the ACM Symposium on Principles of Database Systems (PODS)"}
@string{tkde= "IEEE Transactions on Knowledge and Data Engineering (TKDE)"}
@string{vldb = "Proceedings of the International Conference on Very Large Data Bases (VLDB)"}
@string{www = "Proceedings of the International Conference on World Wide Web (WWW)"}
@string{cikm = "Proceedings of the ACM Conference on Information and Knowledge Management (CIKM)"}
@string{dsaa = "Proceedings of the IEEE International Conference on Data Science and Advanced Analytics (DSAA)"}
@string{acl = "Proceedings of the Annual Meeting of the Association for Computational Linguistics (ACL)"}
@string{naacl = "Proceedings of the Annual Conference of the North American Chapter of the Association for Computational Linguistics (NAACL)"}
@string{aaai = "Proceedings of the AAAI Conference on Artificial Intelligence (AAAI)"}
@string{ijcai = "Proceedings of the International Joint Conference on Artificial Intelligence (IJCAI)"}

# system/networking

@string{sosp = "Proceedings of the ACM Symposium on Operating Systems Principles (SOSP)"}
@string{conext = "Proceedings of the International COnference on emerging Networking EXperiments and Technologies (Co-NEXT)"}
@string{incp = "Proceedings of the IEEE International Conference on Network Protocols (ICNP)"}
@string{infocom = "Proceedings of the IEEE International Conference on Computer Communications (INFOCOM)"}
@string{icdcs = "Proceedings of the IEEE International Conference on Distributed Computing Systems (ICDCS)"}

# programming language/software engineering

@string{fse = "Proceedings of the ACM SIGSOFT International Symposium on Foundations of Software Engineering (FSE)"}
@string{icse = "Proceedings of the International Conference on Software Engineering (ICSE)"}
@string{tse = "IEEE Transactions on Software Engineering (TSE)"}
@string{pldi = "Proceedings of the ACM SIGPLAN Conference on Programming Language Design and Implementation (PLDI)"}
@string{ase = "Proceedings of the ACM/IEEE International Conference on Automated Software Engineering (ASE)"}


@inproceedings{ho2020denoising,
  title={Denoising diffusion probabilistic models},
  author={Ho, Jonathan and Jain, Ajay and Abbeel, Pieter},
  booktitle=nips,
  year={2020},
}

@article{kong2020diffwave,
  title={Diffwave: A versatile diffusion model for audio synthesis},
  author={Kong, Zhifeng and Ping, Wei and Huang, Jiaji and Zhao, Kexin and Catanzaro, Bryan},
  journal=arxiv,
  year={2020}
}

@article{hadash2018estimate,
  title={Estimate and Replace: A Novel Approach to Integrating Deep Neural Networks with Existing Applications},
  author={Hadash, Guy and Kermany, Einat and Carmeli, Boaz and Lavi, Ofer and Kour, George and Jacovi, Alon},
  journal=arxiv,
  year={2018}
}

@inproceedings{rombach2022high,
  title={High-resolution image synthesis with latent diffusion models},
  author={Rombach, Robin and Blattmann, Andreas and Lorenz, Dominik and Esser, Patrick and Ommer, Bj{\"o}rn},
  booktitle=cvpr,
  year={2022}
}

@article{bar2024lumiere,
  title={Lumiere: A space-time diffusion model for video generation},
  author={Bar-Tal, Omer and Chefer, Hila and Tov, Omer and Herrmann, Charles and Paiss, Roni and Zada, Shiran and Ephrat, Ariel and Hur, Junhwa and Li, Yuanzhen and Michaeli, Tomer and others},
  journal=arxiv,
  year={2024}
}

@inproceedings{brown2020language,
    title={Language models are few-shot learners},
    author={Brown, Tom and Mann, Benjamin and Ryder, Nick and Subbiah, Melanie and Kaplan, Jared D and Dhariwal, Prafulla and Neelakantan, Arvind and Shyam, Pranav and Sastry, Girish and Askell, Amanda and others},
    booktitle=nips,
    year={2020}
}

@article{douze2024faiss,
  title={The faiss library},
  author={Douze, Matthijs and Guzhva, Alexandr and Deng, Chengqi and Johnson, Jeff and Szilvasy, Gergely and Mazar{\'e}, Pierre-Emmanuel and Lomeli, Maria and Hosseini, Lucas and J{\'e}gou, Herv{\'e}},
  journal=arxiv,
  year={2024}
}

@article{wolters2012drawing,
  title={Drawing→ Underdrawing→ Painting: Compositional Evolution in the Working Process of Joachim Beuckelaer},
  author={Wolters, Margreet},
  journal={Journal of Historians of Netherlandish Art},
  volume={4},
  number={2},
  year={2012}
}

@inproceedings{carlini2023extracting,
author = {Carlini, Nicholas and Hayes, Jamie and Nasr, Milad and Jagielski, Matthew and Sehwag, Vikash and Tram\`{e}r, Florian and Balle, Borja and Ippolito, Daphne and Wallace, Eric},
title = {Extracting training data from diffusion models},
year = {2023},
booktitle = sec,
}

@article{dockhorn2022differentially,
    title={{Differentially Private Diffusion Models}},
    author={Tim Dockhorn and Tianshi Cao and Arash Vahdat and Karsten Kreis},
    journal={Transactions on Machine Learning Research},
    year={2023},
}

@article{ghalebikesabi2023differentially,
  title={Differentially private diffusion models generate useful synthetic images},
  author={Ghalebikesabi, Sahra and Berrada, Leonard and Gowal, Sven and Ktena, Ira and Stanforth, Robert and Hayes, Jamie and De, Soham and Smith, Samuel L and Wiles, Olivia and Balle, Borja},
  journal=arxiv,
  year={2023}
}

@article{lyu2023differentially,
  title={Differentially private latent diffusion models},
  author={Lyu, Saiyue and Vinaroz, Margarita and Liu, Michael F and Park, Mijung},
  journal=arxiv,
  year={2023}
}

@inproceedings{lewis2020retrieval,
    title={Retrieval-augmented generation for knowledge-intensive nlp tasks},
    author={Lewis, Patrick and Perez, Ethan and Piktus, Aleksandra and Petroni, Fabio and Karpukhin, Vladimir and Goyal, Naman and K{\"u}ttler, Heinrich and Lewis, Mike and Yih, Wen-tau and Rockt{\"a}schel, Tim and others},
    booktitle=nips,
    year={2020}
}

@inproceedings{blattmann2022retrieval,
    title={Retrieval-augmented diffusion models},
    author={Blattmann, Andreas and Rombach, Robin and Oktay, Kaan and M{\"u}ller, Jonas and Ommer, Bj{\"o}rn},
    booktitle=nips,
    year={2022}
}

@inproceedings{zhang2023redi,
  title={ReDi: efficient learning-free diffusion inference via trajectory retrieval},
  author={Zhang, Kexun and Yang, Xianjun and Wang, William Yang and Li, Lei},
  booktitle=icml,
  year={2023},
}

@inproceedings{wang2023infodiffusion,
  title={Infodiffusion: Representation learning using information maximizing diffusion models},
  author={Wang, Yingheng and Schiff, Yair and Gokaslan, Aaron and Pan, Weishen and Wang, Fei and De Sa, Christopher and Kuleshov, Volodymyr},
  booktitle=icml,
  year={2023},
}

@article{yang2023disdiff,
  title={Disdiff: Unsupervised disentanglement of diffusion probabilistic models},
  author={Yang, Tao and Wang, Yuwang and Lv, Yan and Zheng, Nanning},
  journal=arxiv,
  year={2023}
}

@inproceedings{kim2018disentangling,
  title={Disentangling by factorising},
  author={Kim, Hyunjik and Mnih, Andriy},
  booktitle=icml,
  year={2018},
}

@inproceedings{karras2020analyzing,
  title={Analyzing and improving the image quality of stylegan},
  author={Karras, Tero and Laine, Samuli and Aittala, Miika and Hellsten, Janne and Lehtinen, Jaakko and Aila, Timo},
  booktitle=cvpr,
  year={2020}
}

@inproceedings{wu2023uncovering,
  title={Uncovering the disentanglement capability in text-to-image diffusion models},
  author={Wu, Qiucheng and Liu, Yujian and Zhao, Handong and Kale, Ajinkya and Bui, Trung and Yu, Tong and Lin, Zhe and Zhang, Yang and Chang, Shiyu},
  booktitle=cvpr,
  year={2023}
}

@inproceedings{guo2020accelerating,
  title={Accelerating large-scale inference with anisotropic vector quantization},
  author={Guo, Ruiqi and Sun, Philip and Lindgren, Erik and Geng, Quan and Simcha, David and Chern, Felix and Kumar, Sanjiv},
  booktitle=icml,
  year={2020},
}

@article{deng2012mnist,
  title={The mnist database of handwritten digit images for machine learning research},
  author={Deng, Li},
  journal={IEEE Signal Processing Magazine},
  volume={29},
  number={6},
  pages={141--142},
  year={2012},
  publisher={IEEE}
}

@article{krizhevsky2009learning,
  title={Learning multiple layers of features from tiny images},
  author={Krizhevsky, Alex and Hinton, Geoffrey and others},
  journal={Master's thesis, Department of Computer Science, University of Toronto},
  year={2009},
  publisher={University of Toronto}
}

@inproceedings{liu2015faceattributes,
  title = {Deep Learning Face Attributes in the Wild},
  author = {Liu, Ziwei and Luo, Ping and Wang, Xiaogang and Tang, Xiaoou},
  booktitle = iccv,
  year = {2015} 
}

@inproceedings{deng2019arcface,
  title={Arcface: Additive angular margin loss for deep face recognition},
  author={Deng, Jiankang and Guo, Jia and Xue, Niannan and Zafeiriou, Stefanos},
  booktitle=cvpr,
  year={2019}
}

@inproceedings{chen2020simple,
  title={A simple framework for contrastive learning of visual representations},
  author={Chen, Ting and Kornblith, Simon and Norouzi, Mohammad and Hinton, Geoffrey},
  booktitle=icml,
  year={2020},
}

@article{chen2020improved,
  title={Improved baselines with momentum contrastive learning},
  author={Chen, Xinlei and Fan, Haoqi and Girshick, Ross and He, Kaiming},
  journal=arxiv,
  year={2020}
}

@article{oord2018representation,
  title={Representation learning with contrastive predictive coding},
  author={Oord, Aaron van den and Li, Yazhe and Vinyals, Oriol},
  journal=arxiv,
  year={2018}
}

@inproceedings{abadi2016deep,
  title={Deep learning with differential privacy},
  author={Abadi, Martin and Chu, Andy and Goodfellow, Ian and McMahan, H Brendan and Mironov, Ilya and Talwar, Kunal and Zhang, Li},
  booktitle=ccs,
  year={2016}
}

@article{lebensold2024dp,
  title={DP-RDM: Adapting Diffusion Models to Private Domains Without Fine-Tuning},
  author={Lebensold, Jonathan and Sanjabi, Maziar and Astolfi, Pietro and Romero-Soriano, Adriana and Chaudhuri, Kamalika and Rabbat, Mike and Guo, Chuan},
  journal=arxiv,
  year={2024}
}

@article{khandelwal2019generalization,
  title={Generalization through memorization: Nearest neighbor language models},
  author={Khandelwal, Urvashi and Levy, Omer and Jurafsky, Dan and Zettlemoyer, Luke and Lewis, Mike},
  journal=arxiv,
  year={2019}
}

@inproceedings{guu2020retrieval,
  title={Retrieval augmented language model pre-training},
  author={Guu, Kelvin and Lee, Kenton and Tung, Zora and Pasupat, Panupong and Chang, Mingwei},
  booktitle=icml,
  year={2020},
}

@inproceedings{casanova2021instance,
    title={Instance-conditioned gan},
    author={Casanova, Arantxa and Careil, Marlene and Verbeek, Jakob and Drozdzal, Michal and Romero Soriano, Adriana},
    booktitle=nips,
    year={2021}
}

@inproceedings{cohen2017emnist,
  title={EMNIST: Extending MNIST to handwritten letters},
  author={Cohen, Gregory and Afshar, Saeed and Tapson, Jonathan and Van Schaik, Andre},
  booktitle={Proceedings of International Joint Conference on Neural Networks (IJCNN)},
  year={2017},
}

@inproceedings{deng2009imagenet,
  title={Imagenet: A large-scale hierarchical image database},
  author={Deng, Jia and Dong, Wei and Socher, Richard and Li, Li-Jia and Li, Kai and Fei-Fei, Li},
  booktitle=cvpr,
  year={2009},
}

@inproceedings{karras2019style,
  title={A style-based generator architecture for generative adversarial networks},
  author={Karras, Tero and Laine, Samuli and Aila, Timo},
  booktitle=cvpr,
  year={2019}
}



@ARTICLE{opacus,
    author = {{Yousefpour}, Ashkan and {Shilov}, Igor and {Sablayrolles}, Alexandre and {Testuggine}, Davide and {Prasad}, Karthik and {Malek}, Mani and {Nguyen}, John and {Ghosh}, Sayan and {Bharadwaj}, Akash and {Zhao}, Jessica and {Cormode}, Graham and {Mironov}, Ilya},
    title = "{Opacus: User-Friendly DockhornDifferential Privacy Library in PyTorch}",
    journal = arxiv,
    year = 2021,
}

@inproceedings{sdedit,
    author = {{Meng}, Chenlin and {He}, Yutong and {Song}, Yang and {Song}, Jiaming and {Wu}, Jiajun and {Zhu}, Jun-Yan and {Ermon}, Stefano},
    title = "{SDEdit: Guided Image Synthesis and Editing with Stochastic Differential Equations}",
    booktitle=iclr,
    year=2021
}

@article{darlow2018cinic,
  title={Cinic-10 is not imagenet or cifar-10},
  author={Darlow, Luke N and Crowley, Elliot J and Antoniou, Antreas and Storkey, Amos J},
  journal=arxiv,
  year={2018}
}

@inproceedings{wen2023detecting,
  title={Detecting, Explaining, and Mitigating Memorization in Diffusion Models},
  author={Wen, Yuxin and Liu, Yuchen and Chen, Chen and Lyu, Lingjuan},
  booktitle=iclr,
  year={2023}
}

@inproceedings{liu2022pseudo,
    title={Pseudo Numerical Methods for Diffusion Models on Manifolds},
    author={Luping Liu and Yi Ren and Zhijie Lin and Zhou Zhao},
    booktitle=iclr,
    year={2022},
}

@book{sensitivity,
  title={Nonlinear Systems Third Edition},
  author={Hassan K. Khalil},
  year={2008},
  publisher = {Prentice Hall}, 
}

@article{bandi2018detection,
  title={From detection of individual metastases to classification of lymph node status at the patient level: the camelyon17 challenge},
  author={Bandi, Peter and Geessink, Oscar and Manson, Quirine and Van Dijk, Marcory and Balkenhol, Maschenka and Hermsen, Meyke and Bejnordi, Babak Ehteshami and Lee, Byungjae and Paeng, Kyunghyun and Zhong, Aoxiao and others},
  journal={IEEE Transactions on Medical Imaging},
  volume={38},
  number={2},
  pages={550--560},
  year={2018},
}

@inproceedings{
  song2021scorebased,
  title={Score-Based Generative Modeling through Stochastic Differential Equations},
  author={Yang Song and Jascha Sohl-Dickstein and Diederik P Kingma and Abhishek Kumar and Stefano Ermon and Ben Poole},
  booktitle=iclr,
  year={2021},
}

@article{lin2023differentially,
  title={Differentially private synthetic data via foundation model apis 1: Images},
  author={Lin, Zinan and Gopi, Sivakanth and Kulkarni, Janardhan and Nori, Harsha and Yekhanin, Sergey},
  journal=arxiv,
  year={2023}
}

@inproceedings{wangdp,
    title={Dp-promise: Differentially Private Diffusion Probabilistic Models for Image Synthesis},
    author={Wang, Haichen and Pang, Shuchao and Lu, Zhigang and Rao, Yihang and Zhou, Yongbin and Xue, Minhui},
    year = {2024},
    booktitle = sec,
}


@inproceedings{sok,
    title={SoK: Privacy-Preserving Data Synthesis}, 
    author={Yuzheng Hu and Fan Wu and Qinbin Li and Yunhui Long and Gonzalo Munilla Garrido and Chang Ge and Bolin Ding and David Forsyth and Bo Li and Dawn Song},
    year={2023},
    booktitle = sp,
}


@inproceedings{pate-gan,
    title={{PATE}-{GAN}: Generating Synthetic Data with Differential Privacy Guarantees},
    author={Jinsung Yoon and James Jordon and Mihaela van der Schaar},
    booktitle=iclr,
    year={2019},
}


@inproceedings{preechakul2021diffusion,
    title={Diffusion Autoencoders: Toward a Meaningful and Decodable Representation}, 
    author={Preechakul, Konpat and Chatthee, Nattanat and Wizadwongsa, Suttisak and Suwajanakorn, Supasorn},
    booktitle=cvpr,
    year={2022},
}

@article{abramson2024accurate,
  title={Accurate structure prediction of biomolecular interactions with AlphaFold 3},
  author={Abramson, Josh and Adler, Jonas and Dunger, Jack and Evans, Richard and Green, Tim and Pritzel, Alexander and Ronneberger, Olaf and Willmore, Lindsay and Ballard, Andrew J and Bambrick, Joshua and others},
  journal={Nature},
  pages={1--3},
  year={2024},
}

@article{dp-gan,
    title={Differentially Private Releasing via Deep Generative Model (Technical Report)}, 
    author={Xinyang Zhang and Shouling Ji and Ting Wang},
    year={2018},
    journal=arxiv,
}


@inproceedings{gs-wgan,
    title={GS-WGAN: A Gradient-Sanitized Approach for Learning Differentially Private Generators}, 
    author={Dingfan Chen and Tribhuvanesh Orekondy and Mario Fritz},
    year={2020},
    booktitle=nips,
}

@inproceedings{gan,
    title={Generative Adversarial Networks}, 
    author={Ian J. Goodfellow and Jean Pouget-Abadie and Mehdi Mirza and Bing Xu and David Warde-Farley and Sherjil Ozair and Aaron Courville and Yoshua Bengio},
    year={2014},
    booktitle=nips,
} 

@article{
    harder2023pretrained,
    title={Pre-trained Perceptual Features Improve Differentially Private Image Generation},
    author={Frederik Harder and Milad Jalali and Danica J. Sutherland and Mijung Park},
    journal={Transactions on Machine Learning Research},
    year={2023},
}

@article{harder2021dpmerf,
    title={DP-MERF: Differentially Private Mean Embeddings with Random Features for Practical Privacy-Preserving Data Generation}, 
    author={Frederik Harder and Kamil Adamczewski and Mijung Park},
    year={2021},
    journal={Transactions on Machine Learning Research},
}

@inproceedings{vinaroz2022hermite,
    title={Hermite Polynomial Features for Private Data Generation}, 
    author={Margarita Vinaroz and Mohammad-Amin Charusaie and Frederik Harder and Kamil Adamczewski and Mijung Park},
    year={2022},
    booktitle=icml,
}

@inproceedings{liew2022pearl,
    title={PEARL: Data Synthesis via Private Embeddings and Adversarial Reconstruction Learning}, 
    author={Seng Pei Liew and Tsubasa Takahashi and Michihiko Ueno},
    year={2022},
    booktitle=iclr,
}


@article{jiang2022dp2vae,
    title={DP$^2$-VAE: Differentially Private Pre-trained Variational Autoencoders}, 
    author={Dihong Jiang and Guojun Zhang and Mahdi Karami and Xi Chen and Yunfeng Shao and Yaoliang Yu},
    year={2022},
    journal=arxiv,
}

@inproceedings{krizhevsky2012imagenet,
  title={Imagenet classification with deep convolutional neural networks},
  author={Krizhevsky, Alex and Sutskever, Ilya and Hinton, Geoffrey E},
  booktitle=nips,
  year={2012}
}

@inproceedings{he2016deep,
  title={Deep residual learning for image recognition},
  author={He, Kaiming and Zhang, Xiangyu and Ren, Shaoqing and Sun, Jian},
  booktitle=cvpr,
  year={2016}
}

@inproceedings{naeem2020reliable,
  title={Reliable fidelity and diversity metrics for generative models},
  author={Naeem, Muhammad Ferjad and Oh, Seong Joon and Uh, Youngjung and Choi, Yunjey and Yoo, Jaejun},
  booktitle=icml,
  year={2020},
}

@article{song2020denoising,
  title={Denoising Diffusion Implicit Models},
  author={Song, Jiaming and Meng, Chenlin and Ermon, Stefano},
  journal=arxiv,
  year={2020},
}

@ARTICLE{renyi-gm,
    author = {{Mironov}, Ilya and {Talwar}, Kunal and {Zhang}, Li},
    title = "{R{\'e}nyi Differential Privacy of the Sampled Gaussian Mechanism}",
    journal = arxiv,
    year = 2019,
}

@ARTICLE{adam,
    author = {{Kingma}, Diederik P. and {Ba}, Jimmy},
    title = "{Adam: A Method for Stochastic Optimization}",
    journal = arxiv,
    year = 2014,
}

@inproceedings{renyi,
    author = {{Mironov}, Ilya},
    title = "{Renyi Differential Privacy}",
    year = 2017,
    booktitle = {Proceedings of the IEEE Computer Security Foundations Symposium (CSF)},
}


@inproceedings{privacy-accounting,
    author = {{Gopi}, Sivakanth and {Tat Lee}, Yin and {Wutschitz}, Lukas},
    title = "{Numerical Composition of Differential Privacy}",
    year = 2021,
    booktitle = nips,
}


@inproceedings{disentangle,
    author = {{Wu}, Qiucheng and {Liu}, Yujian and {Zhao}, Handong and {Kale}, Ajinkya and {Bui}, Trung and {Yu}, Tong and {Lin}, Zhe and {Zhang}, Yang and {Chang}, Shiyu},
    title = "{Uncovering the Disentanglement Capability in Text-to-Image Diffusion Models}",
    booktitle = cvpr,
    year = 2022,
}

@inproceedings{dpsda,
    author = {{Lin}, Zinan and {Gopi}, Sivakanth and {Kulkarni}, Janardhan and {Nori}, Harsha and {Yekhanin}, Sergey},
    title = "{Differentially Private Synthetic Data via Foundation Model APIs}",
    year = 2024,
    booktitle = iclr,
}


@inproceedings{privimage,
    author = {{Li}, Kecen and {Gong}, Chen and {Li}, Zhixiang and {Zhao}, Yuzhong and {Hou}, Xinwen and {Wang}, Tianhao},
    title = "{PrivImage: Differentially Private Synthetic Image Generation using Diffusion Models with Semantic-Aware Pretraining}",
    booktitle = sec,
    year = 2024,
}


@misc{voc,
    title="{The PASCAL Visual Object Classes Challenge 2005}",
    author=	{Mark Everingham},
    year={2005},
    url = {http://host.robots.ox.ac.uk/pascal/VOC/voc2005},
}

@inproceedings{liu2021leveraging,
  title={Leveraging public data for practical private query release},
  author={Liu, Terrance and Vietri, Giuseppe and Steinke, Thomas and Ullman, Jonathan and Wu, Steven},
  booktitle=icml,
  year={2021},
}

@inproceedings{liu2021iterative,
  title={Iterative methods for private synthetic data: Unifying framework and new methods},
  author={Liu, Terrance and Vietri, Giuseppe and Wu, Steven Z},
  booktitle=nips,
  year={2021},
}

@inproceedings{fuentes2024joint,
  title={Joint Selection: Adaptively Incorporating Public Information for Private Synthetic Data},
  author={Fuentes, Miguel and Mullins, Brett C and McKenna, Ryan and Miklau, Gerome and Sheldon, Daniel},
  booktitle=aistats,
  year={2024},
}