
% Journals

% First the Full Name is given, then the abbreviation used in the AMS Math
% Reviews, with an indication if it could not be found there.
% Note the 2nd overwrites the 1st, so swap them if you want the full name.

 %{AMS}
 @String{AMSTrans = "American Mathematical Society Translations" }
 @String{AMSTrans = "Amer. Math. Soc. Transl." }
 @String{BullAMS = "Bulletin of the American Mathematical Society" }
 @String{BullAMS = "Bull. Amer. Math. Soc." }
 @String{ProcAMS = "Proceedings of the American Mathematical Society" }
 @String{ProcAMS = "Proc. Amer. Math. Soc." }
 @String{TransAMS = "Transactions of the American Mathematical Society" }
 @String{TransAMS = "Trans. Amer. Math. Soc." }

 %ACM
 @String{CACM = "Communications of the {ACM}" }
 @String{CACM = "Commun. {ACM}" }
 @String{CompServ = "Comput. Surveys" }
 @String{JACM = "J. ACM" }
 @String{ACMMathSoft = "{ACM} Transactions on Mathematical Software" }
 @String{ACMMathSoft = "{ACM} Trans. Math. Software" }
 @String{SIGNUM = "{ACM} {SIGNUM} Newsletter" }
 @String{SIGNUM = "{ACM} {SIGNUM} Newslett." }

 @String{AmerSocio = "American Journal of Sociology" }
 @String{AmerStatAssoc = "Journal of the American Statistical Association" }
 @String{AmerStatAssoc = "J. Amer. Statist. Assoc." }
 @String{ApplMathComp = "Applied Mathematics and Computation" }
 @String{ApplMathComp = "Appl. Math. Comput." }
 @String{AmerMathMonthly = "American Mathematical Monthly" }
 @String{AmerMathMonthly = "Amer. Math. Monthly" }
 @String{BIT = "{BIT}" }
 @String{BritStatPsych = "British Journal of Mathematical and Statistical
          Psychology" }
 @String{BritStatPsych = "Brit. J. Math. Statist. Psych." }
 @String{CanMathBull = "Canadian Mathematical Bulletin" }
 @String{CanMathBull = "Canad. Math. Bull." }
 @String{CompApplMath = "Journal of Computational and Applied Mathematics" }
 @String{CompApplMath = "J. Comput. Appl. Math." }
 @String{CompPhys = "Journal of Computational Physics" }
 @String{CompPhys = "J. Comput. Phys." }
 @String{CompStruct = "Computers and Structures" }
 @String{CompStruct = "Comput. \& Structures" }
 @String{CompJour = "The Computer Journal" }
 @String{CompJour = "Comput. J." }
 @String{CompSysSci = "Journal of Computer and System Sciences" }
 @String{CompSysSci = "J. Comput. System Sci." }
 @String{Computing = "Computing" }
 @String{ContempMath = "Contemporary Mathematics" }
 @String{ContempMath = "Contemp. Math." }
 @String{Crelle = "Crelle's Journal" }
 @String{GiornaleMath = "Giornale di Mathematiche" }
 @String{GiornaleMath = "Giorn. Mat." } % didn't find in AMS MR., ibid.

 %IEEE
 @String{Computer = "{IEEE} Computer" }
 @String{IEEETransComp = "{IEEE} Transactions on Computers" }
 @String{IEEETransComp = "{IEEE} Trans. Comput." }
 @String{IEEETransAC = "{IEEE} Transactions on Automatic Control" }
 @String{IEEETransAC = "{IEEE} Trans. Automat. Control" }
 @String{IEEESpec = "{IEEE} Spectrum" } % didn't find in AMS MR
 @String{ProcIEEE = "Proceedings of the {IEEE}" }
 @String{ProcIEEE = "Proc. {IEEE}" } % didn't find in AMS MR
 @String{IEEETransAeroElec = "{IEEE} Transactions on Aerospace and Electronic
     Systems" }
 @String{IEEETransAeroElec = "{IEEE} Trans. Aerospace Electron. Systems" }

 @String{IMANumerAna = "{IMA} Journal of Numerical Analysis" }
 @String{IMANumerAna = "{IMA} J. Numer. Anal." }
 @String{InfProcLet = "Information Processing Letters" }
 @String{InfProcLet = "Inform. Process. Lett." }
 @String{InstMathApp = "Journal of the Institute of Mathematics and
     its Applications" }
 @String{InstMathApp = "J. Inst. Math. Appl." }
 @String{IntControl = "International Journal of Control" }
 @String{IntControl = "Internat. J. Control" }
 @String{IntNumerEng = "International Journal for Numerical Methods in
     Engineering" }
 @String{IntNumerEng = "Internat. J. Numer. Methods Engrg." }
 @String{IntSuper = "International Journal of Supercomputing Applications" }
 @String{IntSuper = "Internat. J. Supercomputing Applic." } % didn't find
%% in AMS MR
 @String{Kibernetika = "Kibernetika" }
 @String{JResNatBurStand = "Journal of Research of the National Bureau
     of Standards" }
 @String{JResNatBurStand = "J. Res. Nat. Bur. Standards" }
 @String{LinAlgApp = "Linear Algebra and its Applications" }
 @String{LinAlgApp = "Linear Algebra Appl." }
 @String{MathAnaAppl = "Journal of Mathematical Analysis and Applications" }
 @String{MathAnaAppl = "J. Math. Anal. Appl." }
 @String{MathAnnalen = "Mathematische Annalen" }
 @String{MathAnnalen = "Math. Ann." }
 @String{MathPhys = "Journal of Mathematical Physics" }
 @String{MathPhys = "J. Math. Phys." }
 @String{MathComp = "Mathematics of Computation" }
 @String{MathComp = "Math. Comp." }
 @String{MathScand = "Mathematica Scandinavica" }
 @String{MathScand = "Math. Scand." }
 @String{TablesAidsComp = "Mathematical Tables and Other Aids to Computation" }
 @String{TablesAidsComp = "Math. Tables Aids Comput." }
 @String{NumerMath = "Numerische Mathematik" }
 @String{NumerMath = "Numer. Math." }
 @String{PacificMath = "Pacific Journal of Mathematics" }
 @String{PacificMath = "Pacific J. Math." }
 @String{ParDistComp = "Journal of Parallel and Distributed Computing" }
 @String{ParDistComp = "J. Parallel and Distrib. Comput." } % didn't find
%% in AMS MR
 @String{ParComputing = "Parallel Computing" }
 @String{ParComputing = "Parallel Comput." }
 @String{PhilMag = "Philosophical Magazine" }
 @String{PhilMag = "Philos. Mag." }
 @String{ProcNAS = "Proceedings of the National Academy of Sciences
                    of the USA" }
 @String{ProcNAS = "Proc. Nat. Acad. Sci. U. S. A." }
 @String{Psychometrika = "Psychometrika" }
 @String{QuartMath = "Quarterly Journal of Mathematics, Oxford, Series (2)" }
 @String{QuartMath = "Quart. J. Math. Oxford Ser. (2)" }
 @String{QuartApplMath = "Quarterly of Applied Mathematics" }
 @String{QuartApplMath = "Quart. Appl. Math." }
 @String{RevueInstStat = "Review of the International Statisical Institute" }
 @String{RevueInstStat = "Rev. Inst. Internat. Statist." }

 %SIAM
 @String{JSIAM = "Journal of the Society for Industrial and Applied
     Mathematics" }
 @String{JSIAM = "J. Soc. Indust. Appl. Math." }
 @String{JSIAMB = "Journal of the Society for Industrial and Applied
     Mathematics, Series B, Numerical Analysis" }
 @String{JSIAMB = "J. Soc. Indust. Appl. Math. Ser. B Numer. Anal." }
 @String{SIAMAlgMeth = "{SIAM} Journal on Algebraic and Discrete Methods" }
 @String{SIAMAlgMeth = "{SIAM} J. Algebraic Discrete Methods" }
 @String{SIAMAppMath = "{SIAM} Journal on Applied Mathematics" }
 @String{SIAMAppMath = "{SIAM} J. Appl. Math." }
 @String{SIAMComp = "{SIAM} Journal on Computing" }
 @String{SIAMComp = "{SIAM} J. Comput." }
 @String{SIAMMatrix = "{SIAM} Journal on Matrix Analysis and Applications" }
 @String{SIAMMatrix = "{SIAM} J. Matrix Anal. Appl." }
 @String{SIAMNumAnal = "{SIAM} Journal on Numerical Analysis" }
 @String{SIAMNumAnal = "{SIAM} J. Numer. Anal." }
 @String{SIAMReview = "{SIAM} Review" }
 @String{SIAMReview = "{SIAM} Rev." }
 @String{SIAMSciStat = "{SIAM} Journal on Scientific and Statistical
     Computing" }
 @String{SIAMSciStat = "{SIAM} J. Sci. Statist. Comput." }

 @String{SoftPracExp = "Software Practice and Experience" }
 @String{SoftPracExp = "Software Prac. Experience" } % didn't find in AMS MR
 @String{StatScience = "Statistical Science" }
 @String{StatScience = "Statist. Sci." }
 @String{Techno = "Technometrics" }
 @String{USSRCompMathPhys = "{USSR} Computational Mathematics and Mathematical
     Physics" }
 @String{USSRCompMathPhys = "{U. S. S. R.} Comput. Math. and Math. Phys." }
 @String{VLSICompSys = "Journal of {VLSI} and Computer Systems" }
 @String{VLSICompSys = "J. {VLSI} Comput. Syst." }
 @String{ZAngewMathMech = "Zeitschrift fur Angewandte Mathematik und
     Mechanik" }
 @String{ZAngewMathMech = "Z. Angew. Math. Mech." }
 @String{ZAngewMathPhys = "Zeitschrift fur Angewandte Mathematik und Physik" }
 @String{ZAngewMathPhys = "Z. Angew. Math. Phys." }

% Publishers % ================================================= |

 @String{Academic = "Academic Press" }
 @String{ACMPress = "{ACM} Press" }
 @String{AdamHilger = "Adam Hilger" }
 @String{AddisonWesley = "Addison-Wesley" }
 @String{AllynBacon = "Allyn and Bacon" }
 @String{AMS = "American Mathematical Society" }
 @String{Birkhauser = "Birkha{\"u}ser" }
 @String{CambridgePress = "Cambridge University Press" }
 @String{Chelsea = "Chelsea" }
 @String{ClaredonPress = "Claredon Press" }
 @String{DoverPub = "Dover Publications" }
 @String{Eyolles = "Eyolles" }
 @String{HoltRinehartWinston = "Holt, Rinehart and Winston" }
 @String{Interscience = "Interscience" }
 @String{JohnsHopkinsPress = "The Johns Hopkins University Press" }
 @String{JohnWileySons = "John Wiley and Sons" }
 @String{Macmillan = "Macmillan" }
 @String{MathWorks = "The Math Works Inc." }
 @String{McGrawHill = "McGraw-Hill" }
 @String{NatBurStd = "National Bureau of Standards" }
 @String{NorthHolland = "North-Holland" }
 @String{OxfordPress = "Oxford University Press" }  %address Oxford or London?
 @String{PergamonPress = "Pergamon Press" }
 @String{PlenumPress = "Plenum Press" }
 @String{PrenticeHall = "Prentice-Hall" }
 @String{SIAMPub = "{SIAM} Publications" }
 @String{Springer = "Springer-Verlag" }
 @String{TexasPress = "University of Texas Press" }
 @String{VanNostrand = "Van Nostrand" }
 @String{WHFreeman = "W. H. Freeman and Co." }

%Entries

@inproceedings{systemML,
  author       = {Amol Ghoting and
                  Rajasekar Krishnamurthy and
                  Edwin P. D. Pednault and
                  Berthold Reinwald and
                  Vikas Sindhwani and
                  Shirish Tatikonda and
                  Yuanyuan Tian and
                  Shivakumar Vaithyanathan},
  editor       = {Serge Abiteboul and
                  Klemens B{\"{o}}hm and
                  Christoph Koch and
                  Kian{-}Lee Tan},
  title        = {SystemML: Declarative machine learning on MapReduce},
  booktitle    = {Proceedings of the 27th International Conference on Data Engineering,
                  {ICDE} 2011, April 11-16, 2011, Hannover, Germany},
  pages        = {231--242},
  publisher    = {{IEEE} Computer Society},
  year         = {2011},
  url          = {https://doi.org/10.1109/ICDE.2011.5767930},
  doi          = {10.1109/ICDE.2011.5767930},
  timestamp    = {Thu, 23 Mar 2023 23:59:59 +0100},
  biburl       = {https://dblp.org/rec/conf/icde/GhotingKPRSTTV11.bib},
  bibsource    = {dblp computer science bibliography, https://dblp.org}
}

@inproceedings{enterprise,
author = {Xie, Limiao and Zhang, Jianfeng and Li, Yingying and Wan, Shan and Zhang, Xuequan and Chen, Mingjie and Deng, Gansheng and Wu, Zitian},
title = {Research and Application of Private Knowledge-based LLM in Standard Operating Procedure Scenarios of Enterprises},
year = {2024},
isbn = {9798400718250},
publisher = {Association for Computing Machinery},
address = {New York, NY, USA},
url = {https://doi.org/10.1145/3689218.3689328},
doi = {10.1145/3689218.3689328},
booktitle = {Proceedings of the 2024 6th International Conference on Pattern Recognition and Intelligent Systems},
pages = {82–86},
numpages = {5},
keywords = {LLM, SOP, private knowledge base},
location = {Hong Kong, Hong Kong},
series = {PRIS '24}
}

@article{offline1,
  title={Offline energy-optimal llm serving: Workload-based energy models for llm inference on heterogeneous systems},
  author={Wilkins, Grant and Keshav, Srinivasan and Mortier, Richard},
  journal={arXiv preprint arXiv:2407.04014},
  year={2024}
}

@inproceedings{airgap1,
author = {Bagdasarian, Eugene and Yi, Ren and Ghalebikesabi, Sahra and Kairouz, Peter and Gruteser, Marco and Oh, Sewoong and Balle, Borja and Ramage, Daniel},
title = {AirGapAgent: Protecting Privacy-Conscious Conversational Agents},
year = {2024},
isbn = {9798400706363},
publisher = {Association for Computing Machinery},
address = {New York, NY, USA},
url = {https://doi.org/10.1145/3658644.3690350},
doi = {10.1145/3658644.3690350},
booktitle = {Proceedings of the 2024 on ACM SIGSAC Conference on Computer and Communications Security},
pages = {3868–3882},
numpages = {15},
keywords = {context hijacking, contextual integrity, conversational agents},
location = {Salt Lake City, UT, USA},
series = {CCS '24}
}

@inproceedings{chunk_matrix1,
  author       = {Shangyu Luo and
                  Dimitrije Jankov and
                  Binhang Yuan and
                  Chris Jermaine},
  editor       = {Guoliang Li and
                  Zhanhuai Li and
                  Stratos Idreos and
                  Divesh Srivastava},
  title        = {Automatic Optimization of Matrix Implementations for Distributed Machine
                  Learning and Linear Algebra},
  booktitle    = {{SIGMOD} '21: International Conference on Management of Data, Virtual
                  Event, China, June 20-25, 2021},
  pages        = {1222--1234},
  publisher    = {{ACM}},
  year         = {2021},
  url          = {https://doi.org/10.1145/3448016.3457317},
  doi          = {10.1145/3448016.3457317},
  timestamp    = {Sun, 19 Jan 2025 13:27:21 +0100},
  biburl       = {https://dblp.org/rec/conf/sigmod/LuoJYJ21.bib},
  bibsource    = {dblp computer science bibliography, https://dblp.org}
}

@article{chunk_matrix2,
  author       = {Dimitrije Jankov and
                  Shangyu Luo and
                  Binhang Yuan and
                  Zhuhua Cai and
                  Jia Zou and
                  Chris Jermaine and
                  Zekai J. Gao},
  title        = {Declarative Recursive Computation on an {RDBMS}},
  journal      = {Proc. {VLDB} Endow.},
  volume       = {12},
  number       = {7},
  pages        = {822--835},
  year         = {2019},
  url          = {http://www.vldb.org/pvldb/vol12/p822-jankov.pdf},
  doi          = {10.14778/3317315.3317323},
  timestamp    = {Sat, 25 Apr 2020 13:58:36 +0200},
  biburl       = {https://dblp.org/rec/journals/pvldb/JankovLYCZJG19.bib},
  bibsource    = {dblp computer science bibliography, https://dblp.org}
}

@article{madlib,
author = {Hellerstein, Joseph M. and R\'{e}, Christoper and Schoppmann, Florian and Wang, Daisy Zhe and Fratkin, Eugene and Gorajek, Aleksander and Ng, Kee Siong and Welton, Caleb and Feng, Xixuan and Li, Kun and Kumar, Arun},
title = {The MADlib analytics library: or MAD skills, the SQL},
year = {2012},
issue_date = {August 2012},
volume = {5},
number = {12},
issn = {2150-8097},
journal = {Proc. VLDB Endow.},
month = aug,
pages = {1700–1711},
numpages = {12}
}

@inproceedings{LLMFlash,
  author       = {Keivan Alizadeh and
                  Seyed{-}Iman Mirzadeh and
                  Dmitry Belenko and
                  S. Khatamifard and
                  Minsik Cho and
                  Carlo C. del Mundo and
                  Mohammad Rastegari and
                  Mehrdad Farajtabar},
  editor       = {Lun{-}Wei Ku and
                  Andre Martins and
                  Vivek Srikumar},
  title        = {{LLM} in a flash: Efficient Large Language Model Inference with Limited
                  Memory},
  booktitle    = {Proceedings of the 62nd Annual Meeting of the Association for Computational
                  Linguistics (Volume 1: Long Papers), {ACL} 2024, Bangkok, Thailand,
                  August 11-16, 2024},
  pages        = {12562--12584},
  publisher    = {Association for Computational Linguistics},
  year         = {2024},
  url          = {https://doi.org/10.18653/v1/2024.acl-long.678},
  doi          = {10.18653/V1/2024.ACL-LONG.678},
  timestamp    = {Sun, 19 Jan 2025 13:21:46 +0100},
  biburl       = {https://dblp.org/rec/conf/acl/AlizadehMBKCMRF24.bib},
  bibsource    = {dblp computer science bibliography, https://dblp.org}
}

@inproceedings{FlexGen,
author = {Sheng, Ying and Zheng, Lianmin and Yuan, Binhang and Li, Zhuohan and Ryabinin, Max and Chen, Beidi and Liang, Percy and R\'{e}, Christopher and Stoica, Ion and Zhang, Ce},
title = {FlexGen: high-throughput generative inference of large language models with a single GPU},
year = {2023},
publisher = {JMLR.org},
booktitle = {Proceedings of the 40th International Conference on Machine Learning},
articleno = {1288},
numpages = {23},
location = {Honolulu, Hawaii, USA},
series = {ICML'23}
}

@inproceedings{Dejavu,
author = {Liu, Zichang and Wang, Jue and Dao, Tri and Zhou, Tianyi and Yuan, Binhang and Song, Zhao and Shrivastava, Anshumali and Zhang, Ce and Tian, Yuandong and R\'{e}, Christopher and Chen, Beidi},
title = {Deja Vu: contextual sparsity for efficient LLMs at inference time},
year = {2023},
publisher = {JMLR.org},
booktitle = {Proceedings of the 40th International Conference on Machine Learning},
articleno = {919},
numpages = {40},
location = {Honolulu, Hawaii, USA},
series = {ICML'23}
}

@article{clickhouse,
  author       = {Robert Schulze and
                  Tom Schreiber and
                  Ilya Yatsishin and
                  Ryadh Dahimene and
                  Alexey Milovidov},
  title        = {ClickHouse - Lightning Fast Analytics for Everyone},
  journal      = {Proc. {VLDB} Endow.},
  volume       = {17},
  number       = {12},
  pages        = {3731--3744},
  year         = {2024},
  url          = {https://www.vldb.org/pvldb/vol17/p3731-schulze.pdf},
  doi          = {10.14778/3685800.3685802},
  timestamp    = {Sun, 19 Jan 2025 13:44:29 +0100},
  biburl       = {https://dblp.org/rec/journals/pvldb/SchulzeSYDM24.bib},
  bibsource    = {dblp computer science bibliography, https://dblp.org}
}

@inproceedings{duck,
author = {Raasveldt, Mark and M\"{u}hleisen, Hannes},
title = {DuckDB: an Embeddable Analytical Database},
year = {2019},
isbn = {9781450356435},
publisher = {Association for Computing Machinery},
address = {New York, NY, USA},
url = {https://doi.org/10.1145/3299869.3320212},
doi = {10.1145/3299869.3320212},
booktitle = {Proceedings of the 2019 International Conference on Management of Data},
pages = {1981–1984},
numpages = {4},
location = {Amsterdam, Netherlands},
series = {SIGMOD '19}
}

@inproceedings{tvm,
  author       = {Tianqi Chen and
                  Thierry Moreau and
                  Ziheng Jiang and
                  Lianmin Zheng and
                  Eddie Q. Yan and
                  Haichen Shen and
                  Meghan Cowan and
                  Leyuan Wang and
                  Yuwei Hu and
                  Luis Ceze and
                  Carlos Guestrin and
                  Arvind Krishnamurthy},
  editor       = {Andrea C. Arpaci{-}Dusseau and
                  Geoff Voelker},
  title        = {{TVM:} An Automated End-to-End Optimizing Compiler for Deep Learning},
  booktitle    = {13th {USENIX} Symposium on Operating Systems Design and Implementation,
                  {OSDI} 2018, Carlsbad, CA, USA, October 8-10, 2018},
  pages        = {578--594},
  publisher    = {{USENIX} Association},
  year         = {2018},
  url          = {https://www.usenix.org/conference/osdi18/presentation/chen},
  timestamp    = {Sat, 30 Sep 2023 09:54:21 +0200},
  biburl       = {https://dblp.org/rec/conf/osdi/ChenMJZYSCWHCGK18.bib},
  bibsource    = {dblp computer science bibliography, https://dblp.org}
}

@misc{ibm,
title={{In-database Machine Learning}},
    howpublished = {\url{https://www.ibm.com/docs/en/db2/12.1?topic=content-in-database-machine-learning}},
    year={2023}
}
@misc{sqllite_survey,
    title = {{Most Widely Deployed and Used Database Engine}},
    howpublished ={\url{https://www.sqlite.org/mostdeployed.html}},
year={2022}
}

@inproceedings{edge1,
  author       = {Xin Luna Dong and
                  Seungwhan Moon and
                  Yifan Ethan Xu and
                  Kshitiz Malik and
                  Zhou Yu},
  editor       = {Ambuj K. Singh and
                  Yizhou Sun and
                  Leman Akoglu and
                  Dimitrios Gunopulos and
                  Xifeng Yan and
                  Ravi Kumar and
                  Fatma Ozcan and
                  Jieping Ye},
  title        = {Towards Next-Generation Intelligent Assistants Leveraging {LLM} Techniques},
  booktitle    = {Proceedings of the 29th {ACM} {SIGKDD} Conference on Knowledge Discovery
                  and Data Mining, {KDD} 2023, Long Beach, CA, USA, August 6-10, 2023},
  pages        = {5792--5793},
  publisher    = {{ACM}},
  year         = {2023},
  url          = {https://doi.org/10.1145/3580305.3599572},
  doi          = {10.1145/3580305.3599572},
  timestamp    = {Sun, 19 Jan 2025 13:22:17 +0100},
  biburl       = {https://dblp.org/rec/conf/kdd/DongMXM023.bib},
  bibsource    = {dblp computer science bibliography, https://dblp.org}
}
@inproceedings{edge2,
  author       = {Liangxuan Wu and
                  Yanjie Zhao and
                  Chao Wang and
                  Tianming Liu and
                  Haoyu Wang},
  editor       = {Vladimir Filkov and
                  Baishakhi Ray and
                  Minghui Zhou},
  title        = {A First Look at LLM-powered Smartphones},
  booktitle    = {Proceedings of the 39th {IEEE/ACM} International Conference on Automated
                  Software Engineering Workshops, {ASEW} 2024, Sacramento, CA, USA,
                  27 October 2024 - 1 November 2024},
  pages        = {208--217},
  publisher    = {{ACM}},
  year         = {2024},
  url          = {https://doi.org/10.1145/3691621.3694952},
  doi          = {10.1145/3691621.3694952},
  timestamp    = {Sun, 19 Jan 2025 13:19:08 +0100},
  biburl       = {https://dblp.org/rec/conf/kbse/WuZW0W24.bib},
  bibsource    = {dblp computer science bibliography, https://dblp.org}
}
@misc{onnx,
title={{Open Neural Network Exchange: The open standard for machine learning interoperability}},
howpublished={\url{https://github.com/onnx/onnx}},
year={2017}
}

@misc{hana,
title={{SAP HANA PAL documentation}},
     howpublished= {\url{https://help.sap.com/docs/SAP\_HANA\_PLATFORM/2cfbc5cf2bc14f028cfbe2a2bba60a50/c9eeed704f3f4ec39441434db8a874ad.html?version=2.0.07}},
year={2024}
}

@inproceedings{acdc,
author = {Khamis, Mahmoud Abo and Ngo, Hung Q. and Nguyen, XuanLong and Olteanu, Dan and Schleich, Maximilian},
title = {AC/DC: In-Database Learning Thunderstruck},
year = {2018},
booktitle = {DEEM'18},
articleno = {8},
numpages = {10},
location = {Houston, TX, USA},
}

@inproceedings{f,
author = {Schleich, Maximilian and Olteanu, Dan and Ciucanu, Radu},
title = {Learning Linear Regression Models over Factorized Joins},
year = {2016},
booktitle = {SIGMOD'16},
pages = {3–18},
numpages = {16},
}

@INPROCEEDINGS{dl2sql,
  author={Lin, Qiuru and Wu, Sai and Zhao, Junbo and Dai, Jian and Li, Feifei and Chen, Gang},
  booktitle={2022 IEEE 38th International Conference on Data Engineering (ICDE)}, 
  title={A Comparative Study of in-Database Inference Approaches}, 
  year={2022},
  pages={1794-1807},
}

@inproceedings{pytorch,
  author       = {Jason Ansel and
                  Edward Z. Yang and
                  Horace He and
                  Natalia Gimelshein and
                  Animesh Jain and
                  et al},
  editor       = {Rajiv Gupta and
                  Nael B. Abu{-}Ghazaleh and
                  Madan Musuvathi and
                  Dan Tsafrir},
  title        = {PyTorch 2: Faster Machine Learning Through Dynamic Python Bytecode
                  Transformation and Graph Compilation},
  booktitle    = {Proceedings of the 29th {ACM} International Conference on Architectural
                  Support for Programming Languages and Operating Systems, Volume 2,
                  {ASPLOS} 2024, La Jolla, CA, USA, 27 April 2024- 1 May 2024},
  pages        = {929--947},
  publisher    = {{ACM}},
  year         = {2024},
  url          = {https://doi.org/10.1145/3620665.3640366},
  doi          = {10.1145/3620665.3640366},
  timestamp    = {Sun, 19 Jan 2025 13:16:32 +0100},
  biburl       = {https://dblp.org/rec/conf/asplos/AnselYHGJVBBBBC24.bib},
  bibsource    = {dblp computer science bibliography, https://dblp.org}
}

@article{blas,
title = {An updated set of basic linear algebra subprograms (BLAS)},
year = {2002},
  author={Blackford, L Susan and Petitet, Antoine and Pozo, Roldan and Remington, Karin and Whaley, R Clint and Demmel, James and Dongarra, Jack and Duff, Iain and Hammarling, Sven and Henry, Greg and others},

issue_date = {June 2002},
publisher = {Association for Computing Machinery},
address = {New York, NY, USA},
volume = {28},
number = {2},
issn = {0098-3500},
url = {https://doi.org/10.1145/567806.567807},
doi = {10.1145/567806.567807},
journal = {ACM Trans. Math. Softw.},
month = jun,
pages = {135–151},
numpages = {17},
keywords = {BLAS, linear algebra, standards}
}

@article{tensorflow,
  author       = {Mart{\'{\i}}n Abadi and
                  Paul Barham and
                  Jianmin Chen and
                  Zhifeng Chen and
                  et al},
  title        = {TensorFlow: {A} system for large-scale machine learning},
  journal      = {CoRR},
  volume       = {abs/1605.08695},
  year         = {2016},
  url          = {http://arxiv.org/abs/1605.08695},
  eprinttype    = {arXiv},
  eprint       = {1605.08695},
  timestamp    = {Mon, 13 Aug 2018 16:48:39 +0200},
  biburl       = {https://dblp.org/rec/journals/corr/AbadiBCCDDDGIIK16.bib},
  bibsource    = {dblp computer science bibliography, https://dblp.org}
}

@article{duckbrain,
  author       = {Maximilian E. Sch{\"{u}}le and
                  Thomas Neumann and
                  Alfons Kemper},
  title        = {The Duck's Brain},
  journal      = {Datenbank-Spektrum},
  volume       = {24},
  number       = {3},
  pages        = {209--221},
  year         = {2024},
}

@inproceedings{DBLP:conf/nips/VaswaniSPUJGKP17,
  author       = {Ashish Vaswani and
                  Noam Shazeer and
                  Niki Parmar and
                  Jakob Uszkoreit and
                  Llion Jones and
                  Aidan N. Gomez and
                  Lukasz Kaiser and
                  Illia Polosukhin},
  editor       = {Isabelle Guyon and
                  Ulrike von Luxburg and
                  Samy Bengio and
                  Hanna M. Wallach and
                  Rob Fergus and
                  S. V. N. Vishwanathan and
                  Roman Garnett},
  title        = {Attention is All you Need},
  booktitle    = {Advances in Neural Information Processing Systems 30: Annual Conference
                  on Neural Information Processing Systems 2017, December 4-9, 2017,
                  Long Beach, CA, {USA}},
  pages        = {5998--6008},
  year         = {2017},
  url          = {https://proceedings.neurips.cc/paper/2017/hash/3f5ee243547dee91fbd053c1c4a845aa-Abstract.html},
  timestamp    = {Thu, 21 Jan 2021 15:15:21 +0100},
  biburl       = {https://dblp.org/rec/conf/nips/VaswaniSPUJGKP17.bib},
  bibsource    = {dblp computer science bibliography, https://dblp.org}
}

@inproceedings{modeljoin,
  author       = {Steffen Kl{\"{a}}be and
                  Stefan Hagedorn and
                  Kai{-}Uwe Sattler},
  title        = {Exploration of Approaches for In-Database {ML}},
  booktitle    = {EDBT'23},
  pages        = {311--323},
  year         = {2023},
}

@article{smartlite,
  author       = {Qiuru Lin and
                  Sai Wu and
                  Junbo Zhao and
                  Jian Dai and
                  Meng Shi and
                  Gang Chen and
                  Feifei Li},
  title        = {SmartLite: {A} DBMS-based Serving System for {DNN} Inference in Resource-constrained
                  Environments},
  journal      = {Proc. {VLDB} Endow.},
  volume       = {17},
  number       = {3},
  pages        = {278--291},
  year         = {2023},
  timestamp    = {Fri, 21 Jun 2024 12:54:58 +0200},
}

@article{declaritive,
  author       = {Dimitrije Jankov and
                  Shangyu Luo and
                  Binhang Yuan and
                  Zhuhua Cai and
                  others},
  title        = {Declarative Recursive Computation on an {RDBMS:} or, Why You Should
                  Use a Database For Distributed Machine Learning},
  journal      = {{SIGMOD} Rec.},
  volume       = {49},
  number       = {1},
  pages        = {43--50},
  year         = {2020},
}

@inproceedings{llm_flash,
    title = "{LLM} in a flash: Efficient Large Language Model Inference with Limited Memory",
    author = "Alizadeh, Keivan  and
      Mirzadeh, Seyed Iman  and
      Belenko, Dmitry  and
      et.al,",
    booktitle = "ACL'24",
    month = aug,
    year = "2024",
    address = "Bangkok, Thailand",
    pages = "12562--12584",
}

@inproceedings{kvcache,
  author       = {Reiner Pope and
                  Sholto Douglas and
                  Aakanksha Chowdhery and
                  Jacob Devlin and
                  James Bradbury and
                  Jonathan Heek and
                  Kefan Xiao and
                  Shivani Agrawal and
                  Jeff Dean},
  title        = {Efficiently Scaling Transformer Inference},
  booktitle    = {MLSys'23},
  year         = {2023},
}

@article{tensorparallel,
  author       = {Mohammad Shoeybi and
                  Mostofa Patwary and
                  Raul Puri and
                  Patrick LeGresley and
                  Jared Casper and
                  Bryan Catanzaro},
  title        = {Megatron-LM: Training Multi-Billion Parameter Language Models Using
                  Model Parallelism},
  volume       = {abs/1909.08053},
  year         = {2019},
  eprinttype    = {arXiv},
  eprint       = {1909.08053},
  timestamp    = {Tue, 24 Sep 2019 11:33:51 +0200},
}

@inproceedings{relrep,
  author       = {Shangyu Luo and
                  Zekai J. Gao and
                  Michael N. Gubanov and others},
  title        = {Scalable Linear Algebra on a Relational Database System},
  booktitle    = {ICDE'17},
  pages        = {523--534},
  year         = {2017},
}

@article{llama3,
  author       = {Abhimanyu Dubey and
                  Abhinav Jauhri and
                  Abhinav Pandey and
                  et al.},
  title        = {The Llama 3 Herd of Models},
  journal      = {CoRR},
  volume       = {abs/2407.21783},
  year         = {2024},
  eprinttype    = {arXiv},
  eprint       = {2407.21783},
  timestamp    = {Mon, 26 Aug 2024 08:08:35 +0200},
}

@article{yang2023diffusion,
  title={Diffusion models: A comprehensive survey of methods and applications},
  author={Yang, Ling and others},
  journal={ACM Computing Surveys},
  volume={56},
  number={4},
  pages={1--39},
  year={2023}}
 % publisher={ACM New York, NY, USA}
}

@article{su2024roformer,
  title={Roformer: Enhanced transformer with rotary position embedding},
  author={Su, Jianlin and others},
  journal={Neurocomputing},
  volume={568},
  pages={127063},
  year={2024},
  publisher={Elsevier}
}

@article{touvron2023llama,
  title={Llama: Open and efficient foundation language models},
  author={Touvron, Hugo and Lavril, Thibaut and Izacard, Gautier and Martinet, Xavier and Lachaux, Marie-Anne and Lacroix, Timoth{\'e}e and Rozi{\`e}re, Baptiste and Goyal, Naman and Hambro, Eric and Azhar, Faisal and others},
  journal={arXiv preprint arXiv:2302.13971},
  year={2023}
}

@inproceedings{triton,
author = {Tillet, Philippe and Kung, H. T. and Cox, David},
title = {Triton: an intermediate language and compiler for tiled neural network computations},
year = {2019},
isbn = {9781450367196},
publisher = {Association for Computing Machinery},
address = {New York, NY, USA},
url = {https://doi.org/10.1145/3315508.3329973},
doi = {10.1145/3315508.3329973},
booktitle = {Proceedings of the 3rd ACM SIGPLAN International Workshop on Machine Learning and Programming Languages},
pages = {10–19},
numpages = {10},
keywords = {neural networks, compiler, GPU},
location = {Phoenix, AZ, USA},
series = {MAPL 2019}
}

@inproceedings{pruning,
author = {Ma, Xinyin and Fang, Gongfan and Wang, Xinchao},
title = {LLM-pruner: on the structural pruning of large language models},
year = {2023},
publisher = {Curran Associates Inc.},
address = {Red Hook, NY, USA},
booktitle = {Proceedings of the 37th International Conference on Neural Information Processing Systems},
articleno = {950},
numpages = {19},
location = {New Orleans, LA, USA},
series = {NIPS '23}
}

@INPROCEEDINGS {magnitude_prune1,
author = { Gupta, Manas and Camci, Efe and Keneta, Vishandi Rudy and Vaidyanathan, Abhishek and Kanodia, Ritwik and James, Ashish and Foo, Chuan-Sheng and Wu, Min and Lin, Jie },
booktitle = { 2024 IEEE Conference on Artificial Intelligence (CAI) },
title = {{ Is Complexity Required for Neural Network Pruning? A Case Study on Global Magnitude Pruning }},
year = {2024},
volume = {},
ISSN = {},
pages = {747-754},
keywords = {Costs;Art;Accuracy;Computational modeling;Artificial neural networks;Benchmark testing;Network architecture},
doi = {10.1109/CAI59869.2024.00144},
url = {https://doi.ieeecomputersociety.org/10.1109/CAI59869.2024.00144},
publisher = {IEEE Computer Society},
address = {Los Alamitos, CA, USA},
month =Jun}

@inproceedings{structure_prune2,
  author       = {Ziheng Wang and
                  Jeremy Wohlwend and
                  Tao Lei},
  editor       = {Bonnie Webber and
                  Trevor Cohn and
                  Yulan He and
                  Yang Liu},
  title        = {Structured Pruning of Large Language Models},
  booktitle    = {Proceedings of the 2020 Conference on Empirical Methods in Natural
                  Language Processing, {EMNLP} 2020, Online, November 16-20, 2020},
  pages        = {6151--6162},
  publisher    = {Association for Computational Linguistics},
  year         = {2020},
  url          = {https://doi.org/10.18653/v1/2020.emnlp-main.496},
  doi          = {10.18653/V1/2020.EMNLP-MAIN.496},
  timestamp    = {Tue, 20 Aug 2024 07:54:43 +0200},
  biburl       = {https://dblp.org/rec/conf/emnlp/WangWL20.bib},
  bibsource    = {dblp computer science bibliography, https://dblp.org}
}

@article{structure_prune1,
  author       = {Sajid Anwar and
                  Kyuyeon Hwang and
                  Wonyong Sung},
  title        = {Structured Pruning of Deep Convolutional Neural Networks},
  journal      = {{ACM} J. Emerg. Technol. Comput. Syst.},
  volume       = {13},
  number       = {3},
  pages        = {32:1--32:18},
  year         = {2017},
  url          = {https://doi.org/10.1145/3005348},
  doi          = {10.1145/3005348},
  timestamp    = {Tue, 16 Aug 2022 23:09:52 +0200},
  biburl       = {https://dblp.org/rec/journals/jetc/AnwarHS17.bib},
  bibsource    = {dblp computer science bibliography, https://dblp.org}
}

@article{SQL99,
author = {Eisenberg, Andrew and Melton, Jim},
title = {SQL: 1999, formerly known as SQL3},
year = {1999},
issue_date = {March 1999},
publisher = {Association for Computing Machinery},
address = {New York, NY, USA},
volume = {28},
number = {1},
issn = {0163-5808},
url = {https://doi.org/10.1145/309844.310075},
doi = {10.1145/309844.310075},
journal = {SIGMOD Rec.},
month = mar,
pages = {131–138},
numpages = {8}
}

@book{constant,
author = {Muchnick, Steven S.},
title = {Advanced compiler design and implementation},
year = {1998},
isbn = {1558603204},
publisher = {Morgan Kaufmann Publishers Inc.},
address = {San Francisco, CA, USA}
}

@article{quantize1,
author = {Lin, Ji and Tang, Jiaming and Tang, Haotian and Yang, Shang and Xiao, Guangxuan and Han, Song},
title = {AWQ: Activation-aware Weight Quantization for On-Device LLM Compression and Acceleration},
year = {2025},
issue_date = {December 2024},
publisher = {Association for Computing Machinery},
address = {New York, NY, USA},
volume = {28},
number = {4},
issn = {2375-0529},
url = {https://doi.org/10.1145/3714983.3714987},
doi = {10.1145/3714983.3714987},
journal = {GetMobile: Mobile Comp. and Comm.},
month = jan,
pages = {12–17},
numpages = {6}
}

@inproceedings{quantize2,
  author       = {Yilong Zhao and
                  Chien{-}Yu Lin and
                  Kan Zhu and
                  Zihao Ye and
                  Lequn Chen and
                  Size Zheng and
                  Luis Ceze and
                  Arvind Krishnamurthy and
                  Tianqi Chen and
                  Baris Kasikci},
  editor       = {Phillip B. Gibbons and
                  Gennady Pekhimenko and
                  Christopher De Sa},
  title        = {Atom: Low-Bit Quantization for Efficient and Accurate {LLM} Serving},
  booktitle    = {Proceedings of the Seventh Annual Conference on Machine Learning and
                  Systems, MLSys 2024, Santa Clara, CA, USA, May 13-16, 2024},
  publisher    = {mlsys.org},
  year         = {2024},
  url          = {https://proceedings.mlsys.org/paper\_files/paper/2024/hash/5edb57c05c81d04beb716ef1d542fe9e-Abstract-Conference.html},
  timestamp    = {Tue, 20 Aug 2024 08:08:45 +0200},
  biburl       = {https://dblp.org/rec/conf/mlsys/ZhaoLZYC0CK0K24.bib},
  bibsource    = {dblp computer science bibliography, https://dblp.org}
}

@inproceedings{quantize3,
  author       = {Zhewei Yao and
                  Reza Yazdani Aminabadi and
                  Minjia Zhang and
                  Xiaoxia Wu and
                  Conglong Li and
                  Yuxiong He},
  editor       = {Sanmi Koyejo and
                  S. Mohamed and
                  A. Agarwal and
                  Danielle Belgrave and
                  K. Cho and
                  A. Oh},
  title        = {ZeroQuant: Efficient and Affordable Post-Training Quantization for
                  Large-Scale Transformers},
  booktitle    = {Advances in Neural Information Processing Systems 35: Annual Conference
                  on Neural Information Processing Systems 2022, NeurIPS 2022, New Orleans,
                  LA, USA, November 28 - December 9, 2022},
  year         = {2022},
  url          = {http://papers.nips.cc/paper\_files/paper/2022/hash/adf7fa39d65e2983d724ff7da57f00ac-Abstract-Conference.html},
  timestamp    = {Mon, 08 Jan 2024 16:31:37 +0100},
  biburl       = {https://dblp.org/rec/conf/nips/YaoAZWLH22.bib},
  bibsource    = {dblp computer science bibliography, https://dblp.org}
}

@INPROCEEDINGS{mlir,
  author={Lattner, Chris and Amini, Mehdi and Bondhugula, Uday and Cohen, Albert and Davis, Andy and Pienaar, Jacques and Riddle, River and Shpeisman, Tatiana and Vasilache, Nicolas and Zinenko, Oleksandr},
  booktitle={2021 IEEE/ACM International Symposium on Code Generation and Optimization (CGO)}, 
  title={MLIR: Scaling Compiler Infrastructure for Domain Specific Computation}, 
  year={2021},
  volume={},
  number={},
  pages={2-14},
  keywords={Program processors;Buildings;Semantics;Hardware;Software;Generators;Optimization},
  doi={10.1109/CGO51591.2021.9370308}}

@inproceedings{Relay,
  author       = {Jared Roesch and
                  Steven Lyubomirsky and
                  Logan Weber and
                  Josh Pollock and
                  Marisa Kirisame and
                  Tianqi Chen and
                  Zachary Tatlock},
  editor       = {Justin Gottschlich and
                  Alvin Cheung},
  title        = {Relay: a new {IR} for machine learning frameworks},
  booktitle    = {Proceedings of the 2nd {ACM} {SIGPLAN} International Workshop on Machine
                  Learning and Programming Languages, MAPL@PLDI 2018, Philadelphia,
                  PA, USA, June 18-22, 2018},
  pages        = {58--68},
  publisher    = {{ACM}},
  year         = {2018},
  url          = {https://doi.org/10.1145/3211346.3211348},
  doi          = {10.1145/3211346.3211348},
  timestamp    = {Sun, 12 Nov 2023 02:12:56 +0100},
  biburl       = {https://dblp.org/rec/conf/pldi/RoeschLWPKCT18.bib},
  bibsource    = {dblp computer science bibliography, https://dblp.org}
}