@inproceedings{Dejavu,
author = {Liu, Zichang and Wang, Jue and Dao, Tri and Zhou, Tianyi and Yuan, Binhang and Song, Zhao and Shrivastava, Anshumali and Zhang, Ce and Tian, Yuandong and R\'{e}, Christopher and Chen, Beidi},
title = {Deja Vu: contextual sparsity for efficient LLMs at inference time},
year = {2023},
publisher = {JMLR.org},
booktitle = {Proceedings of the 40th International Conference on Machine Learning},
articleno = {919},
numpages = {40},
location = {Honolulu, Hawaii, USA},
series = {ICML'23}
}

@inproceedings{FlexGen,
author = {Sheng, Ying and Zheng, Lianmin and Yuan, Binhang and Li, Zhuohan and Ryabinin, Max and Chen, Beidi and Liang, Percy and R\'{e}, Christopher and Stoica, Ion and Zhang, Ce},
title = {FlexGen: high-throughput generative inference of large language models with a single GPU},
year = {2023},
publisher = {JMLR.org},
booktitle = {Proceedings of the 40th International Conference on Machine Learning},
articleno = {1288},
numpages = {23},
location = {Honolulu, Hawaii, USA},
series = {ICML'23}
}

@inproceedings{Relay,
  author       = {Jared Roesch and
                  Steven Lyubomirsky and
                  Logan Weber and
                  Josh Pollock and
                  Marisa Kirisame and
                  Tianqi Chen and
                  Zachary Tatlock},
  editor       = {Justin Gottschlich and
                  Alvin Cheung},
  title        = {Relay: a new {IR} for machine learning frameworks},
  booktitle    = {Proceedings of the 2nd {ACM} {SIGPLAN}

@article{declaritive,
  author       = {Dimitrije Jankov and
                  Shangyu Luo and
                  Binhang Yuan and
                  Zhuhua Cai and
                  others},
  title        = {Declarative Recursive Computation on an {RDBMS:} or, Why You Should
                  Use a Database For Distributed Machine Learning},
  journal      = {{SIGMOD} Rec.},
  volume       = {49},
  number       = {1},
  pages        = {43--50},
  year         = {2020},
}

@INPROCEEDINGS{dl2sql,
  author={Lin, Qiuru and Wu, Sai and Zhao, Junbo and Dai, Jian and Li, Feifei and Chen, Gang},
  booktitle={2022 IEEE 38th International Conference on Data Engineering (ICDE)}, 
  title={A Comparative Study of in-Database Inference Approaches}, 
  year={2022},
  pages={1794-1807},
}

@article{duckbrain,
  author       = {Maximilian E. Sch{\"{u}}le and
                  Thomas Neumann and
                  Alfons Kemper},
  title        = {The Duck's Brain},
  journal      = {Datenbank-Spektrum},
  volume       = {24},
  number       = {3},
  pages        = {209--221},
  year         = {2024},
}

@INPROCEEDINGS{mlir,
  author={Lattner, Chris and Amini, Mehdi and Bondhugula, Uday and Cohen, Albert and Davis, Andy and Pienaar, Jacques and Riddle, River and Shpeisman, Tatiana and Vasilache, Nicolas and Zinenko, Oleksandr},
  booktitle={2021 IEEE/ACM International Symposium on Code Generation and Optimization (CGO)}, 
  title={MLIR: Scaling Compiler Infrastructure for Domain Specific Computation}, 
  year={2021},
  volume={},
  number={},
  pages={2-14},
  keywords={Program processors;Buildings;Semantics;Hardware;Software;Generators;Optimization},
  doi={10.1109/CGO51591.2021.9370308}}

@inproceedings{modeljoin,
  author       = {Steffen Kl{\"{a}}be and
                  Stefan Hagedorn and
                  Kai{-}Uwe Sattler},
  title        = {Exploration of Approaches for In-Database {ML}},
  booktitle    = {EDBT'23},
  pages        = {311--323},
  year         = {2023},
}

@misc{onnx,
title={{Open Neural Network Exchange: The open standard for machine learning interoperability}},
howpublished={\url{https://github.com/onnx/onnx}},
year={2017}
}

@inproceedings{pruning,
author = {Ma, Xinyin and Fang, Gongfan and Wang, Xinchao},
title = {LLM-pruner: on the structural pruning of large language models},
year = {2023},
publisher = {Curran Associates Inc.},
address = {Red Hook, NY, USA},
booktitle = {Proceedings of the 37th International Conference on Neural Information Processing Systems},
articleno = {950},
numpages = {19},
location = {New Orleans, LA, USA},
series = {NIPS '23}
}

@article{quantize1,
author = {Lin, Ji and Tang, Jiaming and Tang, Haotian and Yang, Shang and Xiao, Guangxuan and Han, Song},
title = {AWQ: Activation-aware Weight Quantization for On-Device LLM Compression and Acceleration},
year = {2025},
issue_date = {December 2024},
publisher = {Association for Computing Machinery},
address = {New York, NY, USA},
volume = {28},
number = {4},
issn = {2375-0529},
url = {https://doi.org/10.1145/3714983.3714987},
doi = {10.1145/3714983.3714987},
journal = {GetMobile: Mobile Comp. and Comm.},
month = jan,
pages = {12â€“17},
numpages = {6}
}

@inproceedings{quantize2,
  author       = {Yilong Zhao and
                  Chien{-}Yu Lin and
                  Kan Zhu and
                  Zihao Ye and
                  Lequn Chen and
                  Size Zheng and
                  Luis Ceze and
                  Arvind Krishnamurthy and
                  Tianqi Chen and
                  Baris Kasikci},
  editor       = {Phillip B. Gibbons and
                  Gennady Pekhimenko and
                  Christopher De Sa},
  title        = {Atom: Low-Bit Quantization for Efficient and Accurate {LLM} Serving},
  booktitle    = {Proceedings of the Seventh Annual Conference on Machine Learning and
                  Systems, MLSys 2024, Santa Clara, CA, USA, May 13-16, 2024},
  publisher    = {mlsys.org},
  year         = {2024},
  url          = {https://proceedings.mlsys.org/paper\_files/paper/2024/hash/5edb57c05c81d04beb716ef1d542fe9e-Abstract-Conference.html},
  timestamp    = {Tue, 20 Aug 2024 08:08:45 +0200},
  biburl       = {https://dblp.org/rec/conf/mlsys/ZhaoLZYC0CK0K24.bib},
  bibsource    = {dblp computer science bibliography, https://dblp.org}
}

@inproceedings{quantize3,
  author       = {Zhewei Yao and
                  Reza Yazdani Aminabadi and
                  Minjia Zhang and
                  Xiaoxia Wu and
                  Conglong Li and
                  Yuxiong He},
  editor       = {Sanmi Koyejo and
                  S. Mohamed and
                  A. Agarwal and
                  Danielle Belgrave and
                  K. Cho and
                  A. Oh},
  title        = {ZeroQuant: Efficient and Affordable Post-Training Quantization for
                  Large-Scale Transformers},
  booktitle    = {Advances in Neural Information Processing Systems 35: Annual Conference
                  on Neural Information Processing Systems 2022, NeurIPS 2022, New Orleans,
                  LA, USA, November 28 - December 9, 2022},
  year         = {2022},
  url          = {http://papers.nips.cc/paper\_files/paper/2022/hash/adf7fa39d65e2983d724ff7da57f00ac-Abstract-Conference.html},
  timestamp    = {Mon, 08 Jan 2024 16:31:37 +0100},
  biburl       = {https://dblp.org/rec/conf/nips/YaoAZWLH22.bib},
  bibsource    = {dblp computer science bibliography, https://dblp.org}
}

@article{smartlite,
  author       = {Qiuru Lin and
                  Sai Wu and
                  Junbo Zhao and
                  Jian Dai and
                  Meng Shi and
                  Gang Chen and
                  Feifei Li},
  title        = {SmartLite: {A} DBMS-based Serving System for {DNN} Inference in Resource-constrained
                  Environments},
  journal      = {Proc. {VLDB} Endow.},
  volume       = {17},
  number       = {3},
  pages        = {278--291},
  year         = {2023},
  timestamp    = {Fri, 21 Jun 2024 12:54:58 +0200},
}

@article{structure_prune1,
  author       = {Sajid Anwar and
                  Kyuyeon Hwang and
                  Wonyong Sung},
  title        = {Structured Pruning of Deep Convolutional Neural Networks},
  journal      = {{ACM} J. Emerg. Technol. Comput. Syst.},
  volume       = {13},
  number       = {3},
  pages        = {32:1--32:18},
  year         = {2017},
  url          = {https://doi.org/10.1145/3005348},
  doi          = {10.1145/3005348},
  timestamp    = {Tue, 16 Aug 2022 23:09:52 +0200},
  biburl       = {https://dblp.org/rec/journals/jetc/AnwarHS17.bib},
  bibsource    = {dblp computer science bibliography, https://dblp.org}
}

@inproceedings{structure_prune2,
  author       = {Ziheng Wang and
                  Jeremy Wohlwend and
                  Tao Lei},
  editor       = {Bonnie Webber and
                  Trevor Cohn and
                  Yulan He and
                  Yang Liu},
  title        = {Structured Pruning of Large Language Models},
  booktitle    = {Proceedings of the 2020 Conference on Empirical Methods in Natural
                  Language Processing, {EMNLP} 2020, Online, November 16-20, 2020},
  pages        = {6151--6162},
  publisher    = {Association for Computational Linguistics},
  year         = {2020},
  url          = {https://doi.org/10.18653/v1/2020.emnlp-main.496},
  doi          = {10.18653/V1/2020.EMNLP-MAIN.496},
  timestamp    = {Tue, 20 Aug 2024 07:54:43 +0200},
  biburl       = {https://dblp.org/rec/conf/emnlp/WangWL20.bib},
  bibsource    = {dblp computer science bibliography, https://dblp.org}
}

