@incollection{Bengio+chapter2007,
author = {Bengio, Yoshua and LeCun, Yann},
booktitle = {Large Scale Kernel Machines},
publisher = {MIT Press},
title = {Scaling Learning Algorithms Towards {AI}},
year = {2007}
}

@article{Hinton06,
author = {Hinton, Geoffrey E. and Osindero, Simon and Teh, Yee Whye},
journal = {Neural Computation},
pages = {1527--1554},
title = {A Fast Learning Algorithm for Deep Belief Nets},
volume = {18},
year = {2006}
}

@book{goodfellow2016deep,
title={Deep learning},
author={Goodfellow, Ian and Bengio, Yoshua and Courville, Aaron and Bengio, Yoshua},
volume={1},
year={2016},
publisher={MIT Press}
}

@article{brown2020language,
  title={Language models are few-shot learners},
  author={Brown, Tom and Mann, Benjamin and Ryder, Nick and Subbiah, Melanie and Kaplan, Jared D and Dhariwal, Prafulla and Neelakantan, Arvind and Shyam, Pranav and Sastry, Girish and Askell, Amanda and others},
  journal={Advances in neural information processing systems},
  volume={33},
  pages={1877--1901},
  year={2020}
}

@article{wei2022chain,
  title={Chain-of-thought prompting elicits reasoning in large language models},
  author={Wei, Jason and Wang, Xuezhi and Schuurmans, Dale and Bosma, Maarten and Xia, Fei and Chi, Ed and Le, Quoc V and Zhou, Denny and others},
  journal={Advances in Neural Information Processing Systems},
  volume={35},
  pages={24824--24837},
  year={2022}
}

@article{kojima2022large,
  title={Large language models are zero-shot reasoners},
  author={Kojima, Takeshi and Gu, Shixiang Shane and Reid, Machel and Matsuo, Yutaka and Iwasawa, Yusuke},
  journal={Advances in neural information processing systems},
  volume={35},
  pages={22199--22213},
  year={2022}
}

@misc{openai2023gpt4,
      title={GPT-4 Technical Report}, 
      author={OpenAI},
      year={2023},
      eprint={2303.08774},
      archivePrefix={arXiv},
      primaryClass={cs.CL}
}

@misc{openai2024o1,
      title={Introducing OpenAI o1}, 
      author={OpenAI},
      year={2024},
      url={https://openai.com/o1/}
}

@article{xie2021explanation,
  title={An explanation of in-context learning as implicit bayesian inference},
  author={Xie, Sang Michael and Raghunathan, Aditi and Liang, Percy and Ma, Tengyu},
  journal={arXiv preprint arXiv:2111.02080},
  year={2021}
}

@misc{yao2023tree,
      title={{Tree of Thoughts}: Deliberate Problem Solving with Large Language Models}, 
      author={Shunyu Yao and Dian Yu and Jeffrey Zhao and Izhak Shafran and Thomas L. Griffiths and Yuan Cao and Karthik Narasimhan},
      year={2023},
      eprint={2305.10601},
      archivePrefix={arXiv},
      primaryClass={cs.CL}
}

@book{kahneman2011thinking,
  title={Thinking, Fast and Slow},
  author={Kahneman, D.},
  isbn={9780141918921},
  url={https://books.google.com.hk/books?id=oV1tXT3HigoC},
  year={2011},
  publisher={Penguin Books Limited}
}

@article{kambhampati2024can,
  title={Can large language models reason and plan?},
  author={Kambhampati, Subbarao},
  journal={Annals of the New York Academy of Sciences},
  volume={1534},
  number={1},
  pages={15--18},
  year={2024},
  publisher={Wiley Online Library}
}

@article{Kyllonen1990Reasoning,
title = {Reasoning ability is (little more than) working-memory capacity?!},
journal = {Intelligence},
volume = {14},
number = {4},
pages = {389-433},
year = {1990},
issn = {0160-2896},
doi = {https://doi.org/10.1016/S0160-2896(05)80012-1},
url = {https://www.sciencedirect.com/science/article/pii/S0160289605800121},
author = {Patrick C. Kyllonen and Raymond E. Christal},
}

@article{SU2002Working,
title = {Working-memory capacity explains reasoning ability—and a little bit more},
journal = {Intelligence},
volume = {30},
number = {3},
pages = {261-288},
year = {2002},
issn = {0160-2896},
doi = {https://doi.org/10.1016/S0160-2896(01)00100-3},
url = {https://www.sciencedirect.com/science/article/pii/S0160289601001003},
author = {Heinz-Martin Süß and Klaus Oberauer and Werner W Wittmann and Oliver Wilhelm and Ralf Schulze},
}

@article{hayes2014memory,
  title={Memory, reasoning, and categorization: Parallels and common mechanisms},
  author={Hayes, Brett K and Heit, Evan and Rotello, Caren M},
  journal={Frontiers in psychology},
  volume={5},
  pages={529},
  year={2014},
  publisher={Frontiers Media SA}
}

@book{feeney2014reasoning,
  title={Reasoning as Memory},
  author={Feeney, A. and Thompson, V.A.},
  isbn={9781317820130},
  series={Current Issues in Thinking and Reasoning},
  url={https://books.google.com.hk/books?id=gEuvBAAAQBAJ},
  year={2014},
  publisher={Taylor \& Francis}
}

@article{Kyle2015Reasoning,
author = {Hardman, Kyle and Cowan, Nelson},
year = {2015},
month = {11},
pages = {},
title = {Reasoning and Memory: People Make Varied Use of the Information Available in Working Memory},
volume = {42},
journal = {Journal of experimental psychology. Learning, memory, and cognition},
doi = {10.1037/xlm0000197}
}

@article{haidt2001emotional,
  title={The emotional dog and its rational tail: a social intuitionist approach to moral judgment.},
  author={Haidt, Jonathan},
  journal={Psychological review},
  volume={108},
  number={4},
  pages={814},
  year={2001},
  publisher={American Psychological Association}
}

@incollection{Heit2012Relations,
title = {Chapter Two - Relations Between Memory and Reasoning},
editor = {Brian H. Ross},
series = {Psychology of Learning and Motivation},
publisher = {Academic Press},
volume = {57},
pages = {57-101},
year = {2012},
booktitle = {The Psychology of Learning and Motivation},
issn = {0079-7421},
doi = {https://doi.org/10.1016/B978-0-12-394293-7.00002-9},
url = {https://www.sciencedirect.com/science/article/pii/B9780123942937000029},
author = {Evan Heit and Caren M. Rotello and Brett K. Hayes},
}

@article{zeithamova2012hippocampus,
  title={The hippocampus and inferential reasoning: building memories to navigate future decisions},
  author={Zeithamova, Dagmar and Schlichting, Margaret L and Preston, Alison R},
  journal={Frontiers in human neuroscience},
  volume={6},
  pages={70},
  year={2012},
  publisher={Frontiers Media SA}
}

@incollection{gulwani2016programming,
  title={Programming by examples-and its applications in data wrangling},
  author={Gulwani, Sumit},
  booktitle={Dependable Software Systems Engineering},
  pages={137--158},
  year={2016},
  publisher={IOS Press}
}

@phdthesis{rule2020child,
  title={The child as hacker: building more human-like models of learning},
  author={Rule, Joshua Stewart},
  year={2020},
  school={Massachusetts Institute of Technology}
}

@inproceedings{kim2022playgrounds,
  title={Playgrounds for abstraction and reasoning},
  author={Kim, Subin and Phunyaphibarn, Prin and Ahn, Donghyun and Kim, Sundong},
  booktitle={NeurIPS 2022 Workshop on Neuro Causal and Symbolic AI (nCSI)},
  year={2022}
}

@inproceedings{devlin2017robustfill,
  title={Robustfill: Neural program learning under noisy i/o},
  author={Devlin, Jacob and Uesato, Jonathan and Bhupatiraju, Surya and Singh, Rishabh and Mohamed, Abdel-rahman and Kohli, Pushmeet},
  booktitle={International conference on machine learning},
  pages={990--998},
  year={2017},
  organization={PMLR}
}

@article{balog2016deepcoder,
  title={Deepcoder: Learning to write programs},
  author={Balog, Matej and Gaunt, Alexander L and Brockschmidt, Marc and Nowozin, Sebastian and Tarlow, Daniel},
  journal={arXiv preprint arXiv:1611.01989},
  year={2016}
}

@misc{chollet2019measure,
      title={On the Measure of Intelligence}, 
      author={François Chollet},
      year={2019},
      eprint={1911.01547},
      archivePrefix={arXiv},
      primaryClass={cs.AI},
      url={https://arxiv.org/abs/1911.01547}, 
}

@misc{moskvichev2023concept,
      title={The ConceptARC Benchmark: Evaluating Understanding and Generalization in the ARC Domain}, 
      author={Arseny Moskvichev and Victor Vikram Odouard and Melanie Mitchell},
      year={2023},
      eprint={2305.07141},
      archivePrefix={arXiv},
      primaryClass={cs.LG},
      url={https://arxiv.org/abs/2305.07141}, 
}

@misc{qiu2024phenomenal,
      title={Phenomenal Yet Puzzling: Testing Inductive Reasoning Capabilities of Language Models with Hypothesis Refinement}, 
      author={Linlu Qiu and Liwei Jiang and Ximing Lu and Melanie Sclar and Valentina Pyatkin and Chandra Bhagavatula and Bailin Wang and Yoon Kim and Yejin Choi and Nouha Dziri and Xiang Ren},
      year={2024},
      eprint={2310.08559},
      archivePrefix={arXiv},
      primaryClass={cs.CL},
      url={https://arxiv.org/abs/2310.08559}, 
}

@inproceedings{shi2024exedec,
      title={{ExeDec}: Execution Decomposition for Compositional Generalization in Neural Program Synthesis},
      author={Kensen Shi and Joey Hong and Yinlin Deng and Pengcheng Yin and Manzil Zaheer and Charles Sutton},
      booktitle={The Twelfth International Conference on Learning Representations},
      year={2024},
}

@misc{kim2024llmcompiler,
      title={An LLM Compiler for Parallel Function Calling}, 
      author={Sehoon Kim and Suhong Moon and Ryan Tabrizi and Nicholas Lee and Michael W. Mahoney and Kurt Keutzer and Amir Gholami},
      year={2024},
      eprint={2312.04511},
      archivePrefix={arXiv},
      primaryClass={cs.CL},
      url={https://arxiv.org/abs/2312.04511}, 
}

@misc{gu2024cruxeval,
      title={CRUXEval: A Benchmark for Code Reasoning, Understanding and Execution}, 
      author={Alex Gu and Baptiste Rozière and Hugh Leather and Armando Solar-Lezama and Gabriel Synnaeve and Sida I. Wang},
      year={2024},
      eprint={2401.03065},
      archivePrefix={arXiv},
      primaryClass={cs.SE},
      url={https://arxiv.org/abs/2401.03065}, 
}

@article{jain2024livecodebench,
  author    = {Naman Jain and King Han and Alex Gu and Wen-Ding Li and Fanjia Yan and Tianjun Zhang and Sida Wang and Armando Solar-Lezama and Koushik Sen and Ion Stoica},
  title     = {LiveCodeBench: Holistic and Contamination Free Evaluation of Large Language Models for Code},
  year      = {2024},
  journal   = {arXiv preprint},
}

@misc{chen2021evaluating,
      title={Evaluating Large Language Models Trained on Code}, 
      author={Mark Chen and others},
      year={2021},
      eprint={2107.03374},
      archivePrefix={arXiv},
      primaryClass={cs.LG},
      url={https://arxiv.org/abs/2107.03374}, 
}

@misc{austin2021program,
      title={Program Synthesis with Large Language Models}, 
      author={Jacob Austin and Augustus Odena and Maxwell Nye and Maarten Bosma and Henryk Michalewski and David Dohan and Ellen Jiang and Carrie Cai and Michael Terry and Quoc Le and Charles Sutton},
      year={2021},
      eprint={2108.07732},
      archivePrefix={arXiv},
      primaryClass={cs.PL},
      url={https://arxiv.org/abs/2108.07732}, 
}

@misc{wei2023chainofthought,
      title={Chain-of-Thought Prompting Elicits Reasoning in Large Language Models}, 
      author={Jason Wei and Xuezhi Wang and Dale Schuurmans and Maarten Bosma and Brian Ichter and Fei Xia and Ed Chi and Quoc Le and Denny Zhou},
      year={2023},
      eprint={2201.11903},
      archivePrefix={arXiv},
      primaryClass={cs.CL},
      url={https://arxiv.org/abs/2201.11903}, 
}

@misc{chen2023programthought,
      title={Program of Thoughts Prompting: Disentangling Computation from Reasoning for Numerical Reasoning Tasks}, 
      author={Wenhu Chen and Xueguang Ma and Xinyi Wang and William W. Cohen},
      year={2023},
      eprint={2211.12588},
      archivePrefix={arXiv},
      primaryClass={cs.CL},
      url={https://arxiv.org/abs/2211.12588}, 
}

@misc{li2024chaincode,
      title={Chain of Code: Reasoning with a Language Model-Augmented Code Emulator}, 
      author={Chengshu Li and Jacky Liang and Andy Zeng and Xinyun Chen and Karol Hausman and Dorsa Sadigh and Sergey Levine and Li Fei-Fei and Fei Xia and Brian Ichter},
      year={2024},
      eprint={2312.04474},
      archivePrefix={arXiv},
      primaryClass={cs.CL},
      url={https://arxiv.org/abs/2312.04474}, 
}

@misc{wang2023selfconsistency,
      title={Self-Consistency Improves Chain of Thought Reasoning in Language Models}, 
      author={Xuezhi Wang and Jason Wei and Dale Schuurmans and Quoc Le and Ed Chi and Sharan Narang and Aakanksha Chowdhery and Denny Zhou},
      year={2023},
      eprint={2203.11171},
      archivePrefix={arXiv},
      primaryClass={cs.CL},
      url={https://arxiv.org/abs/2203.11171}, 
}

@misc{anthropic2024claude,
  author = {Anthropic},
  year = {2024},
  url = {https://www.anthropic.com/news/claude-3-5-sonnet},
  title = {Claude 3.5 Sonnet},
}

@inproceedings{puig2018virtualhome,
  title={Virtualhome: Simulating household activities via programs},
  author={Puig, Xavier and Ra, Kevin and Boben, Marko and Li, Jiaman and Wang, Tingwu and Fidler, Sanja and Torralba, Antonio},
  booktitle={Proceedings of the IEEE Conference on Computer Vision and Pattern Recognition},
  pages={8494--8502},
  year={2018}
}

@misc{puig2020watchandhelp,
      title={Watch-And-Help: A Challenge for Social Perception and Human-AI Collaboration}, 
      author={Xavier Puig and Tianmin Shu and Shuang Li and Zilin Wang and Joshua B. Tenenbaum and Sanja Fidler and Antonio Torralba},
      year={2020},
      eprint={2010.09890},
      archivePrefix={arXiv},
      primaryClass={cs.AI}
}

@article{achiam2023gpt,
  title={Gpt-4 technical report},
  author={Achiam, Josh and Adler, Steven and Agarwal, Sandhini and Ahmad, Lama and Akkaya, Ilge and Aleman, Florencia Leoni and Almeida, Diogo and Altenschmidt, Janko and Altman, Sam and Anadkat, Shyamal and others},
  journal={arXiv preprint arXiv:2303.08774},
  year={2023}
}

@article{touvron2023llama,
  title={Llama: Open and efficient foundation language models},
  author={Touvron, Hugo and Lavril, Thibaut and Izacard, Gautier and Martinet, Xavier and Lachaux, Marie-Anne and Lacroix, Timoth{\'e}e and Rozi{\`e}re, Baptiste and Goyal, Naman and Hambro, Eric and Azhar, Faisal and others},
  journal={arXiv preprint arXiv:2302.13971},
  year={2023}
}

@inproceedings{du2022glm,
  title={GLM: General Language Model Pretraining with Autoregressive Blank Infilling},
  author={Du, Zhengxiao and Qian, Yujie and Liu, Xiao and Ding, Ming and Qiu, Jiezhong and Yang, Zhilin and Tang, Jie},
  booktitle={Proceedings of the 60th Annual Meeting of the Association for Computational Linguistics (Volume 1: Long Papers)},
  pages={320--335},
  year={2022}
}

@article{zhang2024llm_reasong_survey,
  title={LLM as a Mastermind: A Survey of Strategic Reasoning with Large Language Models},
  author={Zhang, Yadong and Mao, Shaoguang and Ge, Tao and Wang, Xun and de Wynter, Adrian and Xia, Yan and Wu, Wenshan and Song, Ting and Lan, Man and Wei, Furu},
  journal={arXiv preprint arXiv:2404.01230},
  year={2024}
}

@article{ji2023survey_hallucination,
  title={Survey of hallucination in natural language generation},
  author={Ji, Ziwei and Lee, Nayeon and Frieske, Rita and Yu, Tiezheng and Su, Dan and Xu, Yan and Ishii, Etsuko and Bang, Ye Jin and Madotto, Andrea and Fung, Pascale},
  journal={ACM Computing Surveys},
  volume={55},
  number={12},
  pages={1--38},
  year={2023},
  publisher={ACM New York, NY}
}

@inproceedings{zhouleast2most,
  title={Least-to-Most Prompting Enables Complex Reasoning in Large Language Models},
  author={Zhou, Denny and Sch{\"a}rli, Nathanael and Hou, Le and Wei, Jason and Scales, Nathan and Wang, Xuezhi and Schuurmans, Dale and Cui, Claire and Bousquet, Olivier and Le, Quoc V and others},
  booktitle={The Eleventh International Conference on Learning Representations},
  year={2023},
}

@article{sun2024adaplanner_feedback,
  title={Adaplanner: Adaptive planning from feedback with language models},
  author={Sun, Haotian and Zhuang, Yuchen and Kong, Lingkai and Dai, Bo and Zhang, Chao},
  journal={Advances in Neural Information Processing Systems},
  volume={36},
  year={2024}
}

@inproceedings{jiang2024resprompt_graph,
  title={RESPROMPT: Residual Connection Prompting Advances Multi-Step Reasoning in Large Language Models},
  author={Jiang, Song and Shakeri, Zahra and Chan, Aaron and Sanjabi, Maziar and Firooz, Hamed and Xia, Yinglong and Akyildiz, Bugra and Sun, Yizhou and Li, Jinchao and Wang, Qifan and others},
  booktitle={Proceedings of the 2024 Conference of the North American Chapter of the Association for Computational Linguistics: Human Language Technologies (Volume 1: Long Papers)},
  pages={5784--5809},
  year={2024}
}

@article{guan2023leveraging_PDDL,
  title={Leveraging pre-trained large language models to construct and utilize world models for model-based task planning},
  author={Guan, Lin and Valmeekam, Karthik and Sreedharan, Sarath and Kambhampati, Subbarao},
  journal={Advances in Neural Information Processing Systems},
  volume={36},
  pages={79081--79094},
  year={2023}
}

@article{wang2023boosting_CoK,
  title={Boosting language models reasoning with chain-of-knowledge prompting},
  author={Wang, Jianing and Sun, Qiushi and Li, Xiang and Gao, Ming},
  journal={arXiv preprint arXiv:2306.06427},
  year={2023}
}

@article{kim2024language_reason_computer,
  title={Language models can solve computer tasks},
  author={Kim, Geunwoo and Baldi, Pierre and McAleer, Stephen},
  journal={Advances in Neural Information Processing Systems},
  volume={36},
  year={2024}
}

@inproceedings{wang2023describe_reason_mc,
  title={Describe, explain, plan and select: interactive planning with large language models enables open-world multi-task agents},
  author={Wang, Zihao and Cai, Shaofei and Chen, Guanzhou and Liu, Anji and Ma, Xiaojian and Liang, Yitao and CraftJarvis, Team},
  booktitle={Proceedings of the 37th International Conference on Neural Information Processing Systems},
  pages={34153--34189},
  year={2023}
}

@inproceedings{gupta2023visual_reason_cv,
  title={Visual programming: Compositional visual reasoning without training},
  author={Gupta, Tanmay and Kembhavi, Aniruddha},
  booktitle={Proceedings of the IEEE/CVF Conference on Computer Vision and Pattern Recognition},
  pages={14953--14962},
  year={2023}
}

@inproceedings{zhao2024repair,
    title = "{R}e{P}air: Automated Program Repair with Process-based Feedback",
    author = "Zhao, Yuze  and
      Huang, Zhenya  and
      Ma, Yixiao  and
      Li, Rui  and
      Zhang, Kai  and
      Jiang, Hao  and
      Liu, Qi  and
      Zhu, Linbo  and
      Su, Yu",
    editor = "Ku, Lun-Wei  and
      Martins, Andre  and
      Srikumar, Vivek",
    booktitle = "Findings of the Association for Computational Linguistics ACL 2024",
    month = aug,
    year = "2024",
    address = "Bangkok, Thailand and virtual meeting",
    publisher = "Association for Computational Linguistics",
    url = "https://aclanthology.org/2024.findings-acl.973",
    doi = "10.18653/v1/2024.findings-acl.973",
    pages = "16415--16429",
}

@inproceedings{olausson2024repair,
	title        = {Is Self-Repair a Silver Bullet for Code Generation?},
	author       = {Theo X. Olausson and Jeevana Priya Inala and Chenglong Wang and Jianfeng Gao and Armando Solar-Lezama},
	year         = 2024,
	booktitle    = {International Conference on Learning Representations (ICLR)}
}

@article{peng2023check,
  title={Check your facts and try again: Improving large language models with external knowledge and automated feedback},
  author={Peng, Baolin and Galley, Michel and He, Pengcheng and Cheng, Hao and Xie, Yujia and Hu, Yu and Huang, Qiuyuan and Liden, Lars and Yu, Zhou and Chen, Weizhu and others},
  journal={arXiv preprint arXiv:2302.12813},
  year={2023}
}

@misc{srivastava2024functional,
      title={Functional Benchmarks for Robust Evaluation of Reasoning Performance, and the Reasoning Gap},
      author={Saurabh Srivastava and Annarose M B and Anto P V au2 and Shashank Menon and Ajay Sukumar and Adwaith Samod T and Alan Philipose and Stevin Prince and Sooraj Thomas},
      year={2024},
      eprint={2402.19450},
      archivePrefix={arXiv},
      primaryClass={cs.AI}
}

@article{liu2024codemind,
  title={CodeMind: A Framework to Challenge Large Language Models for Code Reasoning},
  author={Liu, Changshu and Zhang, Shizhuo Dylan and Ibrahimzada, Ali Reza and Jabbarvand, Reyhaneh},
  journal={arXiv preprint arXiv:2402.09664},
  year={2024}
}

@inproceedings{zelikman2023parsel,
    title={Parsel: Algorithmic Reasoning with Language Models by Composing Decompositions},
    author={Eric Zelikman and Qian Huang and Gabriel Poesia and Noah Goodman and Nick Haber},
    booktitle={Thirty-seventh Conference on Neural Information Processing Systems},
    year={2023},
    url={https://openreview.net/forum?id=qd9qcbVAwQ}
}

@article{hu2023code,
  title={Code prompting: a neural symbolic method for complex reasoning in large language models},
  author={Hu, Yi and Yang, Haotong and Lin, Zhouchen and Zhang, Muhan},
  journal={arXiv preprint arXiv:2305.18507},
  year={2023}
}

@article{pan2024automatically,
    title = "Automatically Correcting Large Language Models: Surveying the Landscape of Diverse Automated Correction Strategies",
    author = "Pan, Liangming  and
      Saxon, Michael  and
      Xu, Wenda  and
      Nathani, Deepak  and
      Wang, Xinyi  and
      Wang, William Yang",
    journal = "Transactions of the Association for Computational Linguistics",
    volume = "12",
    year = "2024",
    address = "Cambridge, MA",
    publisher = "MIT Press",
    url = "https://aclanthology.org/2024.tacl-1.27",
    doi = "10.1162/tacl_a_00660",
    pages = "484--506",
}

@misc{huang2022large,
      title={Large Language Models Can Self-Improve}, 
      author={Jiaxin Huang and Shixiang Shane Gu and Le Hou and Yuexin Wu and Xuezhi Wang and Hongkun Yu and Jiawei Han},
      year={2022},
      eprint={2210.11610},
      archivePrefix={arXiv},
      primaryClass={cs.CL},
      url={https://arxiv.org/abs/2210.11610}, 
}

@misc{wang2023shepherd,
      title={Shepherd: A Critic for Language Model Generation}, 
      author={Tianlu Wang and Ping Yu and Xiaoqing Ellen Tan and Sean O'Brien and Ramakanth Pasunuru and Jane Dwivedi-Yu and Olga Golovneva and Luke Zettlemoyer and Maryam Fazel-Zarandi and Asli Celikyilmaz},
      year={2023},
      eprint={2308.04592},
      archivePrefix={arXiv},
      primaryClass={cs.CL}
}

@inproceedings{paul2024refiner,
    title = "{REFINER}: Reasoning Feedback on Intermediate Representations",
    author = "Paul, Debjit  and
      Ismayilzada, Mete  and
      Peyrard, Maxime  and
      Borges, Beatriz  and
      Bosselut, Antoine  and
      West, Robert  and
      Faltings, Boi",
    editor = "Graham, Yvette  and
      Purver, Matthew",
    booktitle = "Proceedings of the 18th Conference of the European Chapter of the Association for Computational Linguistics (Volume 1: Long Papers)",
    month = mar,
    year = "2024",
    address = "St. Julian{'}s, Malta",
    publisher = "Association for Computational Linguistics",
    url = "https://aclanthology.org/2024.eacl-long.67",
    pages = "1100--1126",
}

@misc{gou2024critic,
      title={CRITIC: Large Language Models Can Self-Correct with Tool-Interactive Critiquing}, 
      author={Zhibin Gou and Zhihong Shao and Yeyun Gong and Yelong Shen and Yujiu Yang and Nan Duan and Weizhu Chen},
      year={2024},
      eprint={2305.11738},
      archivePrefix={arXiv},
      primaryClass={cs.CL},
      url={https://arxiv.org/abs/2305.11738}, 
}

@inproceedings{yao2023react,
  title = {{ReAct}: Synergizing Reasoning and Acting in Language Models},
  author = {Yao, Shunyu and Zhao, Jeffrey and Yu, Dian and Du, Nan and Shafran, Izhak and Narasimhan, Karthik and Cao, Yuan},
  booktitle = {International Conference on Learning Representations (ICLR) },
  year = {2023},
  html = {https://arxiv.org/abs/2210.03629},
}

@inproceedings{asai2024selfrag,
author={Asai, Akari and Wu, Zeqiu and Wang, Yizhong and Sil, Avirup and Hajishirzi, Hannaneh},
title={Self-{RAG}: Learning to Retrieve, Generate, and Critique through Self-Reflection},
booktitle={The Twelfth International Conference on Learning Representations},
year={2024},
url={https://openreview.net/forum?id=hSyW5go0v8}
}

@inproceedings{chen2024teaching,
title={Teaching Large Language Models to Self-Debug},
author={Xinyun Chen and Maxwell Lin and Nathanael Sch{\"a}rli and Denny Zhou},
booktitle={The Twelfth International Conference on Learning Representations},
year={2024},
url={https://openreview.net/forum?id=KuPixIqPiq}
}

@inproceedings{huang2024large,
title={Large Language Models Cannot Self-Correct Reasoning Yet},
author={Jie Huang and Xinyun Chen and Swaroop Mishra and Huaixiu Steven Zheng and Adams Wei Yu and Xinying Song and Denny Zhou},
booktitle={The Twelfth International Conference on Learning Representations},
year={2024},
url={https://openreview.net/forum?id=IkmD3fKBPQ}
}

@article{bai2023qwen,
  title={Qwen technical report},
  author={Bai, Jinze and Bai, Shuai and Chu, Yunfei and Cui, Zeyu and Dang, Kai and Deng, Xiaodong and Fan, Yang and Ge, Wenbin and Han, Yu and Huang, Fei and others},
  journal={arXiv preprint arXiv:2309.16609},
  year={2023}
}

@article{madaan2024self,
  title={Self-refine: Iterative refinement with self-feedback},
  author={Madaan, Aman and Tandon, Niket and Gupta, Prakhar and Hallinan, Skyler and Gao, Luyu and Wiegreffe, Sarah and Alon, Uri and Dziri, Nouha and Prabhumoye, Shrimai and Yang, Yiming and others},
  journal={Advances in Neural Information Processing Systems},
  volume={36},
  year={2024}
}

@misc{Bengio2019from,
      title={From System 1 Deep Learning to System 2 Deep Learning.}, 
      author={Yoshua Bengio},
      year={2019},
      url={https://nips.cc/Conferences/2019/Schedule?showEvent=15488}
}

@misc{weston20232attention,
      title={System 2 Attention (is something you might need too)}, 
      author={Jason Weston and Sainbayar Sukhbaatar},
      year={2023},
      eprint={2311.11829},
      archivePrefix={arXiv},
      primaryClass={cs.CL},
      url={https://arxiv.org/abs/2311.11829}, 
}

@article{schaeffer2024emergent,
  title={Are emergent abilities of large language models a mirage?},
  author={Schaeffer, Rylan and Miranda, Brando and Koyejo, Sanmi},
  journal={Advances in Neural Information Processing Systems},
  volume={36},
  year={2024}
}

@inproceedings{razeghi2022impact,
  title={Impact of Pretraining Term Frequencies on Few-Shot Numerical Reasoning},
  author={Razeghi, Yasaman and Logan IV, Robert L and Gardner, Matt and Singh, Sameer},
  booktitle={Findings of the Association for Computational Linguistics: EMNLP 2022},
  pages={840--854},
  year={2022}
}

@article{strachan2024testing,
  title={Testing theory of mind in large language models and humans},
  author={Strachan, James WA and Albergo, Dalila and Borghini, Giulia and Pansardi, Oriana and Scaliti, Eugenio and Gupta, Saurabh and Saxena, Krati and Rufo, Alessandro and Panzeri, Stefano and Manzi, Guido and others},
  journal={Nature Human Behaviour},
  pages={1--11},
  year={2024},
  publisher={Nature Publishing Group UK London}
}

@article{xue2025decompose,
  title={Decompose, Analyze and Rethink: Solving Intricate Problems with Human-like Reasoning Cycle},
  author={Xue, Shangzi and Huang, Zhenya and Liu, Jiayu and Lin, Xin and Ning, Yuting and Jin, Binbin and Li, Xin and Liu, Qi},
  journal={Advances in Neural Information Processing Systems},
  volume={37},
  pages={357--385},
  year={2025}
}

@inproceedings{liu2023guiding,
author = {Liu, Jiayu and Huang, Zhenya and Ma, Zhiyuan and Liu, Qi and Chen, Enhong and Su, Tianhuang and Liu, Haifeng},
title = {Guiding Mathematical Reasoning via Mastering Commonsense Formula Knowledge},
year = {2023},
isbn = {9798400701030},
publisher = {Association for Computing Machinery},
url = {https://doi.org/10.1145/3580305.3599375},
doi = {10.1145/3580305.3599375},
booktitle = {Proceedings of the 29th ACM SIGKDD Conference on Knowledge Discovery and Data Mining},
pages = {1477–1488},
numpages = {12},
keywords = {math word problem, knowledge representation and reasoning},
location = {Long Beach, CA, USA},
series = {KDD '23}
}

@inproceedings{liu2023learning,
  title={Learning by applying: A general framework for mathematical reasoning via enhancing explicit knowledge learning},
  author={Liu, Jiayu and Huang, Zhenya and Zhai, Chengxiang and Liu, Qi},
  booktitle={Proceedings of the AAAI Conference on Artificial Intelligence},
  volume={37},
  pages={4497--4506},
  year={2023}
}

@inproceedings{liu2024socraticlm,
title={Socratic{LM}: Exploring Socratic Personalized Teaching with Large Language Models},
author={Jiayu Liu and Zhenya Huang and Tong Xiao and Jing Sha and Jinze Wu and Qi Liu and Shijin Wang and Enhong Chen},
booktitle={The Thirty-eighth Annual Conference on Neural Information Processing Systems},
year={2024},
url={https://openreview.net/forum?id=qkoZgJhxsA}
}

@article{lin2024learning,
  title={Learning Relation-Enhanced Hierarchical Solver for Math Word Problems},
  author={Lin, Xin and Huang, Zhenya and Zhao, Hongke and Chen, Enhong and Liu, Qi and Lian, Defu and Li, Xin and Wang, Hao},
  journal={IEEE Transactions on Neural Networks and Learning Systems},
  year={2024},
  volume={35},
  number={10},
  pages={13830--13844},
  publisher={IEEE}
}