@article{fang-2022-ral,
  title={TransCG: A {L}arge-{S}cale {R}eal-{W}orld {D}ataset for {T}ransparent {O}bject {D}epth {C}ompletion and a {G}rasping {B}aseline},
  author={Fang, Hongjie and others},
  journal=IEEE_J_RAL,
  volume={7},
  number={3},
  pages={7383--7390},
  year={2022}
}

@inproceedings{chen-2022-eccv,
  title={Clearpose: Large-scale transparent object dataset and benchmark},
  author={Chen, Xiaotong and others},
  booktitle=C-ECCV,
  pages={381--396},
  year={2022}
}

@inproceedings{liu-2020-cvpr,
  title={Keypose: Multi-view 3d labeling and keypoint estimation for transparent objects},
  author={Liu, Xingyu and others},
  booktitle=C-CVPR,
  pages={11602--11610},
  year={2020}
}

@inproceedings{chen-2018-cvpr,
  title={Tom-net: Learning transparent object matting from a single image},
  author={Chen, Guanying and others},
  booktitle=C-CVPR,
  pages={9233--9241},
  year={2018}
}

@inproceedings{mei-2020-cvpr,
  title={Don't hit me! glass detection in real-world scenes},
  author={Mei, Haiyang and others},
  booktitle=C-CVPR,
  pages={3687--3696},
  year={2020}
}

@inproceedings{xie-2020-eccv,
  title={Segmenting transparent objects in the wild},
  author={Xie, Enze and others},
  booktitle=C-ECCV,
  pages={696--711},
  year={2020}
}

@inproceedings{sajjan-2020-icra,
  title={Clear grasp: 3d shape estimation of transparent objects for manipulation},
  author={Sajjan, Shreeyak and others},
  booktitle=C-ICRA,
  pages={3634--3642},
  year={2020}
}

@inproceedings{liu-2021-iccv,
  title = {StereOBJ-1M: Large-scale {S}tereo {I}mage {D}ataset for 6{D} {O}bject {P}ose {E}stimation},
  author = {Liu, Xingyu and others},
  booktitle = C-ICCV,
  year = {2021},
}

@article{zhou-2020-ral,
  title={Lit: light-field inference of transparency for refractive object localization},
  author={Zhou, Zheming and others},
  journal=IEEE_J_RAL,
  volume={5},
  number={3},
  pages={4548--4555},
  year={2020}
}

@inproceedings{mei-2022-cvpr,
  title={Glass segmentation using intensity and spectral polarization cues},
  author={Mei, Haiyang and others},
  booktitle=C-CVPR,
  pages={12622--12631},
  year={2022}
}

@inproceedings{xu-2022-corl,
  title={Seeing {G}lass: Joint {P}oint-{C}loud and {D}epth {C}ompletion for {T}ransparent {O}bjects},
  author={Xu, Haoping and others},
  booktitle={6th annual conference on robot learning},
  pages={827--838},
  year={2022}
}

@inproceedings{xu-2015-iccv,
author = {Xu, Yichao and others},
title = {TransCut: Transparent {O}bject {S}egmentation from a {L}ight-{F}ield {I}mage},
booktitle = C-ICCV,
year = {2015}
}

@inproceedings{ramirez-2022-cvpr,
  title={Open {C}hallenges in {D}eep Stereo: the {B}ooster {D}ataset},
  author={Ramirez, Pierluigi Zama and others},
  booktitle=C-CVPR,
  pages={21168--21178},
  year={2022}
}

@article{huo-2023-tip,
  title={Glass segmentation with {RGB}-thermal image pairs},
  author={Huo, Dong and others},
  journal=IEEE_J_IP,
  volume={32},
  pages={1911--1926},
  year={2023}
}

@inproceedings{zhu-2021-cvpr,
  title={RGB-D local implicit function for depth completion of transparent objects},
  author={Zhu, Luyang and others},
  booktitle=C-CVPR,
  pages={4649--4658},
  year={2021}
}

@inproceedings{kalra-2020-cvpr,
  title={Deep polarization cues for transparent object segmentation},
  author={Kalra, Agastya and others},
  booktitle=C-CVPR,
  pages={8602--8611},
  year={2020}
}

@article{jiang-2022-tom,
  title={Where {S}hall {I} {T}ouch? {V}ision-{G}uided {T}actile {P}oking for {T}ransparent {O}bject {G}rasping},
  author={Jiang, Jiaqi and others},
  journal=IEEE_J_MECH,
  volume={28},
  number={1},
  pages={233--244},
  year={2022}
}

@inproceedings{ichnowski-2022-corl,
  title={Dex-{N}eRF: {U}sing a {N}eural {R}adiance {F}ield to {G}rasp {T}ransparent {O}bjects},
  author={Ichnowski, Jeffrey and others},
  booktitle={6th annual conference on robot learning},
  pages={526--536},
  year={2022}
}

@article{jiang-2022-ral,
  title={A4t: Hierarchical affordance detection for transparent objects depth reconstruction and manipulation},
  author={Jiang, Jiaqi and others},
  journal=IEEE_J_RAL,
  volume={7},
  number={4},
  pages={9826--9833},
  year={2022}
}

@inproceedings{kerr-2022-corl,
  title={Evo-NeRF: Evolving {NeRF} for Sequential Robot Grasping of Transparent Objects},
  author={Kerr, Justin and others},
  booktitle={6th annual conference on robot learning}
}

@inproceedings{dai-2022-eccv,
  title={Domain randomization-enhanced depth simulation and restoration for perceiving and grasping specular and transparent objects},
  author={Dai, Qiyu and others},
  booktitle=C-ECCV,
  pages={374--391},
  year={2022}
}

@inproceedings{zhang-1999-iccv,
  title={Flexible camera calibration by viewing a plane from unknown orientations},
  author={Zhang, Zhengyou},
  booktitle=C-ICCV,
  volume={1},
  pages={666--673},
  year={1999}
}
@inproceedings{saponaro-2015-icip,
  title={Improving calibration of thermal stereo cameras using heated calibration board},
  author={Saponaro, Philip and others},
  booktitle=C-ICIP,
  pages={4718--4722},
  year={2015}
}

@inproceedings{wang-2022-cvpr,
  title={Phocal: A multi-modal dataset for category-level object pose estimation with photometrically challenging objects},
  author={Wang, Pengyuan and others},
  booktitle=C-CVPR,
  pages={21222--21231},
  year={2022}
}

@inproceedings{lin-2021-cvpr,
  title={Rich context aggregation with reflection prior for glass surface detection},
  author={Lin, Jiaying and others},
  booktitle=C-CVPR,
  pages={13415--13424},
  year={2021}
}
@article{proencca-2020-arxiv,
  title={Taco: Trash annotations in context for litter detection},
  author={Proen{\c{c}}a, Pedro F and others},
  journal={arXiv preprint arXiv:2003.06975},
  year={2020}
}

@incollection{jiang-2022-elsevier,
  title={Robotic perception of object properties using tactile sensing},
  author={Jiang, Jiaqi and others},
  booktitle={Tactile Sensing, Skill Learning, and Robotic Dexterous Manipulation},
  pages={23--44},
  year={2022}
}

@inproceedings{bashkirova-2022-cvpr,
  title={Zerowaste dataset: Towards deformable object segmentation in cluttered scenes},
  author={Bashkirova, Dina and others},
  booktitle=C-CVPR,
  pages={21147--21157},
  year={2022}
}

@article{tsai-1989-tro,
  title={A new technique for fully autonomous and efficient 3 d robotics hand/eye calibration},
  author={Tsai, Roger Y and others},
  journal=IEEE_J_RA,
  volume={5},
  number={3},
  pages={345--358},
  year={1989}
}

@inproceedings{chen-2022-iros,
  title={ProgressLabeller: visual data stream annotation for training object-centric 3d perception},
  author={Chen, Xiaotong and others},
  booktitle=C-IROS,
  pages={13066--13073},
  year={2022}
}

@article{calli-2017-ycb,
author = {Berk Calli and others},
title ={{Y}ale-{CMU}-{B}erkeley dataset for robotic manipulation research},
journal = J-IJRR,
volume = {36},
number = {3},
pages = {261-268},
year = {2017},
}

@ARTICLE { mjeon-2022-ral,
    AUTHOR = { Myung-Hwan Jeon and others },
    TITLE = { {Ambiguity-Aware Multi-Object Pose Optimization for Visually-Assisted Robot Manipulation }},
    journal=IEEE_J_RAL,
    YEAR = { 2022 },
}

@inproceedings{chen2023stereopose,
  title={{Stereopose: Category-level 6d transparent object pose estimation from stereo images via back-view nocs}},
  author={Chen, Kai and others},
    booktitle=C-ICRA,
  pages={2855--2861},
  year={2023}
}

@inproceedings{xiang2018posecnn,
    Author = {Xiang, Yu and others},
    Title = {{PoseCNN: A Convolutional Neural Network for 6D Object Pose Estimation in Cluttered Scenes}},
    Journal   = C-RSS,
    Year = {2018}
}

@article{novkovic-2019-clubs,
author = {Tonci Novkovic and others},
title ={{CLUBS}: {A}n {RGB-D} dataset with cluttered box scenes containing household objects},
journal = J-IJRR,
volume = {38},
number = {14},
pages = {1538-1548},
year = {2019}}

@article{kasper-2012-kit,
author = {Alexander Kasper and others},
title ={{T}he {KIT} object models database: {A}n object model database for object recognition, localization and manipulation in service robotics},
journal = J-IJRR,
volume = {31},
number = {8},
pages = {927-934},
year = {2012}
}

@article{Saxena-2008-novel,
author = {Ashutosh Saxena and others},
title ={{R}obotic {G}rasping of {N}ovel {O}bjects using {V}ision},
journal = J-IJRR,
volume = {27},
number = {2},
pages = {157-173},
year = {2008}
}

@article{zeng-2022-pick,
author = {Andy Zeng and others},
title ={{R}obotic pick-and-place of novel objects in clutter with multi-affordance grasping and cross-domain image matching},
journal = J-IJRR,
volume = {41},
number = {7},
pages = {690-705},
year = {2022}
}

@article{li-2011-segmentation,
author = {Wai Ho Li and others},
title ={{S}egmentation and modeling of visually symmetric objects by robot actions},
journal = J-IJRR,
volume = {30},
number = {9},
pages = {1124-1142},
year = {2011}
}

@article{sinapov-2011-interactive,
author = {Jivko Sinapov and others},
title ={{I}nteractive object recognition using proprioceptive and auditory feedback},
journal = J-IJRR,
volume = {30},
number = {10},
pages = {1250-1262},
year = {2011}
}

@article{schwarz2018rgb,
  title={{RGB-D} object detection and semantic segmentation for autonomous manipulation in clutter},
  author={Schwarz, Max and others},
  journal=J-IJRR,
  volume={37},
  number={4-5},
  pages={437--451},
  year={2018}  
}

@Manual{blender,
   title = {Blender - a 3D modelling and rendering package},
   author = {Blender Online Community},
   organization = {Blender Foundation},
   address = {Stichting Blender Foundation, Amsterdam},
   year = {2018},
   url = {http://www.blender.org}
 }

@inproceedings{duisterhof2024residualnerf,
  title={Residual-NeRF: Learning Residual NeRFs for Transparent Object Manipulation}, 
  author={Bardienus P. Duisterhof and Yuemin Mao and Si Heng Teng and Jeffrey Ichnowski},
  year={2024},
  booktitle= C-ICRA
}

@article{lee2023nfl,
  title={NFL: Normal Field Learning for 6-DoF Grasping of Transparent Objects},
  author={Lee, Junho and Kim, Sang Min and Lee, Yonghyeon and Kim, Young Min},
  journal=IEEE_J_RAL,
  year={2023},
  publisher={IEEE}
}

@article{kerbl20233d,
  title={3D Gaussian Splatting for Real-Time Radiance Field Rendering.},
  author={Kerbl, Bernhard and Kopanas, Georgios and Leimk{\"u}hler, Thomas and Drettakis, George},
  journal={ACM Trans. Graph.},
  volume={42},
  number={4},
  pages={139--1},
  year={2023}
}

@inproceedings{haugaard2022surfemb,
  title={Surfemb: Dense and continuous correspondence distributions for object pose estimation with learnt surface embeddings},
  author={Haugaard, Rasmus Laurvig and Buch, Anders Glent},
  booktitle={Proceedings of the IEEE/CVF Conference on Computer Vision and Pattern Recognition},
  pages={6749--6758},
  year={2022}
}


@InProceedings{Ke2024marigold,
    author    = {Ke, Bingxin and Obukhov, Anton and Huang, Shengyu and Metzger, Nando and Daudt, Rodrigo Caye and Schindler, Konrad},
    title     = {Repurposing Diffusion-Based Image Generators for Monocular Depth Estimation},
    booktitle = {Proceedings of the IEEE/CVF Conference on Computer Vision and Pattern Recognition (CVPR)},
    month     = {June},
    year      = {2024},
    pages     = {9492-9502}
}

@inproceedings{haugaard2023multi,
  title={Multi-view object pose estimation from correspondence distributions and epipolar geometry},
  author={Haugaard, Rasmus Laurvig and Iversen, Thorbjorn Mosekjaer},
  booktitle={2023 IEEE International Conference on Robotics and Automation (ICRA)},
  pages={1786--1792},
  year={2023},
  organization={IEEE}
}

@inproceedings{xu20246ddiff,
  title={6d-diff: A keypoint diffusion framework for 6d object pose estimation},
  author={Xu, Li and Qu, Haoxuan and Cai, Yujun and Liu, Jun},
  booktitle={Proceedings of the IEEE/CVF Conference on Computer Vision and Pattern Recognition},
  pages={9676--9686},
  year={2024}
}

@inproceedings{chen2023diffusiondet,
  title={Diffusiondet: Diffusion model for object detection},
  author={Chen, Shoufa and Sun, Peize and Song, Yibing and Luo, Ping},
  booktitle={Proceedings of the IEEE/CVF international conference on computer vision},
  pages={19830--19843},
  year={2023}
}

@article{saxena2024surprising,
  title={The surprising effectiveness of diffusion models for optical flow and monocular depth estimation},
  author={Saxena, Saurabh and Herrmann, Charles and Hur, Junhwa and Kar, Abhishek and Norouzi, Mohammad and Sun, Deqing and Fleet, David J},
  journal={Advances in Neural Information Processing Systems},
  volume={36},
  year={2024}
}

@inproceedings{sridhar2024nomad,
  title={Nomad: Goal masked diffusion policies for navigation and exploration},
  author={Sridhar, Ajay and Shah, Dhruv and Glossop, Catherine and Levine, Sergey},
  booktitle={2024 IEEE International Conference on Robotics and Automation (ICRA)},
  pages={63--70},
  year={2024},
  organization={IEEE}
}

@article{milano2024neusurfemb,
  title={NeuSurfEmb: A Complete Pipeline for Dense Correspondence-based 6D Object Pose Estimation without CAD Models},
  author={Milano, Francesco and Chung, Jen Jen and Blum, Hermann and Siegwart, Roland and Ott, Lionel},
  journal={arXiv preprint arXiv:2407.12207},
  year={2024}
}


@article{kim2024transpose,
  title={Transpose: Large-scale multispectral dataset for transparent object},
  author={Kim, Jeongyun and Jeon, Myung-Hwan and Jung, Sangwoo and Yang, Wooseong and Jung, Minwoo and Shin, Jaeho and Kim, Ayoung},
  journal={The International Journal of Robotics Research},
  pages={02783649231213117},
  year={2024},
  publisher={SAGE Publications Sage UK: London, England}
}

@article{ummadisingu2024said,
  title={SAID-NeRF: Segmentation-AIDed NeRF for Depth Completion of Transparent Objects},
  author={Ummadisingu, Avinash and Choi, Jongkeum and Yamane, Koki and Masuda, Shimpei and Fukaya, Naoki and Takahashi, Kuniyuki},
  journal={arXiv preprint arXiv:2403.19607},
  year={2024}
}

@article{chen2023nerrf,
  title={Nerrf: 3d reconstruction and view synthesis for transparent and specular objects with neural refractive-reflective fields},
  author={Chen, Xiaoxue and Liu, Junchen and Zhao, Hao and Zhou, Guyue and Zhang, Ya-Qin},
  journal={arXiv preprint arXiv:2309.13039},
  year={2023}
}

@inproceedings{zhang2023controlnet,
  title={Adding conditional control to text-to-image diffusion models},
  author={Zhang, Lvmin and Rao, Anyi and Agrawala, Maneesh},
  booktitle={Proceedings of the IEEE/CVF International Conference on Computer Vision},
  pages={3836--3847},
  year={2023}
}
@inproceedings{rendering_eq,
  title={4d gaussian splatting for real-time dynamic scene rendering},
  author={Wu, Guanjun and Yi, Taoran and Fang, Jiemin and Xie, Lingxi and Zhang, Xiaopeng and Wei, Wei and Liu, Wenyu and Tian, Qi and Wang, Xinggang},
  booktitle={Proceedings of the IEEE/CVF Conference on Computer Vision and Pattern Recognition},
  pages={20310--20320},
  year={2024}
}

@inproceedings{yang2024deformable,
  title={Deformable 3d gaussians for high-fidelity monocular dynamic scene reconstruction},
  author={Yang, Ziyi and Gao, Xinyu and Zhou, Wen and Jiao, Shaohui and Zhang, Yuqing and Jin, Xiaogang},
  booktitle={Proceedings of the IEEE/CVF Conference on Computer Vision and Pattern Recognition},
  pages={20331--20341},
  year={2024}
}

@inproceedings{matsuki2024gaussian,
  title={Gaussian splatting slam},
  author={Matsuki, Hidenobu and Murai, Riku and Kelly, Paul HJ and Davison, Andrew J},
  booktitle={Proceedings of the IEEE/CVF Conference on Computer Vision and Pattern Recognition},
  pages={18039--18048},
  year={2024}
}

@inproceedings{guedon2024sugar,
  title={Sugar: Surface-aligned gaussian splatting for efficient 3d mesh reconstruction and high-quality mesh rendering},
  author={Gu{\'e}don, Antoine and Lepetit, Vincent},
  booktitle={Proceedings of the IEEE/CVF Conference on Computer Vision and Pattern Recognition},
  pages={5354--5363},
  year={2024}
}


@inproceedings{fang2020graspnet,
  title={Graspnet-1billion: A large-scale benchmark for general object grasping},
  author={Fang, Hao-Shu and Wang, Chenxi and Gou, Minghao and Lu, Cewu},
  booktitle={Proceedings of the IEEE/CVF conference on computer vision and pattern recognition},
  pages={11444--11453},
  year={2020}
}

@inproceedings{sajjan2020clear,
  title={Clear grasp: 3d shape estimation of transparent objects for manipulation},
  author={Sajjan, Shreeyak and Moore, Matthew and Pan, Mike and Nagaraja, Ganesh and Lee, Johnny and Zeng, Andy and Song, Shuran},
  booktitle={2020 IEEE international conference on robotics and automation (ICRA)},
  pages={3634--3642},
  year={2020},
  organization={IEEE}
}