@article{breiman1996bagging,
  title={Bagging predictors},
  author={Breiman, Leo},
  journal={Machine Learning},
  volume={24},
  pages={123--140},
  year={1996},
  publisher={Kluwer}
}

@article{chen2022uniform,
  title={Uniform-in-Time Propagation of Chaos for Mean Field Langevin Dynamics},
  author={Chen, Fan and Ren, Zhenjie and Wang, Songbo},
  journal={arXiv preprint arXiv:2212.03050},
  year={2022}
}

@article{cheng2018the,
  title={The relative performance of ensemble methods with deep convolutional neural networks for image classification},
  author={Cheng, Ju and Bibaut, Aurelian and van der Laan, Mark},
  journal = {Journal of Applied Statistics},
  volume = {45},
  number = {15},
  year={2018},
  pages={2800--2818}
}

@article{chewi2024uniform,
  title={Uniform-in-$ N $ log-Sobolev inequality for the mean-field Langevin dynamics with convex energy},
  author={Chewi, Sinho and Nitanda, Atsushi and Zhang, Matthew S},
  journal={arXiv preprint arXiv:2409.10440},
  year={2024}
}

@article{chizat2022mean,
  title={Mean-Field Langevin Dynamics: Exponential Convergence and Annealing},
  author={Chizat, L{\'e}na{\"\i}c},
  journal={Transactions on Machine Learning Research},
  year={2022}  
}

@inproceedings{chronopoulou2023adaptersoup,
  title={Adaptersoup: Weight averaging to improve generalization of pretrained language models},
  author={Chronopoulou, Alexandra and Peters, Matthew E and Fraser, Alexander and Dodge, Jesse},
  booktitle={Findings of the Association for Computational Linguistics 61},
  pages = {2054--2063},
  year={2023}
}

@inproceedings{davari2024model,
  title={Model breadcrumbs: Scaling multi-task model merging with sparse masks},
  author={Davari, Mohammad Reza and Belilovsky},
  booktitle={European Conference on Computer Vision 18},
  year={2024}
}

@inproceedings{dietterich2000ensemble,
  title={Ensemble methods in machine learning},
  author={Dietterich, Thomas G},
  booktitle={International workshop on multiple classifier systems},
  pages = {1--15},
  year={2000}
}

@article{gauthier2024merging,
  title={Merging in a bottle: Differentiable adaptive merging (DAM) and the path from averaging to automation},
  author={Gauthier-Caron, Thomas and Siriwardhana, Shamane and Stein, Elliot and Ehghaghi, Malikeh and Goddard, Charles and McQuade, Mark and Solawetz, Jacob and Labonne, Maxime},
  journal={arXiv preprint arXiv:2410.08371},
  year={2024}
}

@inproceedings{hansen1990neural,
  title={Neural network ensembles},
  author={Hansen, Lars Kai and Salamon, Peter},
  booktitle={Proceedings of the IEEE Transactions on Pattern Analysis and Machine Intelligence},
  pages = {993--1001},
  volume = {12},
  year={1990}
}

@article{hu2019mean,
  title={Mean-field Langevin dynamics and energy landscape of neural networks},
  author={Hu, Kaitong and Ren, Zhenjie and Siska, David and Szpruch, Lukasz},
  journal={arXiv preprint arXiv:1905.07769},
  year={2019}
}

@inproceedings{ilharco2022patching,
  title={Patching open-vocabulary models by interpolating weights},
  author={Ilharco, Gabriel and Wortsman, Mitchell and Gadre, Samir Yitzhak and Song, Shuran and Kornblith, Simon and Farhadi, Ali and Schmidt, Ludwig},
  booktitle={Advances in Neural Information Processing Systems 35},
  year={2022}
}

@inproceedings{jin2023dataless,
  title={Dataless knowledge fusion by merging weights of language models},
  author={Jin, Xisen and Ren, Xiang and Preotiuc-Pietro, Daniel and Cheng, Pengxiang},
  booktitle={Proceedings of the 11th International Conference on Learning Representations},
  year={2023}
}

@article{kook2024sampling,
  title={Sampling from the Mean-Field Stationary Distribution},
  author={Kook, Yunbum and Zhang, Matthew S and Chewi, Sinho and Erdogdu, Murat A and others},
  journal={arXiv preprint arXiv:2402.07355},
  year={2024}
}

@article{mei2018mean,
  title={A mean field view of the landscape of two-layer neural networks},
  author={Mei, Song and Montanari, Andrea and Nguyen, Phan-Minh},
  journal={Proceedings of the National Academy of Sciences},
  volume={115},
  number={33},
  pages={E7665--E7671},
  year={2018}
}

@inproceedings{nitanda2024improved,
  title={Improved particle approximation error for mean field neural networks},
  author={Nitanda, Atsushi},
  booktitle={Advances in Neural Information Processing Systems 37},
  year={2024}
}

@inproceedings{rame2023model,
title={Model ratatouille: Recyling diverse models for out-of-distribution generalization},
  author={Ramé, Alexandre and Ahuja, Khartik and Zhang, Jianyu and Cord, Matthieu and Bottou,Léon and Lopez-Paz, David},
  booktitle={Proceedings of International Conference on Machine Learning 40},
  pages={28656--28679},
  year={2023}
}

@article{romero2020automatic,
  title={Automatic detection of depression in speech using ensemble convolutional neural networks},
  author={Vazquez-Romero, Adrian and Gallardo-Antolin, Ascension},
  journal = {Entropy},
  volume = {22},
  number = {6},
  year={2020}
}

@inproceedings{suzuki2023convergence,
  title={Convergence of mean-field Langevin dynamics: time-space discretization, stochastic gradient, and variance reduction},
  author={Suzuki, Taiji and Wu, Denny and Nitanda, Atsushi},
  booktitle={Advances in Neural Information Processing Systems 36},
  year={2023}
}

@inproceedings{wang2024generalization,
  title={Generalization analysis of stochastic weight averaging with general sampling},
  author={Wang, Peng and Shen, Li and Tao, Zerui and He, Shuaida and Tao, Dacheng},
  booktitle={Proceedings of the International Conference on Machine Learning 41},
  pages={51442--51464},
  year={2024}
}

@inproceedings{wortsman2022model,
  title={Model soups: averaging weights of multiple fine-tuned models improves accuracy without increasing inference time},
  author={Wortsman, Mitchell and Ilharco, Gabriel and Gadre, Samir Ya and Roelofs, Rebecca and Gontijo-Lopes, Raphael and Morcos, Ari S and Namkoong, Hongseok and Farhadi, Ali and Carmon, Yair and Kornblith, Simon and others},
  booktitle={International conference on machine learning},
  pages={23965--23998},
  year={2022}
}

@inproceedings{yu2024language,
  title={Language models are super mario: Absorbing abilities from homologous models as a free lunch},
  author={Yu, Le and Yu, Bowen and Yu, Haiyang and Huang, Fei and Li, Yongbin},
  booktitle={Proceedings of International Conference on Machine Learning 41},
  pages = {57755--57775},
  year={2024}
}

