@misc{iotanalytics,
  author       = "{IoT Analytics}",
  title        = "{Number of Connected IoT Devices}",
  howpublished = "\url{https://iot-analytics.com/number-connected-iot-devices/}",
  note         = "Accessed: 2024-10-16",
  year         = 2024,
  month        = sep
}

@article{arxiv2408,
  author  = "Haris, Jude and Saha, Rappy and Hu, Wenhao and Cano, Jos√©",
  title   = "Designing Efficient LLM Accelerators for Edge Devices",
  journal = "arXiv preprint arXiv:2408.00462",
  year    = 2024,
  url     = "https://arxiv.org/pdf/2408.00462"
}

@article{EdgeShard,
  author  = "Zhang, Mingjin and Cao, Jiannong and Shen, Xiaoming and Cui, Zeyang",
  title   = "EdgeShard: Efficient LLM Inference via Collaborative Edge Computing",
  journal = "arXiv preprint arXiv:2405.14371",
  year    = 2024,
  url     = "https://arxiv.org/abs/2405.14371"
}

@article{Resource_Footprint,
  author    = "Dhar, Nobel and Deng, Bobin and Lo, Dan and Wu, Xiaofeng and Zhao, Liang and Suo, Kun",
  title     = "An Empirical Analysis and Resource Footprint Study of Deploying Large Language Models on Edge Devices",
  journal   = "Proceedings of the ACM",
  year      = 2024,
  doi       = "10.1145/3603287.3651205",
  url       = "https://dl.acm.org/doi/abs/10.1145/3603287.3651205"
}

@article{arora2024intent,
  author  = "Arora, Gaurav and Jain, Shreya and Merugu, Srujana",
  title   = "Intent Detection in the Age of LLMs",
  journal = "arXiv preprint arXiv:2410.01627",
  year    = 2024,
  url     = "https://arxiv.org/pdf/2410.01627"
}

@article{Survey,
  author  = "Qin, Libo and Xie, Tianbao and Che, Wanxiang and Liu, Ting",
  title   = "A Survey on Spoken Language Understanding: Recent Advances and New Frontiers",
  journal = "arXiv preprint arXiv:2103.03095",
  year    = 2021,
  url     = "https://arxiv.org/abs/2103.03095"
}

@article{Qwen,
  author  = "Yang, An and Yang, Baosong and Zhang, Beichen",
  title   = "{Qwen2.5 Technical Report}",
  journal = "arXiv preprint arXiv:2412.15115",
  year    = 2024,
  url     = "https://arxiv.org/abs/2412.15115"
}

@misc{homeassistant,
  author       = "{Home Assistant}",
  title        = "{Home Assistant}",
  howpublished = "\url{https://www.home-assistant.io/}",
  year         = 2025
}

@misc{acon96,
  author       = "{acon96}",
  title        = "{Home Assistant Requests Dataset}",
  howpublished = "\url{https://huggingface.co/datasets/acon96/Home-Assistant-Requests}",
  note         = "Accessed: 2025",
  year         = 2024
}

@inproceedings{bert-score,
  author    = "Zhang, Tianyi and Kishore, Varsha and Wu, Felix and Weinberger, Kilian Q. and Artzi, Yoav",
  title     = "{BERTScore}: Evaluating Text Generation with {BERT}",
  booktitle = "International Conference on Learning Representations",
  year      = 2020,
  url       = "https://openreview.net/forum?id=SkeHuCVFDr"
}

@inproceedings{Papineni02bleu:a,
  author    = "Papineni, Kishore and Roukos, Salim and Ward, Todd and Zhu, Wei-jing",
  title     = "{{BLEU}: a Method for Automatic Evaluation of Machine Translation}",
  booktitle = "Proceedings of the 40th Annual Meeting of the Association for Computational Linguistics",
  year      = 2002,
  pages     = "311--318"
}

@article{pedregosa2011scikit,
  title={Scikit-learn: Machine learning in Python},
  author={Pedregosa, Fabian and Varoquaux, Ga{\"e}l and Gramfort, Alexandre and Michel, Vincent and Thirion, Bertrand and Grisel, Olivier and Blondel, Mathieu and Prettenhofer, Peter and Weiss, Ron and Dubourg, Vincent and others},
  journal={the Journal of machine Learning research},
  volume={12},
  pages={2825--2830},
  year={2011},
  publisher={JMLR. org}
}

@inproceedings{vaswani2017attention,
  title       = "{Attention is All You Need}",
  author      = "Vaswani, A and Shazeer, N and Parmar, N and Uszkoreit, J and Jones, L and Gomez, A and Kaiser, L and Polosukhin, I",
  booktitle   = "Advances in Neural Information Processing Systems (NIPS)",
  year        = 2017
}

@article{dettmers2024qlora,
  title={Qlora: Efficient finetuning of quantized llms},
  author={Dettmers, Tim and Pagnoni, Artidoro and Holtzman, Ari and Zettlemoyer, Luke},
  journal={Advances in Neural Information Processing Systems},
  volume={36},
  year={2024}
}


@online{bbc2025siri,
  author = "{BBC News}",
  title  = "Apple to Pay \$95m to Settle Siri 'Listening' Lawsuit",
  month  = jan,
  year   = 2025,
  url    = "https://www.bbc.com/news/articles/cr4rvr495rgo"
}

@article{yin2024large,
  title   = "Do Large Language Models Understand Multi-Intent Spoken Language?",
  author  = "Yin, Shangjian and Huang, Peijie and Xu, Yuhong and Huang, Haojing and Chen, Jiatian",
  journal = "arXiv preprint arXiv:2403.04481",
  year    = 2024
}

@article{castellucci2019multi,
  title   = "Multi-Lingual Intent Detection and Slot Filling in a Joint BERT-Based Model",
  author  = "Castellucci, Giuseppe and Bellomaria, Valentina and Favalli, Andrea and Romagnoli, Raniero",
  journal = "arXiv preprint arXiv:1907.02884",
  year    = 2019
}

@article{stoica2021intent,
  title     = "Intent Detection and Slot Filling with Capsule Net Architectures for a Romanian Home Assistant",
  author    = "Stoica, Anda and Kadar, Tibor and Lemnaru, Camelia and Potolea, Rodica and D{\^\i}n{\c{s}}oreanu, Mihaela",
  journal   = "Sensors",
  volume    = 21,
  number    = 4,
  pages     = "1230",
  year      = 2021,
  publisher = "MDPI"
}

@article{weld2022survey,
  title     = "A Survey of Joint Intent Detection and Slot Filling Models in Natural Language Understanding",
  author    = "Weld, Henry and Huang, Xiaoqi and Long, Siqu and Poon, Josiah and Han, Soyeon Caren",
  journal   = "ACM Computing Surveys",
  volume    = 55,
  number    = 8,
  pages     = "1--38",
  year      = 2022,
  publisher = "ACM New York, NY"
}

@inproceedings{zhang2016joint,
  title     = "A Joint Model of Intent Determination and Slot Filling for Spoken Language Understanding",
  author    = "Zhang, Xiaodong and Wang, Houfeng",
  booktitle = "Proceedings of the International Joint Conference on Artificial Intelligence (IJCAI)",
  volume    = 16,
  pages     = "2993--2999",
  year      = 2016
}

@article{achiam2023gpt,
  title   = "GPT-4 Technical Report",
  author  = "Achiam, Josh and Adler, Steven and Agarwal, Sandhini and Ahmad, Lama and Akkaya, Ilge and others",
  journal = "arXiv preprint arXiv:2303.08774",
  year    = 2023
}


@article{bai2023qwen,
    author = {Bai, Jinze and Bai, Shuai and Chu, Yunfei and Cui, Zeyu and Dang, Kai and Deng, Xiaodong and Fan, Yang and Ge, Wenbin and Han, Yu and Huang, Fei and others},
    journal = {ArXiv preprint},
    title = {Qwen technical report},
    url = {https://arxiv.org/abs/2309.16609},
    volume = {abs/2309.16609},
    year = {2023}
}

@article{dubey2024llama,
    author = {Dubey, Abhimanyu and Jauhri, Abhinav and Pandey, Abhinav and Kadian, Abhishek and Al-Dahle, Ahmad and Letman, Aiesha and Mathur, Akhil and Schelten, Alan and Yang, Amy and Fan, Angela and others},
    journal = {ArXiv preprint},
    title = {The llama 3 herd of models},
    url = {https://arxiv.org/abs/2407.21783},
    volume = {abs/2407.21783},
    year = {2024}
}

@article{touvron2023llama,
    author = {Touvron, Hugo and Martin, Louis and Stone, Kevin and Albert, Peter and Almahairi, Amjad and Babaei, Yasmine and Bashlykov, Nikolay and Batra, Soumya and Bhargava, Prajjwal and Bhosale, Shruti and others},
    journal = {ArXiv preprint},
    title = {Llama 2: Open foundation and fine-tuned chat models},
    url = {https://arxiv.org/abs/2307.09288},
    volume = {abs/2307.09288},
    year = {2023}
}

@incollection{gholami2022survey,
  title={A survey of quantization methods for efficient neural network inference},
  author={Gholami, Amir and Kim, Sehoon and Dong, Zhen and Yao, Zhewei and Mahoney, Michael W and Keutzer, Kurt},
  booktitle={Low-Power Computer Vision},
  pages={291--326},
  year={2022},
  publisher={Chapman and Hall/CRC}
}

@article{liang2021pruning,
  title={Pruning and quantization for deep neural network acceleration: A survey},
  author={Liang, Tailin and Glossner, John and Wang, Lei and Shi, Shaobo and Zhang, Xiaotong},
  journal={Neurocomputing},
  volume={461},
  pages={370--403},
  year={2021},
  publisher={Elsevier}
}

@article{lang2024comprehensive,
  title={A Comprehensive Study on Quantization Techniques for Large Language Models},
  author={Lang, Jiedong and Guo, Zhehao and Huang, Shuyu},
  journal={arXiv preprint arXiv:2411.02530},
  year={2024}
}

@article{sanh2019distilbert,
  title={DistilBERT, a distilled version of BERT: smaller, faster, cheaper and lighter},
  author={Sanh, Victor and Debut, Lysandre and Chaumond, Julien and Wolf, Thomas},
  journal={arXiv preprint arXiv:1910.01108},
  year={2019}
}
