@article{EdgeShard,
  author  = "Zhang, Mingjin and Cao, Jiannong and Shen, Xiaoming and Cui, Zeyang",
  title   = "EdgeShard: Efficient LLM Inference via Collaborative Edge Computing",
  journal = "arXiv preprint arXiv:2405.14371",
  year    = 2024,
  url     = "https://arxiv.org/abs/2405.14371"
}

@article{Resource_Footprint,
  author    = "Dhar, Nobel and Deng, Bobin and Lo, Dan and Wu, Xiaofeng and Zhao, Liang and Suo, Kun",
  title     = "An Empirical Analysis and Resource Footprint Study of Deploying Large Language Models on Edge Devices",
  journal   = "Proceedings of the ACM",
  year      = 2024,
  doi       = "10.1145/3603287.3651205",
  url       = "https://dl.acm.org/doi/abs/10.1145/3603287.3651205"
}

@article{Survey,
  author  = "Qin, Libo and Xie, Tianbao and Che, Wanxiang and Liu, Ting",
  title   = "A Survey on Spoken Language Understanding: Recent Advances and New Frontiers",
  journal = "arXiv preprint arXiv:2103.03095",
  year    = 2021,
  url     = "https://arxiv.org/abs/2103.03095"
}

@article{arora2024intent,
  author  = "Arora, Gaurav and Jain, Shreya and Merugu, Srujana",
  title   = "Intent Detection in the Age of LLMs",
  journal = "arXiv preprint arXiv:2410.01627",
  year    = 2024,
  url     = "https://arxiv.org/pdf/2410.01627"
}

@article{arxiv2408,
  author  = "Haris, Jude and Saha, Rappy and Hu, Wenhao and Cano, Jos√©",
  title   = "Designing Efficient LLM Accelerators for Edge Devices",
  journal = "arXiv preprint arXiv:2408.00462",
  year    = 2024,
  url     = "https://arxiv.org/pdf/2408.00462"
}

@article{castellucci2019multi,
  title   = "Multi-Lingual Intent Detection and Slot Filling in a Joint BERT-Based Model",
  author  = "Castellucci, Giuseppe and Bellomaria, Valentina and Favalli, Andrea and Romagnoli, Raniero",
  journal = "arXiv preprint arXiv:1907.02884",
  year    = 2019
}

@article{stoica2021intent,
  title     = "Intent Detection and Slot Filling with Capsule Net Architectures for a Romanian Home Assistant",
  author    = "Stoica, Anda and Kadar, Tibor and Lemnaru, Camelia and Potolea, Rodica and D{\^\i}n{\c{s}}oreanu, Mihaela",
  journal   = "Sensors",
  volume    = 21,
  number    = 4,
  pages     = "1230",
  year      = 2021,
  publisher = "MDPI"
}

@article{weld2022survey,
  title     = "A Survey of Joint Intent Detection and Slot Filling Models in Natural Language Understanding",
  author    = "Weld, Henry and Huang, Xiaoqi and Long, Siqu and Poon, Josiah and Han, Soyeon Caren",
  journal   = "ACM Computing Surveys",
  volume    = 55,
  number    = 8,
  pages     = "1--38",
  year      = 2022,
  publisher = "ACM New York, NY"
}

@inproceedings{zhang2016joint,
  title     = "A Joint Model of Intent Determination and Slot Filling for Spoken Language Understanding",
  author    = "Zhang, Xiaodong and Wang, Houfeng",
  booktitle = "Proceedings of the International Joint Conference on Artificial Intelligence (IJCAI)",
  volume    = 16,
  pages     = "2993--2999",
  year      = 2016
}

