@inproceedings{grad_ascent,
  author       = {Joel Jang and
                  Dongkeun Yoon and
                  Sohee Yang and
                  Sungmin Cha and
                  Moontae Lee and
                  Lajanugen Logeswaran and
                  Minjoon Seo},
  title        = {Knowledge Unlearning for Mitigating Privacy Risks in Language Models},
  booktitle    = {Proceedings of the 61st Annual Meeting of the Association for Computational
                  Linguistics (Volume 1: Long Papers), {ACL} 2023, Toronto, Canada,
                  July 9-14, 2023},
  pages        = {14389--14408},
  publisher    = {Association for Computational Linguistics},
  year         = {2023},
  timestamp    = {Thu, 10 Aug 2023 12:35:41 +0200},
}

@article{An_embarrassingly_simple,
  author       = {Zhiwei Zhang and
                  Fali Wang and
                  Xiaomin Li and
                  Zongyu Wu and
                  Xianfeng Tang and
                  Hui Liu and
                  Qi He and
                  Wenpeng Yin and
                  Suhang Wang},
  title        = {Does your {LLM} truly unlearn? An embarrassingly simple approach to
                  recover unlearned knowledge},
  journal      = {CoRR},
  volume       = {abs/2410.16454},
  year         = {2024},
  eprinttype    = {arXiv},
  eprint       = {2410.16454},
  timestamp    = {Wed, 27 Nov 2024 13:12:13 +0100},
}

@article{Poisoning_attack,
  author       = {Martin Pawelczyk and
                  Jimmy Z. Di and
                  Yiwei Lu and
                  Gautam Kamath and
                  Ayush Sekhari and
                  Seth Neel},
  title        = {Machine Unlearning Fails to Remove Data Poisoning Attacks},
  journal      = {CoRR},
  volume       = {abs/2406.17216},
  year         = {2024},
  eprinttype    = {arXiv},
  eprint       = {2406.17216},
  timestamp    = {Mon, 22 Jul 2024 14:28:26 +0200},
  
}

@inproceedings{SOUL,
  author       = {Jinghan Jia and
                  Yihua Zhang and
                  Yimeng Zhang and
                  Jiancheng Liu and
                  Bharat Runwal and
                  James Diffenderfer and
                  Bhavya Kailkhura and
                  Sijia Liu},
  editor       = {Yaser Al{-}Onaizan and
                  Mohit Bansal and
                  Yun{-}Nung Chen},
  title        = {{SOUL:} Unlocking the Power of Second-Order Optimization for {LLM}
                  Unlearning},
  booktitle    = {Proceedings of the 2024 Conference on Empirical Methods in Natural
                  Language Processing, {EMNLP} 2024, Miami, FL, USA, November 12-16,
                  2024},
  pages        = {4276--4292},
  publisher    = {Association for Computational Linguistics},
  year         = {2024},
  timestamp    = {Thu, 14 Nov 2024 17:20:55 +0100},
}

@inproceedings{Editing_Problems,
  author       = {Yunzhi Yao and
                  Peng Wang and
                  Bozhong Tian and
                  Siyuan Cheng and
                  Zhoubo Li and
                  Shumin Deng and
                  Huajun Chen and
                  Ningyu Zhang},
  editor       = {Houda Bouamor and
                  Juan Pino and
                  Kalika Bali},
  title        = {Editing Large Language Models: Problems, Methods, and Opportunities},
  booktitle    = {Proceedings of the 2023 Conference on Empirical Methods in Natural
                  Language Processing, {EMNLP} 2023, Singapore, December 6-10, 2023},
  pages        = {10222--10240},
  publisher    = {Association for Computational Linguistics},
  year         = {2023},
  timestamp    = {Fri, 12 Apr 2024 13:11:51 +0200},
}

@article{ULD,
  author       = {Jiabao Ji and
                  Yujian Liu and
                  Yang Zhang and
                  Gaowen Liu and
                  Ramana Rao Kompella and
                  Sijia Liu and
                  Shiyu Chang},
  title        = {Reversing the Forget-Retain Objectives: An Efficient {LLM} Unlearning
                  Framework from Logit Difference},
  journal      = {CoRR},
  volume       = {abs/2406.08607},
  year         = {2024},
  eprinttype    = {arXiv},
  eprint       = {2406.08607},
  timestamp    = {Tue, 09 Jul 2024 17:23:21 +0200},
}

@article{Minimal_Gradient_Dependence,
  author       = {Tao Huang and
                  Ziyang Chen and
                  Jiayang Meng and
                  Qingyu Huang and
                  Xu Yang and
                  Xun Yi and
                  Ibrahim Khalil},
  title        = {Machine Unlearning with Minimal Gradient Dependence for High Unlearning
                  Ratios},
  journal      = {CoRR},
  volume       = {abs/2406.16986},
  year         = {2024},
  eprinttype    = {arXiv},
  eprint       = {2406.16986},
  timestamp    = {Mon, 22 Jul 2024 14:28:25 +0200},
}

@inproceedings{QUARK,
  author       = {Ximing Lu and
                  Sean Welleck and
                  Jack Hessel and
                  Liwei Jiang and
                  Lianhui Qin and
                  Peter West and
                  Prithviraj Ammanabrolu and
                  Yejin Choi},
  title        = {{QUARK:} Controllable Text Generation with Reinforced Unlearning},
  booktitle    = {Advances in Neural Information Processing Systems 35: NeurIPS 2022, New Orleans,
                  LA, USA, Nov 28 - Dec 9, 2022},
}

@inproceedings{SISA,
  author       = {Vinayshekhar Bannihatti Kumar and
                  Rashmi Gangadharaiah and
                  Dan Roth},
  editor       = {Jong C. Park and
                  Yuki Arase and
                  Baotian Hu and
                  Wei Lu and
                  Derry Wijaya and
                  Ayu Purwarianti and
                  Adila Alfa Krisnadhi},
  title        = {Privacy Adhering Machine Un-learning in {NLP}},
  booktitle    = {Findings of the Association for Computational Linguistics: {IJCNLP-AACL}
                  2023 - Findings, Nusa Dua, Bali, November 1-4, 2023},
  pages        = {268--277},
  publisher    = {Association for Computational Linguistics},
  year         = {2023},
  timestamp    = {Fri, 12 Apr 2024 13:12:03 +0200},
}

@inproceedings{taskvectors,
  author       = {Gabriel Ilharco and
                  Marco T{\'{u}}lio Ribeiro and
                  Mitchell Wortsman and
                  Ludwig Schmidt and
                  Hannaneh Hajishirzi and
                  Ali Farhadi},
  title        = {Editing models with task arithmetic},
  booktitle    = {The Eleventh International Conference on Learning Representations,
                  {ICLR} 2023, Kigali, Rwanda, May 1-5, 2023},
  publisher    = {OpenReview.net},
  year         = {2023},
  timestamp    = {Wed, 24 Jul 2024 16:50:33 +0200},
}

@inproceedings{KGA,
  author       = {Lingzhi Wang and
                  Tong Chen and
                  Wei Yuan and
                  Xingshan Zeng and
                  Kam{-}Fai Wong and
                  Hongzhi Yin},
  editor       = {Anna Rogers and
                  Jordan L. Boyd{-}Graber and
                  Naoaki Okazaki},
  title        = {{KGA:} {A} General Machine Unlearning Framework Based on Knowledge
                  Gap Alignment},
  booktitle    = {Proceedings of the 61st Annual Meeting of the Association for Computational
                  Linguistics (Volume 1: Long Papers), {ACL} 2023, Toronto, Canada,
                  July 9-14, 2023},
  pages        = {13264--13276},
  publisher    = {Association for Computational Linguistics},
  year         = {2023},
  timestamp    = {Mon, 26 Aug 2024 12:21:57 +0200},
}


@inproceedings{PCGU,
  author       = {Charles Yu and
                  Sullam Jeoung and
                  Anish Kasi and
                  Pengfei Yu and
                  Heng Ji},
  editor       = {Anna Rogers and
                  Jordan L. Boyd{-}Graber and
                  Naoaki Okazaki},
  title        = {Unlearning Bias in Language Models by Partitioning Gradients},
  booktitle    = {Findings of the Association for Computational Linguistics: {ACL} 2023,
                  Toronto, Canada, July 9-14, 2023},
  pages        = {6032--6048},
  publisher    = {Association for Computational Linguistics},
  year         = {2023},
  timestamp    = {Thu, 10 Aug 2023 12:35:52 +0200},
}

@inproceedings{EUL,
  author       = {Jiaao Chen and
                  Diyi Yang},
  editor       = {Houda Bouamor and
                  Juan Pino and
                  Kalika Bali},
  title        = {Unlearn What You Want to Forget: Efficient Unlearning for LLMs},
  booktitle    = {Proceedings of the 2023 Conference on Empirical Methods in Natural
                  Language Processing, {EMNLP} 2023, Singapore, December 6-10, 2023},
  pages        = {12041--12052},
  publisher    = {Association for Computational Linguistics},
  year         = {2023},
  timestamp    = {Fri, 12 Apr 2024 13:11:42 +0200},
}

@inproceedings{DEPN,
  author       = {Xinwei Wu and
                  Junzhuo Li and
                  Minghui Xu and
                  Weilong Dong and
                  Shuangzhi Wu and
                  Chao Bian and
                  Deyi Xiong},
  editor       = {Houda Bouamor and
                  Juan Pino and
                  Kalika Bali},
  title        = {{DEPN:} Detecting and Editing Privacy Neurons in Pretrained Language
                  Models},
  booktitle    = {Proceedings of the 2023 Conference on Empirical Methods in Natural
                  Language Processing, {EMNLP} 2023, Singapore, December 6-10, 2023},
  pages        = {2875--2886},
  publisher    = {Association for Computational Linguistics},
  year         = {2023},
  timestamp    = {Fri, 12 Apr 2024 13:11:46 +0200},
}

@article{PEFT_unlearn,
  author       = {Jinghan Zhang and
                  Shiqi Chen and
                  Junteng Liu and
                  Junxian He},
  title        = {Composing Parameter-Efficient Modules with Arithmetic Operations},
  journal      = {CoRR},
  volume       = {abs/2306.14870},
  year         = {2023},
  eprinttype    = {arXiv},
  eprint       = {2306.14870},
  timestamp    = {Sun, 12 Nov 2023 02:17:12 +0100},
}

@inproceedings{Sequence_Unlearning,
  author       = {Dohyun Lee and
                  Daniel Rim and
                  Minseok Choi and
                  Jaegul Choo},
  editor       = {Lun{-}Wei Ku and
                  Andre Martins and
                  Vivek Srikumar},
  title        = {Protecting Privacy Through Approximating Optimal Parameters for Sequence
                  Unlearning in Language Models},
  booktitle    = {Findings of the Association for Computational Linguistics, {ACL} 2024,
                  Bangkok, Thailand and virtual meeting, August 11-16, 2024},
  pages        = {15820--15839},
  publisher    = {Association for Computational Linguistics},
  year         = {2024},
  timestamp    = {Tue, 24 Sep 2024 10:55:45 +0200},
}

@article{Intrinsic,
  author       = {Yihuai Hong and
                  Lei Yu and
                  Shauli Ravfogel and
                  Haiqin Yang and
                  Mor Geva},
  title        = {Intrinsic Evaluation of Unlearning Using Parametric Knowledge Traces},
  journal      = {CoRR},
  volume       = {abs/2406.11614},
  year         = {2024},
  eprinttype    = {arXiv},
  eprint       = {2406.11614},
  timestamp    = {Thu, 18 Jul 2024 15:01:29 +0200},
}

@inproceedings{editing_unlearning_iclr,
  author       = {Vaidehi Patil and
                  Peter Hase and
                  Mohit Bansal},
  title        = {Can Sensitive Information Be Deleted From LLMs? Objectives for Defending
                  Against Extraction Attacks},
  booktitle    = {The Twelfth International Conference on Learning Representations,
                  {ICLR} 2024, Vienna, Austria, May 7-11, 2024},
  publisher    = {OpenReview.net},
  year         = {2024},
  timestamp    = {Mon, 29 Jul 2024 17:17:48 +0200},
}

@inproceedings{acl_bench,
  author       = {Jin Yao and
                  Eli Chien and
                  Minxin Du and
                  Xinyao Niu and
                  Tianhao Wang and
                  Zezhou Cheng and
                  Xiang Yue},
  editor       = {Lun{-}Wei Ku and
                  Andre Martins and
                  Vivek Srikumar},
  title        = {Machine Unlearning of Pre-trained Large Language Models},
  booktitle    = {Proceedings of the 62nd Annual Meeting of the Association for Computational
                  Linguistics (Volume 1: Long Papers), {ACL} 2024, Bangkok, Thailand,
                  August 11-16, 2024},
  pages        = {8403--8419},
  publisher    = {Association for Computational Linguistics},
  year         = {2024},
  timestamp    = {Tue, 24 Sep 2024 10:55:35 +0200},
}

@article{TULA,
  author       = {Jiacheng Du and
                  Zhibo Wang and
                  Kui Ren},
  title        = {Textual Unlearning Gives a False Sense of Unlearning},
  journal      = {CoRR},
  volume       = {abs/2406.13348},
  year         = {2024},
  doi          = {10.48550/ARXIV.2406.13348},
  eprinttype    = {arXiv},
  eprint       = {2406.13348},
  timestamp    = {Fri, 12 Jul 2024 19:38:46 +0200},
}

@article{PISTOL,
  author       = {Xinchi Qiu and
                  William F. Shen and
                  Yihong Chen and
                  Nicola Cancedda and
                  Pontus Stenetorp and
                  Nicholas D. Lane},
  title        = {{PISTOL:} Dataset Compilation Pipeline for Structural Unlearning of
                  LLMs},
  journal      = {CoRR},
  volume       = {abs/2406.16810},
  year         = {2024},
  eprinttype    = {arXiv},
  eprint       = {2406.16810},
  timestamp    = {Mon, 22 Jul 2024 14:28:24 +0200},
}

@inproceedings{WMDP,
  author       = {Nathaniel Li and
                  Alexander Pan and
                  Anjali Gopal and
                  Summer Yue and
                  Daniel Berrios and
                  Alice Gatti and
                  Justin D. Li and
                  Ann{-}Kathrin Dombrowski and
                  Shashwat Goel and
                  Gabriel Mukobi and
                  Nathan Helm{-}Burger and
                  Rassin Lababidi and
                  Lennart Justen and
                  Andrew B. Liu and
                  Michael Chen and
                  Isabelle Barrass and
                  Oliver Zhang and
                  Xiaoyuan Zhu and
                  Rishub Tamirisa and
                  Bhrugu Bharathi and
                  Ariel Herbert{-}Voss and
                  Cort B. Breuer and
                  Andy Zou and
                  Mantas Mazeika and
                  Zifan Wang and
                  Palash Oswal and
                  Weiran Lin and
                  Adam A. Hunt and
                  Justin Tienken{-}Harder and
                  Kevin Y. Shih and
                  Kemper Talley and
                  John Guan and
                  Ian Steneker and
                  David Campbell and
                  Brad Jokubaitis and
                  Steven Basart and
                  Stephen Fitz and
                  Ponnurangam Kumaraguru and
                  Kallol Krishna Karmakar and
                  Uday Kiran Tupakula and
                  Vijay Varadharajan and
                  Yan Shoshitaishvili and
                  Jimmy Ba and
                  Kevin M. Esvelt and
                  Alexandr Wang and
                  Dan Hendrycks},
  title        = {The {WMDP} Benchmark: Measuring and Reducing Malicious Use with Unlearning},
  booktitle    = {Forty-first International Conference on Machine Learning, {ICML} 2024,
                  Vienna, Austria, July 21-27, 2024},
  publisher    = {OpenReview.net},
  year         = {2024},
  timestamp    = {Mon, 02 Sep 2024 16:55:27 +0200},
}

@article{MUSE,
  author       = {Weijia Shi and
                  Jaechan Lee and
                  Yangsibo Huang and
                  Sadhika Malladi and
                  Jieyu Zhao and
                  Ari Holtzman and
                  Daogao Liu and
                  Luke Zettlemoyer and
                  Noah A. Smith and
                  Chiyuan Zhang},
  title        = {{MUSE:} Machine Unlearning Six-Way Evaluation for Language Models},
  journal      = {CoRR},
  volume       = {abs/2407.06460},
  year         = {2024},
  eprinttype    = {arXiv},
  eprint       = {2407.06460},
  timestamp    = {Fri, 16 Aug 2024 14:50:19 +0200},
}

@inproceedings{zsre,
  author       = {Omer Levy and
                  Minjoon Seo and
                  Eunsol Choi and
                  Luke Zettlemoyer},
  editor       = {Roger Levy and
                  Lucia Specia},
  title        = {Zero-Shot Relation Extraction via Reading Comprehension},
  booktitle    = {Proceedings of the 21st Conference on Computational Natural Language
                  Learning (CoNLL 2017), Vancouver, Canada, August 3-4, 2017},
  pages        = {333--342},
  publisher    = {Association for Computational Linguistics},
  year         = {2017},
  timestamp    = {Fri, 06 Aug 2021 00:41:08 +0200},
}

@article{Guardrail,
  author       = {Pratiksha Thaker and
                  Yash Maurya and
                  Virginia Smith},
  title        = {Guardrail Baselines for Unlearning in LLMs},
  journal      = {CoRR},
  volume       = {abs/2403.03329},
  year         = {2024},
  eprinttype    = {arXiv},
  eprint       = {2403.03329},
  timestamp    = {Wed, 03 Apr 2024 15:23:01 +0200},
}

@article{NPO_Rethinking,
  author       = {Chongyu Fan and
                  Jiancheng Liu and
                  Licong Lin and
                  Jinghan Jia and
                  Ruiqi Zhang and
                  Song Mei and
                  Sijia Liu},
  title        = {Simplicity Prevails: Rethinking Negative Preference Optimization for
                  {LLM} Unlearning},
  journal      = {CoRR},
  volume       = {abs/2410.07163},
  year         = {2024},
  eprinttype    = {arXiv},
  eprint       = {2410.07163},
  timestamp    = {Mon, 18 Nov 2024 14:52:14 +0100},
}

@article{harry_potter,
  author       = {Ronen Eldan and
                  Mark Russinovich},
  title        = {Who's Harry Potter? Approximate Unlearning in LLMs},
  journal      = {CoRR},
  volume       = {abs/2310.02238},
  year         = {2023},
  eprinttype    = {arXiv},
  eprint       = {2310.02238},
  timestamp    = {Thu, 19 Oct 2023 13:12:52 +0200},
}

@inproceedings{In-Context-Unlearning,
  author       = {Martin Pawelczyk and
                  Seth Neel and
                  Himabindu Lakkaraju},
  title        = {In-Context Unlearning: Language Models as Few-Shot Unlearners},
  booktitle    = {Forty-first International Conference on Machine Learning, {ICML} 2024,
                  Vienna, Austria, July 21-27, 2024},
  publisher    = {OpenReview.net},
  year         = {2024},
  timestamp    = {Mon, 02 Sep 2024 16:55:26 +0200},
}

@article{Unlearning-Prompts,
  author       = {Chris Yuhao Liu and
                  Yaxuan Wang and
                  Jeffrey Flanigan and
                  Yang Liu},
  title        = {Large Language Model Unlearning via Embedding-Corrupted Prompts},
  journal      = {CoRR},
  volume       = {abs/2406.07933},
  year         = {2024},
  eprinttype    = {arXiv},
  eprint       = {2406.07933},
  timestamp    = {Mon, 08 Jul 2024 17:47:28 +0200},
}

@article{SNAP,
  author       = {Minseok Choi and
                  Daniel Rim and
                  Dohyun Lee and
                  Jaegul Choo},
  title        = {{SNAP:} Unlearning Selective Knowledge in Large Language Models with
                  Negative Instructions},
  journal      = {CoRR},
  volume       = {abs/2406.12329},
  year         = {2024},
  eprinttype    = {arXiv},
  eprint       = {2406.12329},
  timestamp    = {Fri, 12 Jul 2024 19:38:41 +0200},
}

@article{NPO,
  author       = {Ruiqi Zhang and
                  Licong Lin and
                  Yu Bai and
                  Song Mei},
  title        = {Negative Preference Optimization: From Catastrophic Collapse to Effective
                  Unlearning},
  journal      = {CoRR},
  volume       = {abs/2404.05868},
  year         = {2024},
  eprinttype    = {arXiv},
  eprint       = {2404.05868},
  timestamp    = {Fri, 02 Aug 2024 21:59:25 +0200},
}

@article{RKLD,
  author       = {Bichen Wang and
                  Yuzhe Zi and
                  Yixin Sun and
                  Yanyan Zhao and
                  Bing Qin},
  title        = {{RKLD:} Reverse KL-Divergence-based Knowledge Distillation for Unlearning
                  Personal Information in Large Language Models},
  journal      = {CoRR},
  volume       = {abs/2406.01983},
  year         = {2024},
  eprinttype    = {arXiv},
  eprint       = {2406.01983},
  timestamp    = {Thu, 04 Jul 2024 12:24:28 +0200},
}

@inproceedings{Patil,
  author       = {Vaidehi Patil and
                  Peter Hase and
                  Mohit Bansal},
  title        = {Can Sensitive Information Be Deleted From LLMs? Objectives for Defending
                  Against Extraction Attacks},
  booktitle    = {The Twelfth International Conference on Learning Representations,
                  {ICLR} 2024, Vienna, Austria, May 7-11, 2024},
  publisher    = {OpenReview.net},
  year         = {2024},
  timestamp    = {Mon, 29 Jul 2024 17:17:48 +0200},
}

@article{Social_Biases,
  author       = {Omkar Dige and
                  Diljot Singh and
                  Tsz Fung Yau and
                  Qixuan Zhang and
                  Borna Bolandraftar and
                  Xiaodan Zhu and
                  Faiza Khan Khattak},
  title        = {Mitigating Social Biases in Language Models through Unlearning},
  journal      = {CoRR},
  volume       = {abs/2406.13551},
  year         = {2024},
  eprinttype    = {arXiv},
  eprint       = {2406.13551},
  timestamp    = {Fri, 12 Jul 2024 19:38:47 +0200},
}

@article{LLaMA,
  author       = {Hugo Touvron and
                  Thibaut Lavril and
                  Gautier Izacard and
                  Xavier Martinet and
                  Marie{-}Anne Lachaux and
                  Timoth{\'{e}}e Lacroix and
                  Baptiste Rozi{\`{e}}re and
                  Naman Goyal and
                  Eric Hambro and
                  Faisal Azhar and
                  Aur{\'{e}}lien Rodriguez and
                  Armand Joulin and
                  Edouard Grave and
                  Guillaume Lample},
  title        = {LLaMA: Open and Efficient Foundation Language Models},
  journal      = {CoRR},
  volume       = {abs/2302.13971},
  year         = {2023},
  eprinttype    = {arXiv},
  eprint       = {2302.13971},
  timestamp    = {Mon, 28 Aug 2023 21:26:20 +0200},
}

@article{GPT-4,
  author       = {OpenAI},
  title        = {{GPT-4} Technical Report},
  journal      = {CoRR},
  volume       = {abs/2303.08774},
  year         = {2023},
  eprinttype    = {arXiv},
  eprint       = {2303.08774},
  timestamp    = {Mon, 28 Aug 2023 21:26:19 +0200},
}

@inproceedings{Machine-Unlearning-1,
  author       = {Yinzhi Cao and
                  Junfeng Yang},
  title        = {Towards Making Systems Forget with Machine Unlearning},
  booktitle    = {2015 {IEEE} Symposium on Security and Privacy, {SP} 2015, San Jose,
                  CA, USA, May 17-21, 2015},
  pages        = {463--480},
  publisher    = {{IEEE} Computer Society},
  year         = {2015},
  timestamp    = {Fri, 24 Mar 2023 00:03:10 +0100},
}

@article{Rethinking,
  author       = {Sijia Liu and
                  Yuanshun Yao and
                  Jinghan Jia and
                  Stephen Casper and
                  Nathalie Baracaldo and
                  Peter Hase and
                  Xiaojun Xu and
                  Yuguang Yao and
                  Hang Li and
                  Kush R. Varshney and
                  Mohit Bansal and
                  Sanmi Koyejo and
                  Yang Liu},
  title        = {Rethinking Machine Unlearning for Large Language Models},
  journal      = {CoRR},
  volume       = {abs/2402.08787},
  year         = {2024},
  eprinttype    = {arXiv},
  eprint       = {2402.08787},
  timestamp    = {Thu, 08 Aug 2024 08:08:01 +0200},
}

@article{Knowledge_Unlearning,
  author       = {Nianwen Si and
                  Hao Zhang and
                  Heyu Chang and
                  Wenlin Zhang and
                  Dan Qu and
                  Weiqiang Zhang},
  title        = {Knowledge Unlearning for LLMs: Tasks, Methods, and Challenges},
  journal      = {CoRR},
  volume       = {abs/2311.15766},
  year         = {2023},
  eprinttype    = {arXiv},
  eprint       = {2311.15766},
  timestamp    = {Thu, 04 Jul 2024 21:53:02 +0200},
}

@inproceedings{FIM,
  author       = {Chenxiao Zhao and
                  P. Thomas Fletcher and
                  Mixue Yu and
                  Yaxin Peng and
                  Guixu Zhang and
                  Chaomin Shen},
  title        = {The Adversarial Attack and Detection under the Fisher Information
                  Metric},
  booktitle    = {{AAAI}2019, {IAAI} 2019, {EAAI} 2019},
  pages        = {5869--5876},
  publisher    = {{AAAI} Press},
  year         = {2019},
}

@inproceedings{Models_Sensitivity,
  author       = {Melanie Sclar and
                  Yejin Choi and
                  Yulia Tsvetkov and
                  Alane Suhr},
  title        = {Quantifying Language Models' Sensitivity to Spurious Features in Prompt
                  Design or: How {I} learned to start worrying about prompt formatting},
  booktitle    = {The Twelfth International Conference on Learning Representations,
                  {ICLR} 2024, Vienna, Austria, May 7-11, 2024},
  publisher    = {OpenReview.net},
  year         = {2024},
  timestamp    = {Wed, 07 Aug 2024 17:11:53 +0200},
}

@article{gdpr,
  title={The eu general data protection regulation (gdpr)},
  author={Voigt, Paul and Von dem Bussche, Axel},
  journal={A Practical Guide, 1st Ed., Cham: Springer International Publishing},
  volume={10},
  number={3152676},
  pages={10--5555},
  year={2017},
  publisher={Springer}
}

@inproceedings{ROME,
  author       = {Kevin Meng and
                  David Bau and
                  Alex Andonian and
                  Yonatan Belinkov},
  title        = {Locating and Editing Factual Associations in {GPT}},
  booktitle    = {Advances in Neural Information Processing Systems 35: Annual Conference
                  on Neural Information Processing Systems 2022, NeurIPS 2022, New Orleans,
                  LA, USA},
  year         = {2022},
  
}

@inproceedings{SSS,
  author       = {Huazheng Wang and
                  Haifeng Sun and
                  Jingyu Wang and
                  Qi Qi and
                  Zixuan Xia and
                  Menghao Zhang and
                  Jianxin Liao},
  title        = {{SSS:} Editing Factual Knowledge in Language Models towards Semantic
                  Sparse Space},
  booktitle    = {Findings of the Association for Computational Linguistics, {ACL} 2024,
                  Bangkok, Thailand and virtual meeting, August 11-16, 2024},
  pages        = {5559--5570},
  year         = {2024},
  
}



@inproceedings{GPT,
  author       = {Tom B. Brown and
                  Benjamin Mann and
                  Nick Ryder and
                  Melanie Subbiah and
                  Jared Kaplan and
                  Prafulla Dhariwal and
                  Arvind Neelakantan and
                  Pranav Shyam and
                  Girish Sastry and
                  Amanda Askell and
                  Sandhini Agarwal and
                  Ariel Herbert{-}Voss and
                  Gretchen Krueger and
                  Tom Henighan and
                  Rewon Child and
                  Aditya Ramesh and
                  Daniel M. Ziegler and
                  Jeffrey Wu and
                  Clemens Winter and
                  Christopher Hesse and
                  Mark Chen and
                  Eric Sigler and
                  Mateusz Litwin and
                  Scott Gray and
                  Benjamin Chess and
                  Jack Clark and
                  Christopher Berner and
                  Sam McCandlish and
                  Alec Radford and
                  Ilya Sutskever and
                  Dario Amodei},
  editor       = {Hugo Larochelle and
                  Marc'Aurelio Ranzato and
                  Raia Hadsell and
                  Maria{-}Florina Balcan and
                  Hsuan{-}Tien Lin},
  title        = {Language Models are Few-Shot Learners},
  booktitle    = {Advances in Neural Information Processing Systems 33: Annual Conference
                  on Neural Information Processing Systems 2020, NeurIPS 2020, December
                  6-12, 2020, virtual},
  year         = {2020},
  timestamp    = {Thu, 25 May 2023 10:38:31 +0200},
}

@article{TOFU,
  author       = {Pratyush Maini and
                  Zhili Feng and
                  Avi Schwarzschild and
                  Zachary C. Lipton and
                  J. Zico Kolter},
  title        = {{TOFU:} {A} Task of Fictitious Unlearning for LLMs},
  journal      = {CoRR},
  volume       = {abs/2401.06121},
  year         = {2024},
  eprinttype    = {arXiv},
  eprint       = {2401.06121},
  timestamp    = {Thu, 25 Jan 2024 15:41:08 +0100},
}

@inproceedings{True_Data_Deletion,
  author       = {Rishav Chourasia and
                  Neil Shah},
  editor       = {Andreas Krause and
                  Emma Brunskill and
                  Kyunghyun Cho and
                  Barbara Engelhardt and
                  Sivan Sabato and
                  Jonathan Scarlett},
  title        = {Forget Unlearning: Towards True Data-Deletion in Machine Learning},
  booktitle    = {International Conference on Machine Learning, {ICML} 2023, 23-29 July
                  2023, Honolulu, Hawaii, {USA}},
  series       = {Proceedings of Machine Learning Research},
  volume       = {202},
  pages        = {6028--6073},
  publisher    = {{PMLR}},
  year         = {2023},
  timestamp    = {Mon, 28 Aug 2023 17:23:08 +0200},
}

@inproceedings{Data_Deletion,
  author       = {Antonio Ginart and
                  Melody Y. Guan and
                  Gregory Valiant and
                  James Zou},
  editor       = {Hanna M. Wallach and
                  Hugo Larochelle and
                  Alina Beygelzimer and
                  Florence d'Alch{\'{e}}{-}Buc and
                  Emily B. Fox and
                  Roman Garnett},
  title        = {Making {AI} Forget You: Data Deletion in Machine Learning},
  booktitle    = {Advances in Neural Information Processing Systems 32: Annual Conference
                  on Neural Information Processing Systems 2019, NeurIPS 2019, December
                  8-14, 2019, Vancouver, BC, Canada},
  pages        = {3513--3526},
  year         = {2019},
  timestamp    = {Thu, 07 Jul 2022 13:03:11 +0200},
}

@article{Right_to_be_Forgotten,
  author       = {Dawen Zhang and
                  Pamela Finckenberg{-}Broman and
                  Thong Hoang and
                  Shidong Pan and
                  Zhenchang Xing and
                  Mark Staples and
                  Xiwei Xu},
  title        = {Right to be Forgotten in the Era of Large Language Models: Implications,
                  Challenges, and Solutions},
  journal      = {CoRR},
  volume       = {abs/2307.03941},
  year         = {2023},
  eprinttype    = {arXiv},
  eprint       = {2307.03941},
  timestamp    = {Mon, 24 Jul 2023 16:32:58 +0200},
}

@inproceedings{f-Divergence,
  author       = {Yuqiao Wen and
                  Zichao Li and
                  Wenyu Du and
                  Lili Mou},
  editor       = {Anna Rogers and
                  Jordan L. Boyd{-}Graber and
                  Naoaki Okazaki},
  title        = {f-Divergence Minimization for Sequence-Level Knowledge Distillation},
  booktitle    = {Proceedings of the 61st Annual Meeting of the Association for Computational
                  Linguistics (Volume 1: Long Papers), {ACL} 2023, Toronto, Canada,
                  July 9-14, 2023},
  pages        = {10817--10834},
  publisher    = {Association for Computational Linguistics},
  year         = {2023},
  timestamp    = {Thu, 10 Aug 2023 12:36:00 +0200},
}

@article{Hurt,
  author       = {Jia{-}Chen Gu and
                  Hao{-}Xiang Xu and
                  Jun{-}Yu Ma and
                  Pan Lu and
                  Zhen{-}Hua Ling and
                  Kai{-}Wei Chang and
                  Nanyun Peng},
  title        = {Model Editing Can Hurt General Abilities of Large Language Models},
  journal      = {CoRR},
  volume       = {abs/2401.04700},
  year         = {2024},
  eprinttype    = {arXiv},
  eprint       = {2401.04700},
  timestamp    = {Wed, 24 Jan 2024 16:19:32 +0100},
}

@inproceedings{rouge,
  title={Rouge: A package for automatic evaluation of summaries},
  author={Lin, Chin-Yew},
  booktitle={Text summarization branches out},
  pages={74--81},
  year={2004}
}

@inproceedings{DPO,
  author       = {Rafael Rafailov and
                  Archit Sharma and
                  Eric Mitchell and
                  Christopher D. Manning and
                  Stefano Ermon and
                  Chelsea Finn},
  editor       = {Alice Oh and
                  Tristan Naumann and
                  Amir Globerson and
                  Kate Saenko and
                  Moritz Hardt and
                  Sergey Levine},
  title        = {Direct Preference Optimization: Your Language Model is Secretly a
                  Reward Model},
  booktitle    = {Advances in Neural Information Processing Systems 36: Annual Conference
                  on Neural Information Processing Systems 2023, NeurIPS 2023, New Orleans,
                  LA, USA, December 10 - 16, 2023},
  year         = {2023},
  timestamp    = {Fri, 01 Mar 2024 16:26:20 +0100},
}

@article{f1,
  author       = {Peter Christen and
                  David J. Hand and
                  Nishadi Kirielle},
  title        = {A Review of the F-Measure: Its History, Properties, Criticism, and
                  Alternatives},
  journal      = {{ACM} Comput. Surv.},
  volume       = {56},
  number       = {3},
  pages        = {73:1--73:24},
  year         = {2024},
  timestamp    = {Sun, 10 Dec 2023 17:01:01 +0100},
}

@inproceedings{Chaff,
  author       = {Xinshuo Hu and
                  Dongfang Li and
                  Baotian Hu and
                  Zihao Zheng and
                  Zhenyu Liu and
                  Min Zhang},
  editor       = {Michael J. Wooldridge and
                  Jennifer G. Dy and
                  Sriraam Natarajan},
  title        = {Separate the Wheat from the Chaff: Model Deficiency Unlearning via
                  Parameter-Efficient Module Operation},
  booktitle    = {Thirty-Eighth {AAAI} Conference on Artificial Intelligence, {AAAI}
                  2024, Thirty-Sixth Conference on Innovative Applications of Artificial
                  Intelligence, {IAAI} 2024, Fourteenth Symposium on Educational Advances
                  in Artificial Intelligence, {EAAI} 2014, February 20-27, 2024, Vancouver,
                  Canada},
  pages        = {18252--18260},
  publisher    = {{AAAI} Press},
  year         = {2024},
  timestamp    = {Wed, 10 Apr 2024 12:04:32 +0200},
}

@inproceedings{entropies,
  author       = {Yizhe Zhang and
                  Michel Galley and
                  Jianfeng Gao and
                  Zhe Gan and
                  Xiujun Li and
                  Chris Brockett and
                  Bill Dolan},
  title        = {Generating Informative and Diverse Conversational Responses via Adversarial
                  Information Maximization},
  booktitle    = {Advances in Neural Information Processing Systems 31:  NeurIPS 2018, Dec
                  3-8, 2018, Canada},
  pages        = {1815--1825},
}

@book{fim_2007,
  title={Methods of information geometry},
  author={Amari, Shun-ichi and Nagaoka, Hiroshi},
  volume={191},
  year={2000},
  publisher={American Mathematical Soc.}
}

@inproceedings{Recall_of_Factual,
  author       = {Mor Geva and
                  Jasmijn Bastings and
                  Katja Filippova and
                  Amir Globerson},
  title        = {Dissecting Recall of Factual Associations in Auto-Regressive Language
                  Models},
  booktitle    = {Proceedings of the 2023 Conference on Empirical Methods in Natural
                  Language Processing, {EMNLP} 2023, Singapore, December 6-10, 2023},
  pages        = {12216--12235},
}

