@inproceedings{kmeansplusplus,
  author = {Arthur, David and Vassilvitskii, Sergei},
  booktitle = {SODA '07: Proceedings of the eighteenth annual ACM-SIAM symposium on Discrete algorithms},
  description = {A very precise implementation of k-means with carefull seeding},
  location = {New Orleans, Louisiana},
  pages = {1027--1035},
  timestamp = {2010-01-19T11:49:24.000+0100},
  title = {k-means++: the advantages of careful seeding},
  year = 2007
}

@article{Hartigan79,
 author = {J. A. Hartigan and M. A. Wong},
 journal = {Journal of the Royal Statistical Society. Series C (Applied Statistics)},
 number = {1},
 pages = {100--108},
 publisher = {[Royal Statistical Society, Oxford University Press]},
 title = {Algorithm AS 136: A K-Means Clustering Algorithm},
 urldate = {2025-01-20},
 volume = {28},
 year = {1979}
}

@article{JMLR:v21:18-804,
  author  = {Yating Liu and Gilles Pag\`es},
  title   = {Convergence Rate of Optimal Quantization and Application to the Clustering Performance of the Empirical Measure},
  journal = {Journal of Machine Learning Research},
  year    = {2020},
  volume  = {21},
  number  = {86},
  pages   = {1--36}
}

@article{COCV_2012,
     author = {Kloeckner, Beno{\^\i}t},
     title = {Approximation by finitely supported measures},
     journal = {ESAIM: Control, Optimisation and Calculus of Variations},
     pages = {343--359},
     publisher = {EDP-Sciences},
     volume = {18},
     number = {2},
     year = {2012}
}

@article{GKL19, author = {Gournay, Fr\'{e}d\'{e}ric and Kahn, Jonas and Lebrat, L\'{e}o}, title = {Differentiation and regularity of semi-discrete optimal transport with respect to the parameters of the discrete measure}, year = {2019},
publisher = {Springer-Verlag}, address = {Berlin, Heidelberg},
volume = {141}, number = {2}
, journal = {Numer. Math.},
pages = {429-453},
numpages = {25}
}

@ARTICLE{10740308,
  author={Montesuma, Eduardo Fernandes and Mboula, Fred Maurice Ngol‚àö¬Æ and Souloumiac, Antoine},
  journal={IEEE Transactions on Pattern Analysis and Machine Intelligence}, 
  title={Recent Advances in Optimal Transport for Machine Learning}, 
  year={2024},
  volume={},
  number={},
  pages={1-20}
  }

@article{doi:10.1137/17M1140431,
author = {Schmitz, Morgan A. and Heitz, Matthieu and Bonneel, Nicolas and Ngol\`{e}, Fred and Coeurjolly, David and Cuturi, Marco and Peyr\'{e}, Gabriel and Starck, Jean-Luc},
title = {Wasserstein Dictionary Learning: Optimal Transport-Based Unsupervised Nonlinear Dictionary Learning},
journal = {SIAM Journal on Imaging Sciences},
volume = {11},
number = {1},
pages = {643-678},
year = {2018},
}

@InProceedings{pmlr-v70-arjovsky17a,
  title = 	 {{W}asserstein Generative Adversarial Networks},
  author =       {Martin Arjovsky and Soumith Chintala and L{\'e}on Bottou},
  booktitle = 	 {Proceedings of the 34th International Conference on Machine Learning},
  pages = 	 {214--223},
  year = 	 {2017},
  editor = 	 {Precup, Doina and Teh, Yee Whye},
  volume = 	 {70},
  series = 	 {Proceedings of Machine Learning Research},
  month = 	 {06--11 Aug},
  publisher =    {PMLR},
  pdf = 	 {http://proceedings.mlr.press/v70/arjovsky17a/arjovsky17a.pdf},
  url = 	 {https://proceedings.mlr.press/v70/arjovsky17a.html},
  abstract = 	 {We introduce a new algorithm named WGAN, an alternative to traditional GAN training. In this new model, we show that we can improve the stability of learning, get rid of problems like mode collapse, and provide meaningful learning curves useful for debugging and hyperparameter searches. Furthermore, we show that the corresponding optimization problem is sound, and provide extensive theoretical work highlighting the deep connections to different distances between distributions.}
}


@InProceedings{pmlr-v97-gordaliza19a,
  title = 	 {Obtaining Fairness using Optimal Transport Theory},
  author =       {Gordaliza, Paula and Barrio, Eustasio Del and Fabrice, Gamboa and Loubes, Jean-Michel},
  booktitle = 	 {Proceedings of the 36th International Conference on Machine Learning},
  pages = 	 {2357--2365},
  year = 	 {2019},
  editor = 	 {Chaudhuri, Kamalika and Salakhutdinov, Ruslan},
  volume = 	 {97},
  series = 	 {Proceedings of Machine Learning Research},
  month = 	 {09--15 Jun},
  publisher =    {PMLR},
}

@article{flamary2021pot,
  author  = {R{\'e}mi Flamary and Nicolas Courty and Alexandre Gramfort and Mokhtar Z. Alaya and Aur{\'e}lie Boisbunon and Stanislas Chambon and Laetitia Chapel and Adrien Corenflos and Kilian Fatras and Nemo Fournier and L{\'e}o Gautheron and Nathalie T.H. Gayraud and Hicham Janati and Alain Rakotomamonjy and Ievgen Redko and Antoine Rolet and Antony Schutz and Vivien Seguy and Danica J. Sutherland and Romain Tavenard and Alexander Tong and Titouan Vayer},
  title   = {POT: Python Optimal Transport},
  journal = {Journal of Machine Learning Research},
  year    = {2021},
  volume  = {22},
  number  = {78},
  pages   = {1-8}
}


@ARTICLE{9477020,
  author={Fatras, Kilian and Damodaran, Bharath Bhushan and Lobry, Sylvain and Flamary, R‚àö¬©mi and Tuia, Devis and Courty, Nicolas},
  journal={IEEE Transactions on Pattern Analysis and Machine Intelligence}, 
  title={Wasserstein Adversarial Regularization for Learning With Label Noise}, 
  year={2022},
  volume={44},
  number={10},
  pages={7296-7306},
  keywords={Noise measurement;Training;Entropy;Neural networks;Task analysis;Smoothing methods;Semantics;Label noise;optimal transport;wasserstein distance;adversarial regularization},
  doi={10.1109/TPAMI.2021.3094662}}

@inproceedings{NIPS2015_a9eb8122,
 author = {Frogner, Charlie and Zhang, Chiyuan and Mobahi, Hossein and Araya, Mauricio and Poggio, Tomaso A},
 booktitle = {Advances in Neural Information Processing Systems},
 editor = {C. Cortes and N. Lawrence and D. Lee and M. Sugiyama and R. Garnett},
 pages = {},
 publisher = {Curran Associates, Inc.},
 title = {Learning with a Wasserstein Loss},
 url = {https://proceedings.neurips.cc/paper_files/paper/2015/file/a9eb812238f753132652ae09963a05e9-Paper.pdf},
 volume = {28},
 year = {2015}
}

@inproceedings{beugnot2021improving,
  title={Improving approximate optimal transport distances using quantization},
  author={Beugnot, Gaspard and Genevay, Aude and Greenewald, Kristjan and Solomon, Justin},
  booktitle={Uncertainty in artificial intelligence},
  pages={290--300},
  year={2021},
  organization={PMLR}
}

@inproceedings{aboagyeetal2022quantized,
    title = "Quantized {W}asserstein {P}rocrustes Alignment of Word Embedding Spaces",
    author = "Aboagye, Prince O  and
      Zheng, Yan  and
      Yeh, Michael  and
      Wang, Junpeng  and
      Zhuang, Zhongfang  and
      Chen, Huiyuan  and
      Wang, Liang  and
      Zhang, Wei  and
      Phillips, Jeff",
    editor = "Duh, Kevin  and
      Guzm{\'a}n, Francisco",
    booktitle = "Proceedings of the 15th biennial conference of the Association for Machine Translation in the Americas (Volume 1: Research Track)",
    year = "2022",
    pages = "200--214",
}

@inproceedings{kusner2015word,
  title={From word embeddings to document distances},
  author={Kusner, Matt and Sun, Yu and Kolkin, Nicholas and Weinberger, Kilian},
  booktitle={International conference on machine learning},
  pages={957--966},
  year={2015},
  organization={PMLR}
}


@article{khamis2024scalable,
  title={Scalable Optimal Transport Methods in Machine Learning: A Contemporary Survey},
  author={Khamis, Abdelwahed and Tsuchida, Russell and Tarek, Mohamed and Rolland, Vivien and Petersson, Lars},
  journal={IEEE Transactions on Pattern Analysis and Machine Intelligence},
  year={2024},
  publisher={IEEE}
}



@article{cazelles:hal-03115531,
  TITLE = {{The Wasserstein-Fourier Distance for Stationary Time Series}},
  AUTHOR = {Cazelles, Elsa and Robert, Arnaud and Tobar, Felipe},
  URL = {https://hal.science/hal-03115531},
  JOURNAL = {{IEEE Transactions on Signal Processing}},
  PUBLISHER = {{Institute of Electrical and Electronics Engineers}},
  VOLUME = {69},
  PAGES = {709-721},
  YEAR = {2021},
  MONTH = Jan,
  DOI = {10.1109/TSP.2020.3046227},
  KEYWORDS = {Machine learning},
  PDF = {https://hal.science/hal-03115531v1/file/Wasserstein-Fourier.pdf},
  HAL_ID = {hal-03115531},
  HAL_VERSION = {v1},
}

@ARTICLE{7974883,
  author={Kolouri, Soheil and Park, Se Rim and Thorpe, Matthew and Slepcev, Dejan and Rohde, Gustavo K.},
  journal={IEEE Signal Processing Magazine}, 
  title={Optimal Mass Transport: Signal processing and machine-learning applications}, 
  year={2017},
  volume={34},
  number={4},
  pages={43-59},
  keywords={Linear programming;Data models;Estimation;Probability density function;Transportation;Analytical models;Morphology}}

@article{JMLR:v13:gretton12a,
  author  = {Arthur Gretton and Karsten M. Borgwardt and Malte J. Rasch and Bernhard Sch{{\"o}}lkopf and Alexander Smola},
  title   = {A Kernel Two-Sample Test},
  journal = {Journal of Machine Learning Research},
  year    = {2012},
  volume  = {13},
  number  = {25},
  pages   = {723-773}
}

@article{kernelreview,
author = {Thomas Hofmann and Bernhard Sch{\"o}lkopf and Alexander J. Smola},
title = {{Kernel methods in machine learning}},
volume = {36},
journal = {The Annals of Statistics},
number = {3},
publisher = {Institute of Mathematical Statistics},
pages = {1171 -- 1220},
keywords = {graphical models, machine learning, reproducing kernels, Support vector machines},
year = {2008},
}

@ARTICLE{ariascastro2024,
      title={Embedding Distribution Data}, 
      author={Ery Arias-Castro and Wanli Qiao},
      journal={Annals of Statistics}, 
      year={2024},
      volume={To be published}}

@ARTICLE{bachoc17,
  author={Bachoc, François and Gamboa, Fabrice and Loubes, Jean-Michel and Venet, Nil},
  journal={IEEE Transactions on Information Theory}, 
  title={A {G}aussian Process Regression Model for Distribution Inputs}, 
  year={2018},
  volume={64},
  number={10},
  pages={6620-6637},
  keywords={Kernel;Gaussian processes;Random processes;Probability distribution;Space stations;Transportation;Predictive models;Gaussian process;positive definite kernel;kriging;Monge-Kantorovich distance;fractional Brownian motion},
  doi={10.1109/TIT.2017.2762322}}

@article{monge1781memoire,
  title={M{\'e}moire sur la th{\'e}orie des d{\'e}blais et des remblais},
  author={Monge, Gaspard},
  journal={Mem. Math. Phys. Acad. Royale Sci.},
  pages={666--704},
  year={1781}
}


@article{10.1214/20-EJS1725,
author = {Fran{\c{c}}ois Bachoc and Alexandra Suvorikova and David Ginsbourger and Jean-Michel Loubes and Vladimir Spokoiny},
title = {{Gaussian processes with multidimensional distribution inputs via optimal transport and {H}ilbertian embedding}},
volume = {14},
journal = {Electronic Journal of Statistics},
number = {2},
publisher = {Institute of Mathematical Statistics and Bernoulli Society},
pages = {2742 -- 2772},
keywords = {Hilbert space embeddings, kernel methods, Wasserstein distance},
year = {2020}
}

@InProceedings{pmlr-v162-meunier22b,
  title = 	 {Distribution Regression with Sliced {W}asserstein Kernels},
  author =       {Meunier, Dimitri and Pontil, Massimiliano and Ciliberto, Carlo},
  booktitle = 	 {Proceedings of the 39th International Conference on Machine Learning},
  pages = 	 {15501--15523},
  year = 	 {2022},
  volume = 	 {162},
  series = 	 {Proceedings of Machine Learning Research}
}


@InProceedings{pmlr-v31-poczos13a,
  title = 	 {Distribution-Free Distribution Regression},
  author = 	 {Poczos, Barnabas and Singh, Aarti and Rinaldo, Alessandro and Wasserman, Larry},
  booktitle = 	 {Proceedings of the Sixteenth International Conference on Artificial Intelligence and Statistics},
  pages = 	 {507--515},
  year = 	 {2013},
  volume = 	 {31},
  series = 	 {Proceedings of Machine Learning Research},
}


@article{JMLR:v17:14-510,
  author  = {Zolt{{\'a}}n Szab{{\'o}} and Bharath K. Sriperumbudur and Barnab{{\'a}}s P{{\'o}}czos and Arthur Gretton},
  title   = {Learning Theory for Distribution Regression},
  journal = {Journal of Machine Learning Research},
  year    = {2016},
  volume  = {17},
  number  = {152},
  pages   = {1--40}
}

@InProceedings{pmlr-v162-chatalic22a,
  title = 	 {{N}ystr{\"o}m Kernel Mean Embeddings},
  author =       {Chatalic, Antoine and Schreuder, Nicolas and Rosasco, Lorenzo and Rudi, Alessandro},
  booktitle = 	 {Proceedings of the 39th International Conference on Machine Learning},
  pages = 	 {3006--3024},
  year = 	 {2022},
  volume = 	 {162}
}


@article{gachon2024low,
  title={Low dimensional representation of multi-patient flow cytometry datasets using optimal transport for minimal residual disease detection in leukemia},
  author={Gachon, Erell and Bigot, J{\'e}r{\'e}mie and Cazelles, Elsa and Mimoun, Aguirre and Vial, Jean-Philippe},
  journal={arXiv preprint arXiv:2407.17329},
  year={2024}
}

@article{houdard2023gradient,
  title={On the Gradient Formula for learning Generative Models with Regularized Optimal Transport Costs},
  author={Houdard, Antoine and Leclaire, Arthur and Papadakis, Nicolas and Rabin, Julien},
  journal ={Transactions on Machine Learning Research Journal},
  year={2023}
}

@book{villani2009optimal,
  title={Optimal transport: old and new},
  author={Villani, C{\'e}dric},
  volume={338},
  year={2009},
  publisher={Springer}
}

@article{agueh2011barycenters,
  title={Barycenters in the {W}asserstein space},
  author={Agueh, Martial and Carlier, Guillaume},
  journal={SIAM Journal on Mathematical Analysis},
  volume={43},
  number={2},
  pages={904--924},
  year={2011},
  publisher={SIAM}
}

@article{chazal21,
author = {Fr{\'e}d{\'e}ric Chazal and Cl{\'e}ment Levrard and Martin Royer},
title = {{Clustering of measures via mean measure quantization}},
volume = {15},
journal = {Electronic Journal of Statistics},
number = {1},
publisher = {Institute of Mathematical Statistics and Bernoulli Society},
pages = {2060 -- 2104},
keywords = {clustering, quantization, topological data analysis},
year = {2021}
}

@inproceedings{royer2021atol,
  title={Atol: measure vectorization for automatic topologically-oriented learning},
  author={Royer, Martin and Chazal, Fr{\'e}d{\'e}ric and Levrard, Cl{\'e}ment and Umeda, Yuhei and Ike, Yuichi},
  booktitle={International Conference on Artificial Intelligence and Statistics},
  pages={1000--1008},
  year={2021},
  organization={PMLR}
}


@article{bigot2017geodesic,
author = {J{\'e}r{\'e}mie Bigot and Ra{\'u}l Gouet and Thierry Klein and Alfredo L{\'o}pez},
title = {{Geodesic {PCA} in the {W}asserstein space by convex {PCA}}},
volume = {53},
journal = {Annales de l'Institut Henri Poincar\'e, Probabilit\'es et Statistiques},
number = {1},
publisher = {Institut Henri Poincar\'e},
pages = {1-26},
year = {2017},
}


@article{cazelles2018geodesic,
  title={Geodesic {PCA} versus log-{PCA} of histograms in the {W}asserstein space},
  author={Cazelles, Elsa and Seguy, Vivien and Bigot, J{\'e}r{\'e}mie and Cuturi, Marco and Papadakis, Nicolas},
  journal={SIAM Journal on Scientific Computing},
  volume={40},
  number={2},
  pages={B429--B456},
  year={2018},
  publisher={SIAM}
}


@inproceedings{gatys2016image,
  title={Image style transfer using convolutional neural networks},
  author={Gatys, Leon A and Ecker, Alexander S and Bethge, Matthias},
  booktitle={Proceedings of the IEEE conference on computer vision and pattern recognition},
  pages={2414--2423},
  year={2016}
}



@article{ambrosio2004gradient,
  title={Gradient flows with metric and differentiable structures, and applications to the {W}asserstein space},
  author={Ambrosio, Luigi and Gigli, Nicola and Savar{\'e}, Giuseppe},
  journal={Atti della Accademia Nazionale dei Lincei. Classe di Scienze Fisiche, Matematiche e Naturali. Rendiconti Lincei. Matematica e Applicazioni},
  volume={15},
  number={3-4},
  pages={327--343},
  year={2004},
  publisher={Accademia Nazionale dei Lincei}
}

@book{ambrosio2008gradient,
  title={Gradient flows: in metric spaces and in the space of probability measures},
  author={Ambrosio, Luigi and Gigli, Nicola and Savar{\'e}, Giuseppe},
  year={2008},
  publisher={Springer Science \& Business Media}
}

@article{seguy2015principal,
  title={Principal geodesic analysis for probability measures under the optimal transport metric},
  author={Seguy, Vivien and Cuturi, Marco},
  journal={Advances in Neural Information Processing Systems},
  volume={28},
  year={2015}
}

@article{wang2013linear,
  title={A linear optimal transportation framework for quantifying and visualizing variations in sets of images},
  author={Wang, Wei and Slep{\v{c}}ev, Dejan and Basu, Saurav and Ozolek, John A. and Rohde, Gustavo K.},
  journal={International journal of computer vision},
  volume={101},
  pages={254--269},
  year={2013},
  publisher={Springer}
}

@article{moosmuller2023linear,
  title={Linear optimal transport embedding: provable {W}asserstein classification for certain rigid transformations and perturbations},
  author={Moosm{\"u}ller, Caroline and Cloninger, Alexander},
  journal={Information and Inference: A Journal of the IMA},
  volume={12},
  number={1},
  pages={363--389},
  year={2023},
  publisher={Oxford University Press}
}

@article{faber1994clustering,
  title={Clustering and the continuous k-means algorithm},
  author={Faber, Vance and others},
  journal={Los Alamos Science},
  volume={22},
  number={138144.21},
  pages={67},
  year={1994}
}


@book{villani2021topics,
  title={Topics in optimal transportation},
  author={Villani, C{\'e}dric},
  volume={58},
  year={2021},
  publisher={American Mathematical Soc.}
}

@inproceedings{merigot2020quantitative,
  title={Quantitative stability of optimal transport maps and linearization of the 2-{W}asserstein space},
  author={M{\'e}rigot, Quentin and Delalande, Alex and Chazal, Frederic},
  booktitle={International Conference on Artificial Intelligence and Statistics},
  pages={3186--3196},
  year={2020},
  organization={PMLR}
}

@article{delalande2023quantitative,
  title={Quantitative stability of optimal transport maps under variations of the target measure},
  author={Delalande, Alex and M\'erigot, Quentin},
  journal={Duke Mathematical Journal},
  volume={172},
  number={17},
  pages={3321--3357},
  year={2023},
  publisher={Duke University Press}
}

@article{gigli2011holder,
  title={On {H}{\"o}lder continuity-in-time of the optimal transport map towards measures along a curve},
  author={Gigli, Nicola},
  journal={Proceedings of the Edinburgh Mathematical Society},
  volume={54},
  number={2},
  pages={401--409},
  year={2011},
  publisher={Cambridge University Press}
}

@article{berman2021convergence,
  title={Convergence rates for discretized {M}onge--{A}mp{\`e}re equations and quantitative stability of optimal transport},
  author={Berman, Robert J},
  journal={Foundations of Computational Mathematics},
  volume={21},
  number={4},
  pages={1099--1140},
  year={2021},
  publisher={Springer}
}

@article{brenier1991polar,
  title={Polar factorization and monotone rearrangement of vector-valued functions},
  author={Brenier, Yann},
  journal={Communications on pure and applied mathematics},
  volume={44},
  number={4},
  pages={375--417},
  year={1991},
  publisher={Wiley Online Library}
}


@article{deb2021rates,
  title={Rates of estimation of optimal transport maps using plug-in estimators via barycentric projections},
  author={Deb, Nabarun and Ghosal, Promit and Sen, Bodhisattva},
  journal={Advances in Neural Information Processing Systems},
  volume={34},
  pages={29736--29753},
  year={2021}
}


@article{santambrogio2015optimal,
  title={Optimal transport for applied mathematicians},
  author={Santambrogio, Filippo},
  journal={Birk{\"a}user, NY},
  volume={55},
  number={58-63},
  pages={94},
  year={2015},
  publisher={Springer}
}

@article{peyre2019computational,
  title={Computational optimal transport: With applications to data science},
  author={Peyr{\'e}, Gabriel and Cuturi, Marco},
  journal={Foundations and Trends{\textregistered} in Machine Learning},
  volume={11},
  number={5-6},
  pages={355--607},
  year={2019},
  publisher={Now Publishers, Inc.}
}

@book{graf2000foundations,
  title={Foundations of quantization for probability distributions},
  author={Graf, Siegfried and Luschgy, Harald},
  year={2000},
  publisher={Springer Science \& Business Media}
}

@article{pages2015introduction,
  title={Introduction to vector quantization and its applications for numerics},
  author={Pag{\`e}s, Gilles},
  journal={ESAIM: proceedings and surveys},
  volume={48},
  pages={29--79},
  year={2015},
  publisher={EDP Sciences}
}

@article{wang2010optimal,
  title={An optimal transportation approach for nuclear structure-based pathology},
  author={Wang, Wei and Ozolek, John A and Slep{\v{c}}ev, Dejan and Lee, Ann B and Chen, Cheng and Rohde, Gustavo K},
  journal={IEEE transactions on medical imaging},
  volume={30},
  number={3},
  pages={621--631},
  year={2010},
  publisher={IEEE}
}

@article{courty2016optimal,
  title={Optimal transport for domain adaptation},
  author={Courty, Nicolas and Flamary, R{\'e}mi and Tuia, Devis and Rakotomamonjy, Alain},
  journal={IEEE transactions on pattern analysis and machine intelligence},
  volume={39},
  number={9},
  pages={1853--1865},
  year={2016},
  publisher={IEEE}
}

@article{schiebinger2019optimal,
  title={Optimal-transport analysis of single-cell gene expression identifies developmental trajectories in reprogramming},
  author={Schiebinger, Geoffrey and Shu, Jian and Tabaka, Marcin and Cleary, Brian and Subramanian, Vidya and Solomon, Aryeh and Gould, Joshua and Liu, Siyan and Lin, Stacie and Berube, Peter and others},
  journal={Cell},
  volume={176},
  number={4},
  pages={928--943},
  year={2019},
  publisher={Elsevier}
}

@inproceedings{rubner1997earth,
  title={The {E}arth mover's distance, multi-dimensional scaling, and color-based image retrieval},
  author={Rubner, Yossi and Guibas, Leonidas J and Tomasi, Carlo},
  booktitle={Proceedings of the ARPA image understanding workshop},
  volume={661},
  pages={668},
  year={1997}
}

@article{bruggner2014automated,
  title={Automated identification of stratifying signatures in cellular subpopulations},
  author={Bruggner, Robert V and Bodenmiller, Bernd and Dill, David L and Tibshirani, Robert J and Nolan, Garry P},
  journal={Proceedings of the National Academy of Sciences},
  volume={111},
  number={26},
  pages={E2770--E2777},
  year={2014},
  publisher={National Acad Sciences}
}

@article{garini2006spectral,
  title={Spectral imaging: principles and applications},
  author={Garini, Yuval and Young, Ian T and McNamara, George},
  journal={Cytometry part a: the journal of the international society for analytical cytology},
  volume={69},
  number={8},
  pages={735--747},
  year={2006},
  publisher={Wiley Online Library}
}

@article{mckinnon2018flow,
  title={Flow cytometry: an overview},
  author={McKinnon, Katherine M},
  journal={Current protocols in immunology},
  volume={120},
  number={1},
  pages={5--1},
  year={2018},
  publisher={Wiley Online Library}
}

@article{muandet2017kernel,
  title={Kernel mean embedding of distributions: A review and beyond},
  author={Muandet, Krikamol and Fukumizu, Kenji and Sriperumbudur, Bharath and Sch{\"o}lkopf, Bernhard and others},
  journal={Foundations and Trends{\textregistered} in Machine Learning},
  volume={10},
  number={1-2},
  pages={1--141},
  year={2017},
  publisher={Now Publishers, Inc.}
}

@article{sriperumbudur2010hilbert,
  title={{H}ilbert space embeddings and metrics on probability measures},
  author={Sriperumbudur, Bharath K and Gretton, Arthur and Fukumizu, Kenji and Sch{\"o}lkopf, Bernhard and Lanckriet, Gert RG},
  journal={The Journal of Machine Learning Research},
  volume={11},
  pages={1517--1561},
  year={2010},
  publisher={JMLR. org}
}

@article{lloyd1982least,
  title={Least squares quantization in {PCM}},
  author={Lloyd, Stuart},
  journal={IEEE transactions on information theory},
  volume={28},
  number={2},
  pages={129--137},
  year={1982},
  publisher={IEEE}
}

@article{le2017existence,
  title={Existence and consistency of {W}asserstein barycenters},
  author={Le Gouic, Thibaut and Loubes, Jean-Michel},
  journal={Probability Theory and Related Fields},
  volume={168},
  pages={901--917},
  year={2017},
  publisher={Springer}
}

@article{thrun2022flow,
  title={Flow cytometry datasets consisting of peripheral blood and bone marrow samples for the evaluation of explainable artificial intelligence methods},
  author={Thrun, Michael C and Hoffmann, J{\"o}rg and R{\"o}hnert, Maximilian and von Bonin, Malte and Oelschl{\"a}gel, Uta and Brendel, Cornelia and Ultsch, Alfred},
  journal={Data in Brief},
  volume={43},
  pages={108382},
  year={2022},
  publisher={Elsevier}
}

@article{rahimi2007random,
  title={Random features for large-scale kernel machines},
  author={Rahimi, Ali and Recht, Benjamin},
  journal={Advances in neural information processing systems},
  volume={20},
  year={2007}
}