@inproceedings{beugnot2021improving,
  title={Improving approximate optimal transport distances using quantization},
  author={Beugnot, Gaspard and Genevay, Aude and Greenewald, Kristjan and Solomon, Justin},
  booktitle={Uncertainty in artificial intelligence},
  pages={290--300},
  year={2021},
  organization={PMLR}
}

@article{chazal21,
author = {Fr{\'e}d{\'e}ric Chazal and Cl{\'e}ment Levrard and Martin Royer},
title = {{Clustering of measures via mean measure quantization}},
volume = {15},
journal = {Electronic Journal of Statistics},
number = {1},
publisher = {Institute of Mathematical Statistics and Bernoulli Society},
pages = {2060 -- 2104},
keywords = {clustering, quantization, topological data analysis},
year = {2021}
}

@InProceedings{pmlr-v162-chatalic22a,
  title = 	 {{N}ystr{\"o}m Kernel Mean Embeddings},
  author =       {Chatalic, Antoine and Schreuder, Nicolas and Rosasco, Lorenzo and Rudi, Alessandro},
  booktitle = 	 {Proceedings of the 39th International Conference on Machine Learning},
  pages = 	 {3006--3024},
  year = 	 {2022},
  volume = 	 {162}
}

@inproceedings{royer2021atol,
  title={Atol: measure vectorization for automatic topologically-oriented learning},
  author={Royer, Martin and Chazal, Fr{\'e}d{\'e}ric and Levrard, Cl{\'e}ment and Umeda, Yuhei and Ike, Yuichi},
  booktitle={International Conference on Artificial Intelligence and Statistics},
  pages={1000--1008},
  year={2021},
  organization={PMLR}
}

