% Use this file for citations not found in the ACL Anthology (contained in "anthology.bib").

% Introduction
@article{gao2024llm,
  title={LLM-enhanced Reranking in Recommender Systems},
  author={Gao, Jingtong and Chen, Bo and Zhao, Xiangyu and Liu, Weiwen and Li, Xiangyang and Wang, Yichao and Zhang, Zijian and Wang, Wanyu and Ye, Yuyang and Lin, Shanru and others},
  journal={arXiv preprint arXiv:2406.12433},
  year={2024}
}
@inproceedings{pei2019personalized,
  title={Personalized re-ranking for recommendation},
  author={Pei, Changhua and Zhang, Yi and Zhang, Yongfeng and Sun, Fei and Lin, Xiao and Sun, Hanxiao and Wu, Jian and Jiang, Peng and Ge, Junfeng and Ou, Wenwu and others},
  booktitle={Proceedings of the 13th ACM conference on recommender systems},
  pages={3--11},
  year={2019}
}
@inproceedings{zhang2024large,
  title={Large language models as evaluators for recommendation explanations},
  author={Zhang, Xiaoyu and Li, Yishan and Wang, Jiayin and Sun, Bowen and Ma, Weizhi and Sun, Peijie and Zhang, Min},
  booktitle={Proceedings of the 18th ACM Conference on Recommender Systems},
  pages={33--42},
  year={2024}
}

% Preliminary
@inproceedings{lin2004rouge,
  title={Rouge: A package for automatic evaluation of summaries},
  author={Lin, Chin-Yew},
  booktitle={Text summarization branches out},
  pages={74--81},
  year={2004}
}
@inproceedings{papineni2002bleu,
  title={Bleu: a method for automatic evaluation of machine translation},
  author={Papineni, Kishore and Roukos, Salim and Ward, Todd and Zhu, Wei-Jing},
  booktitle={Proceedings of the 40th annual meeting of the Association for Computational Linguistics},
  pages={311--318},
  year={2002}
}

% Related work
% ERS
@article{zhang2020explainable,
  title={Explainable recommendation: A survey and new perspectives},
  author={Zhang, Yongfeng and Chen, Xu and others},
  journal={Foundations and Trends{\textregistered} in Information Retrieval},
  volume={14},
  number={1},
  pages={1--101},
  year={2020},
  publisher={Now Publishers, Inc.}
}

@inproceedings{zhang2014explicit,
  title={Explicit factor models for explainable recommendation based on phrase-level sentiment analysis},
  author={Zhang, Yongfeng and Lai, Guokun and Zhang, Min and Zhang, Yi and Liu, Yiqun and Ma, Shaoping},
  booktitle={Proceedings of the 37th international ACM SIGIR conference on Research \& development in information retrieval},
  pages={83--92},
  year={2014}
}
@inproceedings{chen2016learning,
  title={Learning to rank features for recommendation over multiple categories},
  author={Chen, Xu and Qin, Zheng and Zhang, Yongfeng and Xu, Tao},
  booktitle={Proceedings of the 39th International ACM SIGIR conference on Research and Development in Information Retrieval},
  pages={305--314},
  year={2016}
}

@inproceedings{xian2019reinforcement,
  title={Reinforcement knowledge graph reasoning for explainable recommendation},
  author={Xian, Yikun and Fu, Zuohui and Muthukrishnan, Shan and De Melo, Gerard and Zhang, Yongfeng},
  booktitle={Proceedings of the 42nd international ACM SIGIR conference on research and development in information retrieval},
  pages={285--294},
  year={2019}
}
@inproceedings{wang2019explainable,
  title={Explainable reasoning over knowledge graphs for recommendation},
  author={Wang, Xiang and Wang, Dingxian and Xu, Canran and He, Xiangnan and Cao, Yixin and Chua, Tat-Seng},
  booktitle={Proceedings of the AAAI conference on artificial intelligence},
  pages={5329--5336},
  year={2019}
}

@inproceedings{li2020generate,
  title={Generate neural template explanations for recommendation},
  author={Li, Lei and Zhang, Yongfeng and Chen, Li},
  booktitle={Proceedings of the 29th ACM International Conference on Information \& Knowledge Management},
  pages={755--764},
  year={2020}
}
@article{li2021personalized,
  title={Personalized transformer for explainable recommendation},
  author={Li, Lei and Zhang, Yongfeng and Chen, Li},
  journal={arXiv preprint arXiv:2105.11601},
  year={2021}
}
@article{li2023personalized,
  title={Personalized prompt learning for explainable recommendation},
  author={Li, Lei and Zhang, Yongfeng and Chen, Li},
  journal={ACM Transactions on Information Systems},
  volume={41},
  number={4},
  pages={1--26},
  year={2023},
  publisher={ACM New York, NY, USA}
}

@article{cheng2023explainable,
  title={Explainable recommendation with personalized review retrieval and aspect learning},
  author={Cheng, Hao and Wang, Shuo and Lu, Wensheng and Zhang, Wei and Zhou, Mingyang and Lu, Kezhong and Liao, Hao},
  journal={arXiv preprint arXiv:2306.12657},
  year={2023}
}
@incollection{raczynski2023problem,
  title={The Problem of Coherence in Natural Language Explanations of Recommendations},
  author={Raczy{\'n}ski, Jakub and Lango, Mateusz and Stefanowski, Jerzy},
  booktitle={ECAI 2023},
  pages={1922--1929},
  year={2023},
  publisher={IOS Press}
}
@article{zhuang2024improving,
  title={Improving Faithfulness and Factuality with Contrastive Learning in Explainable Recommendation},
  author={Zhuang, Haojie and Zhang, Wei and Chen, Weitong and Yang, Jian and Sheng, Quan Z},
  journal={ACM Transactions on Intelligent Systems and Technology},
  year={2024},
  publisher={ACM New York, NY}
}
@inproceedings{zhou2024enhancing,
  title={Enhancing Explainable Rating Prediction through Annotated Macro Concepts},
  author={Zhou, Huachi and Zhou, Shuang and Chen, Hao and Liu, Ninghao and Yang, Fan and Huang, Xiao},
  booktitle={Proceedings of the 62nd Annual Meeting of the Association for Computational Linguistics (Volume 1: Long Papers)},
  pages={11736--11748},
  year={2024}
}
@inproceedings{yang2024fine,
  title={Fine-Tuning Large Language Model Based Explainable Recommendation with Explainable Quality Reward},
  author={Yang, Mengyuan and Zhu, Mengying and Wang, Yan and Chen, Linxun and Zhao, Yilei and Wang, Xiuyuan and Han, Bing and Zheng, Xiaolin and Yin, Jianwei},
  booktitle={Proceedings of the AAAI Conference on Artificial Intelligence},
  pages={9250--9259},
  year={2024}
}

@article{qin2024beyond,
  title={Beyond Persuasion: Towards Conversational Recommender System with Credible Explanations},
  author={Qin, Peixin and Huang, Chen and Deng, Yang and Lei, Wenqiang and Chua, Tat-Seng},
  journal={arXiv preprint arXiv:2409.14399},
  year={2024}
}

@article{luo2023unlocking,
  title={Unlocking the potential of large language models for explainable recommendations},
  author={Luo, Yucong and Cheng, Mingyue and Zhang, Hao and Lu, Junyu and Chen, Enhong},
  journal={arXiv preprint arXiv:2312.15661},
  year={2023}
}
@inproceedings{rahdari2024logic,
  title={Logic-scaffolding: Personalized aspect-instructed recommendation explanation generation using llms},
  author={Rahdari, Behnam and Ding, Hao and Fan, Ziwei and Ma, Yifei and Chen, Zhuotong and Deoras, Anoop and Kveton, Branislav},
  booktitle={Proceedings of the 17th ACM International Conference on Web Search and Data Mining},
  pages={1078--1081},
  year={2024}
}
@inproceedings{lei2024recexplainer,
  title={RecExplainer: Aligning Large Language Models for Explaining Recommendation Models},
  author={Lei, Yuxuan and Lian, Jianxun and Yao, Jing and Huang, Xu and Lian, Defu and Xie, Xing},
  booktitle={Proceedings of the 30th ACM SIGKDD Conference on Knowledge Discovery and Data Mining},
  pages={1530--1541},
  year={2024}
}
@article{ma2024xrec,
  title={XRec: Large Language Models for Explainable Recommendation},
  author={Ma, Qiyao and Ren, Xubin and Huang, Chao},
  journal={arXiv preprint arXiv:2406.02377},
  year={2024}
}

% Agent
@article{wang2024survey,
  title={A survey on large language model based autonomous agents},
  author={Wang, Lei and Ma, Chen and Feng, Xueyang and Zhang, Zeyu and Yang, Hao and Zhang, Jingsen and Chen, Zhiyuan and Tang, Jiakai and Chen, Xu and Lin, Yankai and others},
  journal={Frontiers of Computer Science},
  volume={18},
  number={6},
  pages={186345},
  year={2024},
  publisher={Springer}
}

@article{yao2022react,
  title={React: Synergizing reasoning and acting in language models},
  author={Yao, Shunyu and Zhao, Jeffrey and Yu, Dian and Du, Nan and Shafran, Izhak and Narasimhan, Karthik and Cao, Yuan},
  journal={arXiv preprint arXiv:2210.03629},
  year={2022}
}
@article{shinn2024reflexion,
  title={Reflexion: Language agents with verbal reinforcement learning},
  author={Shinn, Noah and Cassano, Federico and Gopinath, Ashwin and Narasimhan, Karthik and Yao, Shunyu},
  journal={Advances in Neural Information Processing Systems},
  volume={36},
  year={2024}
}
@article{schick2024toolformer,
  title={Toolformer: Language models can teach themselves to use tools},
  author={Schick, Timo and Dwivedi-Yu, Jane and Dess{\`\i}, Roberto and Raileanu, Roberta and Lomeli, Maria and Hambro, Eric and Zettlemoyer, Luke and Cancedda, Nicola and Scialom, Thomas},
  journal={Advances in Neural Information Processing Systems},
  volume={36},
  year={2024}
}

@article{qian2023communicative,
  title={Communicative agents for software development},
  author={Qian, Chen and Cong, Xin and Yang, Cheng and Chen, Weize and Su, Yusheng and Xu, Juyuan and Liu, Zhiyuan and Sun, Maosong},
  journal={arXiv preprint arXiv:2307.07924},
  volume={6},
  year={2023}
}
@article{wang2023voyager,
  title={Voyager: An open-ended embodied agent with large language models},
  author={Wang, Guanzhi and Xie, Yuqi and Jiang, Yunfan and Mandlekar, Ajay and Xiao, Chaowei and Zhu, Yuke and Fan, Linxi and Anandkumar, Anima},
  journal={arXiv preprint arXiv:2305.16291},
  year={2023}
}

@inproceedings{park2023generative,
  title={Generative agents: Interactive simulacra of human behavior},
  author={Park, Joon Sung and O'Brien, Joseph and Cai, Carrie Jun and Morris, Meredith Ringel and Liang, Percy and Bernstein, Michael S},
  booktitle={Proceedings of the 36th annual acm symposium on user interface software and technology},
  pages={1--22},
  year={2023}
}
@article{gao2023s,
  title={S3: Social-network Simulation System with Large Language Model-Empowered Agents},
  author={Gao, Chen and Lan, Xiaochong and Lu, Zhihong and Mao, Jinzhu and Piao, Jinghua and Wang, Huandong and Jin, Depeng and Li, Yong},
  journal={arXiv preprint arXiv:2307.14984},
  year={2023}
}
@article{liu2023training,
  title={Training socially aligned language models in simulated human society},
  author={Liu, Ruibo and Yang, Ruixin and Jia, Chenyan and Zhang, Ge and Zhou, Denny and Dai, Andrew M and Yang, Diyi and Vosoughi, Soroush},
  journal={arXiv preprint arXiv:2305.16960},
  year={2023}
}


@inproceedings{zhang2024agentcf,
  title={Agentcf: Collaborative learning with autonomous language agents for recommender systems},
  author={Zhang, Junjie and Hou, Yupeng and Xie, Ruobing and Sun, Wenqi and McAuley, Julian and Zhao, Wayne Xin and Lin, Leyu and Wen, Ji-Rong},
  booktitle={Proceedings of the ACM on Web Conference 2024},
  pages={3679--3689},
  year={2024}
}
@article{wang2023user,
  title={User behavior simulation with large language model based agents},
  author={Wang, Lei and Zhang, Jingsen and Yang, Hao and Chen, Zhiyuan and Tang, Jiakai and Zhang, Zeyu and Chen, Xu and Lin, Yankai and Song, Ruihua and Zhao, Wayne Xin and others},
  journal={arXiv preprint arXiv:2306.02552},
  year={2023}
}
@inproceedings{zhang2024generative,
  title={On generative agents in recommendation},
  author={Zhang, An and Chen, Yuxin and Sheng, Leheng and Wang, Xiang and Chua, Tat-Seng},
  booktitle={Proceedings of the 47th international ACM SIGIR conference on research and development in Information Retrieval},
  pages={1807--1817},
  year={2024}
}
@article{fang2024multi,
  title={A multi-agent conversational recommender system},
  author={Fang, Jiabao and Gao, Shen and Ren, Pengjie and Chen, Xiuying and Verberne, Suzan and Ren, Zhaochun},
  journal={arXiv preprint arXiv:2402.01135},
  year={2024}
}
@article{wang2023recmind,
  title={Recmind: Large language model powered agent for recommendation},
  author={Wang, Yancheng and Jiang, Ziyan and Chen, Zheng and Yang, Fan and Zhou, Yingxue and Cho, Eunah and Fan, Xing and Huang, Xiaojiang and Lu, Yanbin and Yang, Yingzhen},
  journal={arXiv preprint arXiv:2308.14296},
  year={2023}
}
@article{huang2023recommender,
  title={Recommender ai agent: Integrating large language models for interactive recommendations},
  author={Huang, Xu and Lian, Jianxun and Lei, Yuxuan and Yao, Jing and Lian, Defu and Xie, Xing},
  journal={arXiv preprint arXiv:2308.16505},
  year={2023}
}
@article{shu2024rah,
  title={RAH! RecSys--Assistant--Human: A Human-Centered Recommendation Framework With LLM Agents},
  author={Shu, Yubo and Zhang, Haonan and Gu, Hansu and Zhang, Peng and Lu, Tun and Li, Dongsheng and Gu, Ning},
  journal={IEEE Transactions on Computational Social Systems},
  year={2024},
  publisher={IEEE}
}

% Approach
% forward
@inproceedings{huang2022language,
  title={Language models as zero-shot planners: Extracting actionable knowledge for embodied agents},
  author={Huang, Wenlong and Abbeel, Pieter and Pathak, Deepak and Mordatch, Igor},
  booktitle={International conference on machine learning},
  pages={9118--9147},
  year={2022},
  organization={PMLR}
}
@article{wang2023describe,
  title={Describe, explain, plan and select: Interactive planning with large language models enables open-world multi-task agents},
  author={Wang, Zihao and Cai, Shaofei and Chen, Guanzhou and Liu, Anji and Ma, Xiaojian and Liang, Yitao},
  journal={arXiv preprint arXiv:2302.01560},
  year={2023}
}
@article{huang2022inner,
  title={Inner monologue: Embodied reasoning through planning with language models},
  author={Huang, Wenlong and Xia, Fei and Xiao, Ted and Chan, Harris and Liang, Jacky and Florence, Pete and Zeng, Andy and Tompson, Jonathan and Mordatch, Igor and Chebotar, Yevgen and others},
  journal={arXiv preprint arXiv:2207.05608},
  year={2022}
}
@inproceedings{shi2024large,
  title={Large language models are learnable planners for long-term recommendation},
  author={Shi, Wentao and He, Xiangnan and Zhang, Yang and Gao, Chongming and Li, Xinyue and Zhang, Jizhi and Wang, Qifan and Feng, Fuli},
  booktitle={Proceedings of the 47th International ACM SIGIR Conference on Research and Development in Information Retrieval},
  pages={1893--1903},
  year={2024}
}
@article{zhang2024survey,
  title={A survey on the memory mechanism of large language model based agents},
  author={Zhang, Zeyu and Bo, Xiaohe and Ma, Chen and Li, Rui and Chen, Xu and Dai, Quanyu and Zhu, Jieming and Dong, Zhenhua and Wen, Ji-Rong},
  journal={arXiv preprint arXiv:2404.13501},
  year={2024}
}

% Experiments
@article{cao2021cliff,
  title={CLIFF: Contrastive learning for improving faithfulness and factuality in abstractive summarization},
  author={Cao, Shuyang and Wang, Lu},
  journal={arXiv preprint arXiv:2109.09209},
  year={2021}
}
@inproceedings{xie2023factual,
  title={Factual and informative review generation for explainable recommendation},
  author={Xie, Zhouhang and Singh, Sameer and McAuley, Julian and Majumder, Bodhisattwa Prasad},
  booktitle={Proceedings of the AAAI Conference on Artificial Intelligence},
  pages={13816--13824},
  year={2023}
}
@inproceedings{jhamtani2018learning,
  title={Learning to generate move-by-move commentary for chess games from large-scale social forum data},
  author={Jhamtani, Harsh and Gangal, Varun and Hovy, Eduard and Neubig, Graham and Berg-Kirkpatrick, Taylor},
  booktitle={Proceedings of the 56th Annual Meeting of the Association for Computational Linguistics (Volume 1: Long Papers)},
  pages={1661--1671},
  year={2018}
}
@inproceedings{yang2021explanation,
  title={Explanation as a Defense of Recommendation},
  author={Yang, Aobo and Wang, Nan and Deng, Hongbo and Wang, Hongning},
  booktitle={Proceedings of the 14th ACM International Conference on Web Search and Data Mining},
  pages={1029--1037},
  year={2021}
}
@inproceedings{zhao2024aligning,
  title={Aligning Explanations for Recommendation with Rating and Feature via Maximizing Mutual Information},
  author={Zhao, Yurou and Sun, Yiding and Han, Ruidong and Jiang, Fei and Guan, Lu and Li, Xiang and Lin, Wei and Ma, Weizhi and Mao, Jiaxin},
  booktitle={Proceedings of the 33rd ACM International Conference on Information and Knowledge Management},
  pages={3374--3383},
  year={2024}
}
@inproceedings{zhao2024let,
  title={Let me do it for you: Towards llm empowered recommendation via tool learning},
  author={Zhao, Yuyue and Wu, Jiancan and Wang, Xiang and Tang, Wei and Wang, Dingxian and de Rijke, Maarten},
  booktitle={Proceedings of the 47th International ACM SIGIR Conference on Research and Development in Information Retrieval},
  pages={1796--1806},
  year={2024}
}
@inproceedings{zhou2024cognitive,
  title={Cognitive personalized search integrating large language models with an efficient memory mechanism},
  author={Zhou, Yujia and Zhu, Qiannan and Jin, Jiajie and Dou, Zhicheng},
  booktitle={Proceedings of the ACM on Web Conference 2024},
  pages={1464--1473},
  year={2024}
}
@inproceedings{sun2024large,
  title={Large Language Models Enhanced Collaborative Filtering},
  author={Sun, Zhongxiang and Si, Zihua and Zang, Xiaoxue and Zheng, Kai and Song, Yang and Zhang, Xiao and Xu, Jun},
  booktitle={Proceedings of the 33rd ACM International Conference on Information and Knowledge Management},
  pages={2178--2188},
  year={2024}
}