@article{cheng2023explainable,
  title={Explainable recommendation with personalized review retrieval and aspect learning},
  author={Cheng, Hao and Wang, Shuo and Lu, Wensheng and Zhang, Wei and Zhou, Mingyang and Lu, Kezhong and Liao, Hao},
  journal={arXiv preprint arXiv:2306.12657},
  year={2023}
}

@article{gao2023s,
  title={S3: Social-network Simulation System with Large Language Model-Empowered Agents},
  author={Gao, Chen and Lan, Xiaochong and Lu, Zhihong and Mao, Jinzhu and Piao, Jinghua and Wang, Huandong and Jin, Depeng and Li, Yong},
  journal={arXiv preprint arXiv:2307.14984},
  year={2023}
}

@article{huang2023recommender,
  title={Recommender ai agent: Integrating large language models for interactive recommendations},
  author={Huang, Xu and Lian, Jianxun and Lei, Yuxuan and Yao, Jing and Lian, Defu and Xie, Xing},
  journal={arXiv preprint arXiv:2308.16505},
  year={2023}
}

@inproceedings{lei2024recexplainer,
  title={RecExplainer: Aligning Large Language Models for Explaining Recommendation Models},
  author={Lei, Yuxuan and Lian, Jianxun and Yao, Jing and Huang, Xu and Lian, Defu and Xie, Xing},
  booktitle={Proceedings of the 30th ACM SIGKDD Conference on Knowledge Discovery and Data Mining},
  pages={1530--1541},
  year={2024}
}

@inproceedings{li2020generate,
  title={Generate neural template explanations for recommendation},
  author={Li, Lei and Zhang, Yongfeng and Chen, Li},
  booktitle={Proceedings of the 29th ACM International Conference on Information \& Knowledge Management},
  pages={755--764},
  year={2020}
}

@article{li2021personalized,
  title={Personalized transformer for explainable recommendation},
  author={Li, Lei and Zhang, Yongfeng and Chen, Li},
  journal={arXiv preprint arXiv:2105.11601},
  year={2021}
}

@article{li2023personalized,
  title={Personalized prompt learning for explainable recommendation},
  author={Li, Lei and Zhang, Yongfeng and Chen, Li},
  journal={ACM Transactions on Information Systems},
  volume={41},
  number={4},
  pages={1--26},
  year={2023},
  publisher={ACM New York, NY, USA}
}

@article{liu2023training,
  title={Training socially aligned language models in simulated human society},
  author={Liu, Ruibo and Yang, Ruixin and Jia, Chenyan and Zhang, Ge and Zhou, Denny and Dai, Andrew M and Yang, Diyi and Vosoughi, Soroush},
  journal={arXiv preprint arXiv:2305.16960},
  year={2023}
}

@article{luo2023unlocking,
  title={Unlocking the potential of large language models for explainable recommendations},
  author={Luo, Yucong and Cheng, Mingyue and Zhang, Hao and Lu, Junyu and Chen, Enhong},
  journal={arXiv preprint arXiv:2312.15661},
  year={2023}
}

@inproceedings{park2023generative,
  title={Generative agents: Interactive simulacra of human behavior},
  author={Park, Joon Sung and O'Brien, Joseph and Cai, Carrie Jun and Morris, Meredith Ringel and Liang, Percy and Bernstein, Michael S},
  booktitle={Proceedings of the 36th annual acm symposium on user interface software and technology},
  pages={1--22},
  year={2023}
}

@article{qian2023communicative,
  title={Communicative agents for software development},
  author={Qian, Chen and Cong, Xin and Yang, Cheng and Chen, Weize and Su, Yusheng and Xu, Juyuan and Liu, Zhiyuan and Sun, Maosong},
  journal={arXiv preprint arXiv:2307.07924},
  volume={6},
  year={2023}
}

@article{qin2024beyond,
  title={Beyond Persuasion: Towards Conversational Recommender System with Credible Explanations},
  author={Qin, Peixin and Huang, Chen and Deng, Yang and Lei, Wenqiang and Chua, Tat-Seng},
  journal={arXiv preprint arXiv:2409.14399},
  year={2024}
}

@incollection{raczynski2023problem,
  title={The Problem of Coherence in Natural Language Explanations of Recommendations},
  author={Raczy{\'n}ski, Jakub and Lango, Mateusz and Stefanowski, Jerzy},
  booktitle={ECAI 2023},
  pages={1922--1929},
  year={2023},
  publisher={IOS Press}
}

@article{schick2024toolformer,
  title={Toolformer: Language models can teach themselves to use tools},
  author={Schick, Timo and Dwivedi-Yu, Jane and Dess{\`\i}, Roberto and Raileanu, Roberta and Lomeli, Maria and Hambro, Eric and Zettlemoyer, Luke and Cancedda, Nicola and Scialom, Thomas},
  journal={Advances in Neural Information Processing Systems},
  volume={36},
  year={2024}
}

@article{shinn2024reflexion,
  title={Reflexion: Language agents with verbal reinforcement learning},
  author={Shinn, Noah and Cassano, Federico and Gopinath, Ashwin and Narasimhan, Karthik and Yao, Shunyu},
  journal={Advances in Neural Information Processing Systems},
  volume={36},
  year={2024}
}

@article{wang2023recmind,
  title={Recmind: Large language model powered agent for recommendation},
  author={Wang, Yancheng and Jiang, Ziyan and Chen, Zheng and Yang, Fan and Zhou, Yingxue and Cho, Eunah and Fan, Xing and Huang, Xiaojiang and Lu, Yanbin and Yang, Yingzhen},
  journal={arXiv preprint arXiv:2308.14296},
  year={2023}
}

@article{wang2023user,
  title={User behavior simulation with large language model based agents},
  author={Wang, Lei and Zhang, Jingsen and Yang, Hao and Chen, Zhiyuan and Tang, Jiakai and Zhang, Zeyu and Chen, Xu and Lin, Yankai and Song, Ruihua and Zhao, Wayne Xin and others},
  journal={arXiv preprint arXiv:2306.02552},
  year={2023}
}

@article{wang2023voyager,
  title={Voyager: An open-ended embodied agent with large language models},
  author={Wang, Guanzhi and Xie, Yuqi and Jiang, Yunfan and Mandlekar, Ajay and Xiao, Chaowei and Zhu, Yuke and Fan, Linxi and Anandkumar, Anima},
  journal={arXiv preprint arXiv:2305.16291},
  year={2023}
}

@article{wang2024survey,
  title={A survey on large language model based autonomous agents},
  author={Wang, Lei and Ma, Chen and Feng, Xueyang and Zhang, Zeyu and Yang, Hao and Zhang, Jingsen and Chen, Zhiyuan and Tang, Jiakai and Chen, Xu and Lin, Yankai and others},
  journal={Frontiers of Computer Science},
  volume={18},
  number={6},
  pages={186345},
  year={2024},
  publisher={Springer}
}

@inproceedings{yang2024fine,
  title={Fine-Tuning Large Language Model Based Explainable Recommendation with Explainable Quality Reward},
  author={Yang, Mengyuan and Zhu, Mengying and Wang, Yan and Chen, Linxun and Zhao, Yilei and Wang, Xiuyuan and Han, Bing and Zheng, Xiaolin and Yin, Jianwei},
  booktitle={Proceedings of the AAAI Conference on Artificial Intelligence},
  pages={9250--9259},
  year={2024}
}

@article{yao2022react,
  title={React: Synergizing reasoning and acting in language models},
  author={Yao, Shunyu and Zhao, Jeffrey and Yu, Dian and Du, Nan and Shafran, Izhak and Narasimhan, Karthik and Cao, Yuan},
  journal={arXiv preprint arXiv:2210.03629},
  year={2022}
}

@article{zhang2020explainable,
  title={Explainable recommendation: A survey and new perspectives},
  author={Zhang, Yongfeng and Chen, Xu and others},
  journal={Foundations and Trends{\textregistered} in Information Retrieval},
  volume={14},
  number={1},
  pages={1--101},
  year={2020},
  publisher={Now Publishers, Inc.}
}

@inproceedings{zhang2024agentcf,
  title={Agentcf: Collaborative learning with autonomous language agents for recommender systems},
  author={Zhang, Junjie and Hou, Yupeng and Xie, Ruobing and Sun, Wenqi and McAuley, Julian and Zhao, Wayne Xin and Lin, Leyu and Wen, Ji-Rong},
  booktitle={Proceedings of the ACM on Web Conference 2024},
  pages={3679--3689},
  year={2024}
}

@inproceedings{zhang2024generative,
  title={On generative agents in recommendation},
  author={Zhang, An and Chen, Yuxin and Sheng, Leheng and Wang, Xiang and Chua, Tat-Seng},
  booktitle={Proceedings of the 47th international ACM SIGIR conference on research and development in Information Retrieval},
  pages={1807--1817},
  year={2024}
}

@inproceedings{zhou2024enhancing,
  title={Enhancing Explainable Rating Prediction through Annotated Macro Concepts},
  author={Zhou, Huachi and Zhou, Shuang and Chen, Hao and Liu, Ninghao and Yang, Fan and Huang, Xiao},
  booktitle={Proceedings of the 62nd Annual Meeting of the Association for Computational Linguistics (Volume 1: Long Papers)},
  pages={11736--11748},
  year={2024}
}

@article{zhuang2024improving,
  title={Improving Faithfulness and Factuality with Contrastive Learning in Explainable Recommendation},
  author={Zhuang, Haojie and Zhang, Wei and Chen, Weitong and Yang, Jian and Sheng, Quan Z},
  journal={ACM Transactions on Intelligent Systems and Technology},
  year={2024},
  publisher={ACM New York, NY}
}

