@article{advani2020high,
  title={High-dimensional dynamics of generalization error in neural networks},
  author={Advani, Madhu S and Saxe, Andrew M and Sompolinsky, Haim},
  journal={Neural Networks},
  volume={132},
  pages={428--446},
  year={2020},
  publisher={Elsevier}
}

@article{asanuma2021statistical,
  title={Statistical mechanical analysis of catastrophic forgetting in continual learning with teacher and student networks},
  author={Asanuma, Haruka and Takagi, Shiro and Nagano, Yoshihiro and Yoshida, Yuki and Igarashi, Yasuhiko and Okada, Masato},
  journal={Journal of the Physical Society of Japan},
  volume={90},
  number={10},
  pages={104001},
  year={2021},
  publisher={The Physical Society of Japan}
}

@article{bahri2020statistical,
  title={Statistical mechanics of deep learning},
  author={Bahri, Yasaman and Kadmon, Jonathan and Pennington, Jeffrey and Schoenholz, Sam S and Sohl-Dickstein, Jascha and Ganguli, Surya},
  journal={Annual Review of Condensed Matter Physics},
  volume={11},
  pages={501--528},
  year={2020},
  publisher={Annual Reviews}
}

@article{bell2022effect,
  title={The effect of task ordering in continual learning},
  author={Bell, Samuel J and Lawrence, Neil D},
  journal={arXiv preprint arXiv:2205.13323},
  year={2022}
}

@article{elman1993learning,
  title={Learning and development in neural networks: The importance of starting small},
  author={Elman, Jeffrey L},
  journal={Cognition},
  volume={48},
  number={1},
  pages={71--99},
  year={1993},
  publisher={Elsevier}
}

@inproceedings{evron2022catastrophic,
  title={How catastrophic can catastrophic forgetting be in linear regression?},
  author={Evron, Itay and Moroshko, Edward and Ward, Rachel and Srebro, Nathan and Soudry, Daniel},
  booktitle={Conference on Learning Theory},
  pages={4028--4079},
  year={2022},
  organization={PMLR}
}

@inproceedings{evron2023continual,
  title={Continual learning in linear classification on separable data},
  author={Evron, Itay and Moroshko, Edward and Buzaglo, Gon and Khriesh, Maroun and Marjieh, Badea and Srebro, Nathan and Soudry, Daniel},
  booktitle={International Conference on Machine Learning},
  pages={9440--9484},
  year={2023},
  organization={PMLR}
}

@article{evron2024joint,
  title={The Joint Effect of Task Similarity and Overparameterization on Catastrophic Forgetting--An Analytical Model},
  author={Evron, Itay and Goldfarb, Daniel and Weinberger, Nir and Soudry, Daniel and Hand, Paul},
  journal={arXiv preprint arXiv:2401.12617},
  year={2024}
}

@article{gardner1989three,
  title={Three unfinished works on the optimal storage capacity of networks},
  author={Gardner, Elizabeth and Derrida, Bernard},
  journal={Journal of Physics A: Mathematical and General},
  volume={22},
  number={12},
  pages={1983},
  year={1989},
  publisher={IOP Publishing}
}

@inproceedings{goldfarb2023analysis,
  title={Analysis of catastrophic forgetting for random orthogonal transformation tasks in the overparameterized regime},
  author={Goldfarb, Daniel and Hand, Paul},
  booktitle={International Conference on Artificial Intelligence and Statistics},
  pages={2975--2993},
  year={2023},
  organization={PMLR}
}

@article{hiratani2024disentangling,
  title={Disentangling and Mitigating the Impact of Task Similarity for Continual Learning},
  author={Hiratani, Naoki},
  journal={arXiv preprint arXiv:2405.20236},
  year={2024}
}

@article{krueger2009flexible,
  title={Flexible shaping: How learning in small steps helps},
  author={Krueger, Kai A and Dayan, Peter},
  journal={Cognition},
  volume={110},
  number={3},
  pages={380--394},
  year={2009},
  publisher={Elsevier}
}

@inproceedings{lad2009toward,
  title={Toward optimal ordering of prediction tasks},
  author={Lad, Abhimanyu and Ghani, Rayid and Yang, Yiming and Kisiel, Bryan},
  booktitle={Proceedings of the 2009 SIAM International Conference on Data Mining},
  pages={884--893},
  year={2009},
  organization={SIAM}
}

@inproceedings{lee2021continual,
  title={Continual learning in the teacher-student setup: Impact of task similarity},
  author={Lee, Sebastian and Goldt, Sebastian and Saxe, Andrew},
  booktitle={International Conference on Machine Learning},
  pages={6109--6119},
  year={2021},
  organization={PMLR}
}

@article{li2023statistical,
  title={Statistical mechanics of continual learning: Variational principle and mean-field potential},
  author={Li, Chan and Huang, Zhenye and Zou, Wenxuan and Huang, Haiping},
  journal={Physical Review E},
  volume={108},
  number={1},
  pages={014309},
  year={2023},
  publisher={APS}
}

@inproceedings{lin2023theory,
  title={Theory on forgetting and generalization of continual learning},
  author={Lin, Sen and Ju, Peizhong and Liang, Yingbin and Shroff, Ness},
  booktitle={International Conference on Machine Learning},
  pages={21078--21100},
  year={2023},
  organization={PMLR}
}

@article{mori2024optimal,
  title={Optimal protocols for continual learning via statistical physics and control theory},
  author={Mori, Francesco and Mannelli, Stefano Sarao and Mignacco, Francesca},
  journal={arXiv preprint arXiv:2409.18061},
  year={2024}
}

@article{narvekar2020curriculum,
  title={Curriculum learning for reinforcement learning domains: A framework and survey},
  author={Narvekar, Sanmit and Peng, Bei and Leonetti, Matteo and Sinapov, Jivko and Taylor, Matthew E and Stone, Peter},
  journal={Journal of Machine Learning Research},
  volume={21},
  number={181},
  pages={1--50},
  year={2020}
}

@inproceedings{pentina2015curriculum,
  title={Curriculum learning of multiple tasks},
  author={Pentina, Anastasia and Sharmanska, Viktoriia and Lampert, Christoph H},
  booktitle={Proceedings of the IEEE conference on computer vision and pattern recognition},
  pages={5492--5500},
  year={2015}
}

@article{saad1995line,
  title={On-line learning in soft committee machines},
  author={Saad, David and Solla, Sara A},
  journal={Physical Review E},
  volume={52},
  number={4},
  pages={4225},
  year={1995},
  publisher={APS}
}

@article{saxe2013exact,
  title={Exact solutions to the nonlinear dynamics of learning in deep linear neural networks},
  author={Saxe, Andrew M and McClelland, James L and Ganguli, Surya},
  journal={arXiv preprint arXiv:1312.6120},
  year={2013}
}

@article{saxe2019mathematical,
  title={A mathematical theory of semantic development in deep neural networks},
  author={Saxe, Andrew M and McClelland, James L and Ganguli, Surya},
  journal={Proceedings of the National Academy of Sciences},
  volume={116},
  number={23},
  pages={11537--11546},
  year={2019},
  publisher={National Acad Sciences}
}

@article{seung1992statistical,
  title={Statistical mechanics of learning from examples},
  author={Seung, Hyunjune Sebastian and Sompolinsky, Haim and Tishby, Naftali},
  journal={Physical review A},
  volume={45},
  number={8},
  pages={6056},
  year={1992},
  publisher={APS}
}

@inproceedings{singh2023learning,
  title={Learning to Learn: How to Continuously Teach Humans and Machines},
  author={Singh, Parantak and Li, You and Sikarwar, Ankur and Lei, Stan Weixian and Gao, Difei and Talbot, Morgan B and Sun, Ying and Shou, Mike Zheng and Kreiman, Gabriel and Zhang, Mengmi},
  booktitle={Proceedings of the IEEE/CVF International Conference on Computer Vision},
  pages={11708--11719},
  year={2023}
}

@inproceedings{tian2021understanding,
  title={Understanding self-supervised learning dynamics without contrastive pairs},
  author={Tian, Yuandong and Chen, Xinlei and Ganguli, Surya},
  booktitle={International Conference on Machine Learning},
  pages={10268--10278},
  year={2021},
  organization={PMLR}
}

@article{werfel2003learning,
  title={Learning curves for stochastic gradient descent in linear feedforward networks},
  author={Werfel, Justin and Xie, Xiaohui and Seung, H},
  journal={Advances in neural information processing systems},
  volume={16},
  year={2003}
}

@article{zdeborova2016statistical,
  title={Statistical physics of inference: Thresholds and algorithms},
  author={Zdeborov{\'a}, Lenka and Krzakala, Florent},
  journal={Advances in Physics},
  volume={65},
  number={5},
  pages={453--552},
  year={2016},
  publisher={Taylor \& Francis}
}

