@inproceedings{tian2021understanding,
  title={Understanding self-supervised learning dynamics without contrastive pairs},
  author={Tian, Yuandong and Chen, Xinlei and Ganguli, Surya},
  booktitle={International Conference on Machine Learning},
  pages={10268--10278},
  year={2021},
  organization={PMLR}
}

@article{advani2020high,
  title={High-dimensional dynamics of generalization error in neural networks},
  author={Advani, Madhu S and Saxe, Andrew M and Sompolinsky, Haim},
  journal={Neural Networks},
  volume={132},
  pages={428--446},
  year={2020},
  publisher={Elsevier}
}

@article{bell2022effect,
  title={The effect of task ordering in continual learning},
  author={Bell, Samuel J and Lawrence, Neil D},
  journal={arXiv preprint arXiv:2205.13323},
  year={2022}
}

@inproceedings{french1999modelling,
  title={Modelling time perception in rats: evidence for catastrophic interference in animal learning},
  author={French, R and Ferrara, Andr{\'e}},
  booktitle={21st Congress of Cognitive Sciences},
  year={1999}
}

@inproceedings{lad2009toward,
  title={Toward optimal ordering of prediction tasks},
  author={Lad, Abhimanyu and Ghani, Rayid and Yang, Yiming and Kisiel, Bryan},
  booktitle={Proceedings of the 2009 SIAM International Conference on Data Mining},
  pages={884--893},
  year={2009},
  organization={SIAM}
}

@article{losey2024learning,
  title={Learning leaves a memory trace in motor cortex},
  author={Losey, Darby M and Hennig, Jay A and Oby, Emily R and Golub, Matthew D and Sadtler, Patrick T and Quick, Kristin M and Ryu, Stephen I and Tyler-Kabara, Elizabeth C and Batista, Aaron P and Byron, M Yu and others},
  journal={Current Biology},
  volume={34},
  number={7},
  pages={1519--1531},
  year={2024},
  publisher={Elsevier}
}

@article{merhav2014neocortical,
  title={Neocortical catastrophic interference in healthy and amnesic adults: A paradoxical matter of time},
  author={Merhav, Maayan and Karni, Avi and Gilboa, Asaf},
  journal={Hippocampus},
  volume={24},
  number={12},
  pages={1653--1662},
  year={2014},
  publisher={Wiley Online Library}
}


@article{asanuma2021statistical,
  title={Statistical mechanical analysis of catastrophic forgetting in continual learning with teacher and student networks},
  author={Asanuma, Haruka and Takagi, Shiro and Nagano, Yoshihiro and Yoshida, Yuki and Igarashi, Yasuhiko and Okada, Masato},
  journal={Journal of the Physical Society of Japan},
  volume={90},
  number={10},
  pages={104001},
  year={2021},
  publisher={The Physical Society of Japan}
}

@article{bahri2020statistical,
  title={Statistical mechanics of deep learning},
  author={Bahri, Yasaman and Kadmon, Jonathan and Pennington, Jeffrey and Schoenholz, Sam S and Sohl-Dickstein, Jascha and Ganguli, Surya},
  journal={Annual Review of Condensed Matter Physics},
  volume={11},
  pages={501--528},
  year={2020},
  publisher={Annual Reviews}
}

@article{balle2016end,
  title={End-to-end optimized image compression},
  author={Ball{\'e}, Johannes and Laparra, Valero and Simoncelli, Eero P},
  journal={arXiv preprint arXiv:1611.01704},
  year={2016}
}

@article{bennani2020generalisation,
  title={Generalisation guarantees for continual learning with orthogonal gradient descent},
  author={Bennani, Mehdi Abbana and Doan, Thang and Sugiyama, Masashi},
  journal={arXiv preprint arXiv:2006.11942},
  year={2020}
}

@article{chowdhery2023palm,
  title={Palm: Scaling language modeling with pathways},
  author={Chowdhery, Aakanksha and Narang, Sharan and Devlin, Jacob and Bosma, Maarten and Mishra, Gaurav and Roberts, Adam and Barham, Paul and Chung, Hyung Won and Sutton, Charles and Gehrmann, Sebastian and others},
  journal={Journal of Machine Learning Research},
  volume={24},
  number={240},
  pages={1--113},
  year={2023}
}

@inproceedings{chen2022memory,
  title={Memory bounds for continual learning},
  author={Chen, Xi and Papadimitriou, Christos and Peng, Binghui},
  booktitle={2022 IEEE 63rd Annual Symposium on Foundations of Computer Science (FOCS)},
  pages={519--530},
  year={2022},
  organization={IEEE}
}

@article{cohen2020separability,
  title={Separability and geometry of object manifolds in deep neural networks},
  author={Cohen, Uri and Chung, SueYeon and Lee, Daniel D and Sompolinsky, Haim},
  journal={Nature communications},
  volume={11},
  number={1},
  pages={746},
  year={2020},
  publisher={Nature Publishing Group UK London}
}

@article{dhifallah2021phase,
  title={Phase transitions in transfer learning for high-dimensional perceptrons},
  author={Dhifallah, Oussama and Lu, Yue M},
  journal={Entropy},
  volume={23},
  number={4},
  pages={400},
  year={2021},
  publisher={MDPI}
}

@inproceedings{doan2021theoretical,
  title={A theoretical analysis of catastrophic forgetting through the ntk overlap matrix},
  author={Doan, Thang and Bennani, Mehdi Abbana and Mazoure, Bogdan and Rabusseau, Guillaume and Alquier, Pierre},
  booktitle={International Conference on Artificial Intelligence and Statistics},
  pages={1072--1080},
  year={2021},
  organization={PMLR}
}

@article{dohare2024loss,
  title={Loss of plasticity in deep continual learning},
  author={Dohare, Shibhansh and Hernandez-Garcia, J Fernando and Lan, Qingfeng and Rahman, Parash and Mahmood, A Rupam and Sutton, Richard S},
  journal={Nature},
  volume={632},
  number={8026},
  pages={768--774},
  year={2024},
  publisher={Nature Publishing Group UK London}
}

@inproceedings{draelos2017neurogenesis,
  title={Neurogenesis deep learning: Extending deep networks to accommodate new classes},
  author={Draelos, Timothy J and Miner, Nadine E and Lamb, Christopher C and Cox, Jonathan A and Vineyard, Craig M and Carlson, Kristofor D and Severa, William M and James, Conrad D and Aimone, James B},
  booktitle={2017 international joint conference on neural networks (IJCNN)},
  pages={526--533},
  year={2017},
  organization={IEEE}
}

@article{ehret2020continual,
  title={Continual learning in recurrent neural networks},
  author={Ehret, Benjamin and Henning, Christian and Cervera, Maria R and Meulemans, Alexander and Von Oswald, Johannes and Grewe, Benjamin F},
  journal={arXiv preprint arXiv:2006.12109},
  year={2020}
}

@article{elman1993learning,
  title={Learning and development in neural networks: The importance of starting small},
  author={Elman, Jeffrey L},
  journal={Cognition},
  volume={48},
  number={1},
  pages={71--99},
  year={1993},
  publisher={Elsevier}
}

@inproceedings{evron2022catastrophic,
  title={How catastrophic can catastrophic forgetting be in linear regression?},
  author={Evron, Itay and Moroshko, Edward and Ward, Rachel and Srebro, Nathan and Soudry, Daniel},
  booktitle={Conference on Learning Theory},
  pages={4028--4079},
  year={2022},
  organization={PMLR}
}

@inproceedings{evron2023continual,
  title={Continual learning in linear classification on separable data},
  author={Evron, Itay and Moroshko, Edward and Buzaglo, Gon and Khriesh, Maroun and Marjieh, Badea and Srebro, Nathan and Soudry, Daniel},
  booktitle={International Conference on Machine Learning},
  pages={9440--9484},
  year={2023},
  organization={PMLR}
}

@article{evron2024joint,
  title={The Joint Effect of Task Similarity and Overparameterization on Catastrophic Forgetting--An Analytical Model},
  author={Evron, Itay and Goldfarb, Daniel and Weinberger, Nir and Soudry, Daniel and Hand, Paul},
  journal={arXiv preprint arXiv:2401.12617},
  year={2024}
}

@software{flax2020github,
  author = {Jonathan Heek and Anselm Levskaya and Avital Oliver and Marvin Ritter and Bertrand Rondepierre and Andreas Steiner and Marc van {Z}ee},
  title = {{F}lax: A neural network library and ecosystem for {JAX}},
  url = {http://github.com/google/flax},
  version = {0.10.2},
  year = {2024},
}

@inproceedings{french1991using,
  title={Using semi-distributed representations to overcome catastrophic forgetting in connectionist networks},
  author={French, Robert M},
  booktitle={Proceedings of the 13th annual cognitive science society conference},
  volume={1},
  pages={173--178},
  year={1991}
}

@article{french1999catastrophic,
  title={Catastrophic forgetting in connectionist networks},
  author={French, Robert M},
  journal={Trends in cognitive sciences},
  volume={3},
  number={4},
  pages={128--135},
  year={1999},
  publisher={Elsevier}
}

@article{gardner1989three,
  title={Three unfinished works on the optimal storage capacity of networks},
  author={Gardner, Elizabeth and Derrida, Bernard},
  journal={Journal of Physics A: Mathematical and General},
  volume={22},
  number={12},
  pages={1983},
  year={1989},
  publisher={IOP Publishing}
}


@article{golkar2019continual,
  title={Continual learning via neural pruning},
  author={Golkar, Siavash and Kagan, Michael and Cho, Kyunghyun},
  journal={arXiv preprint arXiv:1903.04476},
  year={2019}
}

@inproceedings{goldfarb2023analysis,
  title={Analysis of catastrophic forgetting for random orthogonal transformation tasks in the overparameterized regime},
  author={Goldfarb, Daniel and Hand, Paul},
  booktitle={International Conference on Artificial Intelligence and Statistics},
  pages={2975--2993},
  year={2023},
  organization={PMLR}
}

@article{goodfellow2013empirical,
  title={An empirical investigation of catastrophic forgetting in gradient-based neural networks},
  author={Goodfellow, Ian J and Mirza, Mehdi and Xiao, Da and Courville, Aaron and Bengio, Yoshua},
  journal={arXiv preprint arXiv:1312.6211},
  year={2013}
}

@inproceedings{guo2018dynamic,
  title={Dynamic task prioritization for multitask learning},
  author={Guo, Michelle and Haque, Albert and Huang, De-An and Yeung, Serena and Fei-Fei, Li},
  booktitle={Proceedings of the European conference on computer vision (ECCV)},
  pages={270--287},
  year={2018}
}

@article{hadsell2020embracing,
  title={Embracing change: Continual learning in deep neural networks},
  author={Hadsell, Raia and Rao, Dushyant and Rusu, Andrei A and Pascanu, Razvan},
  journal={Trends in cognitive sciences},
  volume={24},
  number={12},
  pages={1028--1040},
  year={2020},
  publisher={Elsevier}
}

@inproceedings{heckel2022provable,
  title={Provable continual learning via sketched Jacobian approximations},
  author={Heckel, Reinhard},
  booktitle={International Conference on Artificial Intelligence and Statistics},
  pages={10448--10470},
  year={2022},
  organization={PMLR}
}

@book{helias2020statistical,
  title={Statistical field theory for neural networks},
  author={Helias, Moritz and Dahmen, David},
  volume={970},
  year={2020},
  publisher={Springer}
}

@article{hiratani2024disentangling,
  title={Disentangling and Mitigating the Impact of Task Similarity for Continual Learning},
  author={Hiratani, Naoki},
  journal={arXiv preprint arXiv:2405.20236},
  year={2024}
}


@article{hoffmann2022training,
  title={Training compute-optimal large language models},
  author={Hoffmann, Jordan and Borgeaud, Sebastian and Mensch, Arthur and Buchatskaya, Elena and Cai, Trevor and Rutherford, Eliza and Casas, Diego de Las and Hendricks, Lisa Anne and Welbl, Johannes and Clark, Aidan and others},
  journal={arXiv preprint arXiv:2203.15556},
  year={2022}
}

@article{ke2020continual,
  title={Continual learning of a mixed sequence of similar and dissimilar tasks},
  author={Ke, Zixuan and Liu, Bing and Huang, Xingchang},
  journal={Advances in neural information processing systems},
  volume={33},
  pages={18493--18504},
  year={2020}
}

@article{ke2023sub,
  title={Sub-network Discovery and Soft-masking for Continual Learning of Mixed Tasks},
  author={Ke, Zixuan and Liu, Bing and Xiong, Wenhan and Celikyilmaz, Asli and Li, Haoran},
  journal={arXiv preprint arXiv:2310.09436},
  year={2023}
}

@article{kirkpatrick2017overcoming,
  title={Overcoming catastrophic forgetting in neural networks},
  author={Kirkpatrick, James and Pascanu, Razvan and Rabinowitz, Neil and Veness, Joel and Desjardins, Guillaume and Rusu, Andrei A and Milan, Kieran and Quan, John and Ramalho, Tiago and Grabska-Barwinska, Agnieszka and others},
  journal={Proceedings of the national academy of sciences},
  volume={114},
  number={13},
  pages={3521--3526},
  year={2017},
  publisher={National Acad Sciences}
}

@article{kontogianni2024continual,
  title={Is Continual Learning Ready for Real-world Challenges?},
  author={Kontogianni, Theodora and Yue, Yuanwen and Tang, Siyu and Schindler, Konrad},
  journal={arXiv preprint arXiv:2402.10130},
  year={2024}
}

@article{krizhevsky2009learning,
  title={Learning multiple layers of features from tiny images},
  author={Krizhevsky, Alex and Hinton, Geoffrey and others},
  year={2009},
  publisher={Toronto, ON, Canada}
}

@article{krueger2009flexible,
  title={Flexible shaping: How learning in small steps helps},
  author={Krueger, Kai A and Dayan, Peter},
  journal={Cognition},
  volume={110},
  number={3},
  pages={380--394},
  year={2009},
  publisher={Elsevier}
}

@article{kudithipudi2022biological,
  title={Biological underpinnings for lifelong learning machines},
  author={Kudithipudi, Dhireesha and Aguilar-Simon, Mario and Babb, Jonathan and Bazhenov, Maxim and Blackiston, Douglas and Bongard, Josh and Brna, Andrew P and Chakravarthi Raja, Suraj and Cheney, Nick and Clune, Jeff and others},
  journal={Nature Machine Intelligence},
  volume={4},
  number={3},
  pages={196--210},
  year={2022},
  publisher={Nature Publishing Group UK London}
}

@article{lampinen2018analytic,
  title={An analytic theory of generalization dynamics and transfer learning in deep linear networks},
  author={Lampinen, Andrew K and Ganguli, Surya},
  journal={arXiv preprint arXiv:1809.10374},
  year={2018}
}

@article{lee2017overcoming,
  title={Overcoming catastrophic forgetting by incremental moment matching},
  author={Lee, Sang-Woo and Kim, Jin-Hwa and Jun, Jaehyun and Ha, Jung-Woo and Zhang, Byoung-Tak},
  journal={Advances in neural information processing systems},
  volume={30},
  year={2017}
}

@inproceedings{lee2021continual,
  title={Continual learning in the teacher-student setup: Impact of task similarity},
  author={Lee, Sebastian and Goldt, Sebastian and Saxe, Andrew},
  booktitle={International Conference on Machine Learning},
  pages={6109--6119},
  year={2021},
  organization={PMLR}
}

@article{lesort2020continual,
  title={Continual learning for robotics: Definition, framework, learning strategies, opportunities and challenges},
  author={Lesort, Timoth{\'e}e and Lomonaco, Vincenzo and Stoian, Andrei and Maltoni, Davide and Filliat, David and D{\'\i}az-Rodr{\'\i}guez, Natalia},
  journal={Information fusion},
  volume={58},
  pages={52--68},
  year={2020},
  publisher={Elsevier}
}

@article{li2023statistical,
  title={Statistical mechanics of continual learning: Variational principle and mean-field potential},
  author={Li, Chan and Huang, Zhenye and Zou, Wenxuan and Huang, Haiping},
  journal={Physical Review E},
  volume={108},
  number={1},
  pages={014309},
  year={2023},
  publisher={APS}
}

@article{lin2022beyond,
  title={Beyond not-forgetting: Continual learning with backward knowledge transfer},
  author={Lin, Sen and Yang, Li and Fan, Deliang and Zhang, Junshan},
  journal={Advances in Neural Information Processing Systems},
  volume={35},
  pages={16165--16177},
  year={2022}
}

@inproceedings{lin2023theory,
  title={Theory on forgetting and generalization of continual learning},
  author={Lin, Sen and Ju, Peizhong and Liang, Yingbin and Shroff, Ness},
  booktitle={International Conference on Machine Learning},
  pages={21078--21100},
  year={2023},
  organization={PMLR}
}

@article{luo2023empirical,
  title={An empirical study of catastrophic forgetting in large language models during continual fine-tuning},
  author={Luo, Yun and Yang, Zhen and Meng, Fandong and Li, Yafu and Zhou, Jie and Zhang, Yue},
  journal={arXiv preprint arXiv:2308.08747},
  year={2023}
}

@article{masse2018alleviating,
  title={Alleviating catastrophic forgetting using context-dependent gating and synaptic stabilization},
  author={Masse, Nicolas Y and Grant, Gregory D and Freedman, David J},
  journal={Proceedings of the National Academy of Sciences},
  volume={115},
  number={44},
  pages={E10467--E10475},
  year={2018},
  publisher={National Acad Sciences}
}

@inproceedings{mallya2018packnet,
  title={Packnet: Adding multiple tasks to a single network by iterative pruning},
  author={Mallya, Arun and Lazebnik, Svetlana},
  booktitle={Proceedings of the IEEE conference on Computer Vision and Pattern Recognition},
  pages={7765--7773},
  year={2018}
}

@incollection{mccloskey1989catastrophic,
  title={Catastrophic interference in connectionist networks: The sequential learning problem},
  author={McCloskey, Michael and Cohen, Neal J},
  booktitle={Psychology of learning and motivation},
  volume={24},
  pages={109--165},
  year={1989},
  publisher={Elsevier}
}

@article{mori2024optimal,
  title={Optimal protocols for continual learning via statistical physics and control theory},
  author={Mori, Francesco and Mannelli, Stefano Sarao and Mignacco, Francesca},
  journal={arXiv preprint arXiv:2409.18061},
  year={2024}
}

@article{narvekar2020curriculum,
  title={Curriculum learning for reinforcement learning domains: A framework and survey},
  author={Narvekar, Sanmit and Peng, Bei and Leonetti, Matteo and Sinapov, Jivko and Taylor, Matthew E and Stone, Peter},
  journal={Journal of Machine Learning Research},
  volume={21},
  number={181},
  pages={1--50},
  year={2020}
}

@inproceedings{ozgun2020importance,
  title={Importance driven continual learning for segmentation across domains},
  author={{\"O}zg{\"u}n, Sinan and Rickmann, Anne-Marie and Roy, Abhijit Guha and Wachinger, Christian},
  booktitle={Machine Learning in Medical Imaging: 11th International Workshop, MLMI 2020, Held in Conjunction with MICCAI 2020, Lima, Peru, October 4, 2020, Proceedings 11},
  pages={423--433},
  year={2020},
  organization={Springer}
}

@inproceedings{peng2023ideal,
  title={The ideal continual learner: An agent that never forgets},
  author={Peng, Liangzu and Giampouras, Paris and Vidal, Ren{\'e}},
  booktitle={International Conference on Machine Learning},
  pages={27585--27610},
  year={2023},
  organization={PMLR}
}

@inproceedings{pentina2015curriculum,
  title={Curriculum learning of multiple tasks},
  author={Pentina, Anastasia and Sharmanska, Viktoriia and Lampert, Christoph H},
  booktitle={Proceedings of the IEEE conference on computer vision and pattern recognition},
  pages={5492--5500},
  year={2015}
}

@article{rafferty2016faster,
  title={Faster teaching via pomdp planning},
  author={Rafferty, Anna N and Brunskill, Emma and Griffiths, Thomas L and Shafto, Patrick},
  journal={Cognitive science},
  volume={40},
  number={6},
  pages={1290--1332},
  year={2016},
  publisher={Wiley Online Library}
}


@article{ramasesh2020anatomy,
  title={Anatomy of catastrophic forgetting: Hidden representations and task semantics},
  author={Ramasesh, Vinay V and Dyer, Ethan and Raghu, Maithra},
  journal={arXiv preprint arXiv:2007.07400},
  year={2020}
}

@article{robins1995catastrophic,
  title={Catastrophic forgetting, rehearsal and pseudorehearsal},
  author={Robins, Anthony},
  journal={Connection Science},
  volume={7},
  number={2},
  pages={123--146},
  year={1995},
  publisher={Taylor \& Francis}
}

@article{rolnick2019experience,
  title={Experience replay for continual learning},
  author={Rolnick, David and Ahuja, Arun and Schwarz, Jonathan and Lillicrap, Timothy and Wayne, Gregory},
  journal={Advances in neural information processing systems},
  volume={32},
  year={2019}
}

@article{rusu2016progressive,
  title={Progressive neural networks},
  author={Rusu, Andrei A and Rabinowitz, Neil C and Desjardins, Guillaume and Soyer, Hubert and Kirkpatrick, James and Kavukcuoglu, Koray and Pascanu, Razvan and Hadsell, Raia},
  journal={arXiv preprint arXiv:1606.04671},
  year={2016}
}

@article{saad1995line,
  title={On-line learning in soft committee machines},
  author={Saad, David and Solla, Sara A},
  journal={Physical Review E},
  volume={52},
  number={4},
  pages={4225},
  year={1995},
  publisher={APS}
}

@article{sadtler2014neural,
  title={Neural constraints on learning},
  author={Sadtler, Patrick T and Quick, Kristin M and Golub, Matthew D and Chase, Steven M and Ryu, Stephen I and Tyler-Kabara, Elizabeth C and Yu, Byron M and Batista, Aaron P},
  journal={Nature},
  volume={512},
  number={7515},
  pages={423--426},
  year={2014},
  publisher={Nature Publishing Group UK London}
}

@article{saxe2013exact,
  title={Exact solutions to the nonlinear dynamics of learning in deep linear neural networks},
  author={Saxe, Andrew M and McClelland, James L and Ganguli, Surya},
  journal={arXiv preprint arXiv:1312.6120},
  year={2013}
}


@article{saxe2019mathematical,
  title={A mathematical theory of semantic development in deep neural networks},
  author={Saxe, Andrew M and McClelland, James L and Ganguli, Surya},
  journal={Proceedings of the National Academy of Sciences},
  volume={116},
  number={23},
  pages={11537--11546},
  year={2019},
  publisher={National Acad Sciences}
}

@inproceedings{serra2018overcoming,
  title={Overcoming catastrophic forgetting with hard attention to the task},
  author={Serra, Joan and Suris, Didac and Miron, Marius and Karatzoglou, Alexandros},
  booktitle={International conference on machine learning},
  pages={4548--4557},
  year={2018},
  organization={PMLR}
}

@article{seung1992statistical,
  title={Statistical mechanics of learning from examples},
  author={Seung, Hyunjune Sebastian and Sompolinsky, Haim and Tishby, Naftali},
  journal={Physical review A},
  volume={45},
  number={8},
  pages={6056},
  year={1992},
  publisher={APS}
}

@article{sezener2021rapid,
  title={A rapid and efficient learning rule for biological neural circuits},
  author={Sezener, Eren and Grabska-Barwi{\'n}ska, Agnieszka and Kostadinov, Dimitar and Beau, Maxime and Krishnagopal, Sanjukta and Budden, David and Hutter, Marcus and Veness, Joel and Botvinick, Matthew and Clopath, Claudia and others},
  journal={BioRxiv},
  pages={2021--03},
  year={2021},
  publisher={Cold Spring Harbor Laboratory}
}

@article{shin2017continual,
  title={Continual learning with deep generative replay},
  author={Shin, Hanul and Lee, Jung Kwon and Kim, Jaehong and Kim, Jiwon},
  journal={Advances in neural information processing systems},
  volume={30},
  year={2017}
}

@inproceedings{singh2023learning,
  title={Learning to Learn: How to Continuously Teach Humans and Machines},
  author={Singh, Parantak and Li, You and Sikarwar, Ankur and Lei, Stan Weixian and Gao, Difei and Talbot, Morgan B and Sun, Ying and Shou, Mike Zheng and Kreiman, Gabriel and Zhang, Mengmi},
  booktitle={Proceedings of the IEEE/CVF International Conference on Computer Vision},
  pages={11708--11719},
  year={2023}
}


@article{srivastava2013compete,
  title={Compete to compute},
  author={Srivastava, Rupesh K and Masci, Jonathan and Kazerounian, Sohrob and Gomez, Faustino and Schmidhuber, J{\"u}rgen},
  journal={Advances in neural information processing systems},
  volume={26},
  year={2013}
}

@article{van2019three,
  title={Three scenarios for continual learning},
  author={Van de Ven, Gido M and Tolias, Andreas S},
  journal={arXiv preprint arXiv:1904.07734},
  year={2019}
}

@article{van2020brain,
  title={Brain-inspired replay for continual learning with artificial neural networks},
  author={Van de Ven, Gido M and Siegelmann, Hava T and Tolias, Andreas S},
  journal={Nature communications},
  volume={11},
  number={1},
  pages={4069},
  year={2020},
  publisher={Nature Publishing Group UK London}
}

@article{van2024continual,
  title={Continual Learning and Catastrophic Forgetting},
  author={van de Ven, Gido M and Soures, Nicholas and Kudithipudi, Dhireesha},
  journal={arXiv preprint arXiv:2403.05175},
  year={2024}
}

@article{werfel2003learning,
  title={Learning curves for stochastic gradient descent in linear feedforward networks},
  author={Werfel, Justin and Xie, Xiaohui and Seung, H},
  journal={Advances in neural information processing systems},
  volume={16},
  year={2003}
}

@article{xiao2017fashion,
  title={Fashion-mnist: a novel image dataset for benchmarking machine learning algorithms},
  author={Xiao, Han and Rasul, Kashif and Vollgraf, Roland},
  journal={arXiv preprint arXiv:1708.07747},
  year={2017}
}

@article{yoon2017lifelong,
  title={Lifelong learning with dynamically expandable networks},
  author={Yoon, Jaehong and Yang, Eunho and Lee, Jeongtae and Hwang, Sung Ju},
  journal={arXiv preprint arXiv:1708.01547},
  year={2017}
}

@inproceedings{yu2017compressing,
  title={On compressing deep models by low rank and sparse decomposition},
  author={Yu, Xiyu and Liu, Tongliang and Wang, Xinchao and Tao, Dacheng},
  booktitle={Proceedings of the IEEE conference on computer vision and pattern recognition},
  pages={7370--7379},
  year={2017}
}

@article{zdeborova2016statistical,
  title={Statistical physics of inference: Thresholds and algorithms},
  author={Zdeborov{\'a}, Lenka and Krzakala, Florent},
  journal={Advances in Physics},
  volume={65},
  number={5},
  pages={453--552},
  year={2016},
  publisher={Taylor \& Francis}
}

@inproceedings{zenke2017continual,
  title={Continual learning through synaptic intelligence},
  author={Zenke, Friedemann and Poole, Ben and Ganguli, Surya},
  booktitle={International conference on machine learning},
  pages={3987--3995},
  year={2017},
  organization={PMLR}
}

@article{zhu2018overview,
  title={An overview of machine teaching},
  author={Zhu, Xiaojin and Singla, Adish and Zilles, Sandra and Rafferty, Anna N},
  journal={arXiv preprint arXiv:1801.05927},
  year={2018}
}