@article{mnih2015human,
  title={Human-level control through deep reinforcement learning},
  author={Mnih, Volodymyr and Kavukcuoglu, Koray and Silver, David and Rusu, Andrei A and Veness, Joel and Bellemare, Marc G and Graves, Alex and Riedmiller, Martin and Fidjeland, Andreas K and Ostrovski, Georg and others},
  journal={Nature},
  volume={518},
  number={7540},
  pages={529--533},
  year={2015},
  publisher={Nature Publishing Group UK London}
}



@inproceedings{mao2024pdit,
  title={PDiT: Interleaving Perception and Decision-making Transformers for Deep Reinforcement Learning},
  author={Mao, Hangyu and Zhao, Rui and Li, Ziyue and Xu, Zhiwei and Chen, Hao and Chen, Yiqun and Zhang, Bin and Xiao, Zhen and Zhang, Junge and Yin, Jiangjin},
  booktitle={Proceedings of the 23rd International Conference on Autonomous Agents and Multiagent Systems},
  pages={1363--1371},
  year={2024}
}

@article{dosovitskiy2020image,
  title={An image is worth 16x16 words: Transformers for image recognition at scale},
  author={Dosovitskiy, Alexey},
  journal={arXiv preprint arXiv:2010.11929},
  year={2020}
}

@article{berner2019dota,
  title={Dota 2 with large scale deep reinforcement learning},
  author={Berner, Christopher and Brockman, Greg and Chan, Brooke and Cheung, Vicki and Debiak, Przemys{\l}aw and Dennison, Christy and Farhi, David and Fischer, Quirin and Hashme, Shariq and Hesse, Chris and others},
  journal={arXiv preprint arXiv:1912.06680},
  year={2019}
}

@article{diuk2013divide,
  title={Divide and conquer: hierarchical reinforcement learning and task decomposition in humans},
  author={Diuk, Carlos and Schapiro, Anna and C{\'o}rdova, Natalia and Ribas-Fernandes, Jos{\'e} and Niv, Yael and Botvinick, Matthew},
  journal={Computational and Robotic Models of the Hierarchical Organization of Behavior},
  pages={271--291},
  year={2013},
  publisher={Springer}
}

@article{Schulman2015HighDimensionalCC,
  title={High-Dimensional Continuous Control Using Generalized Advantage Estimation},
  author={John Schulman and Philipp Moritz and Sergey Levine and Michael I. Jordan and P. Abbeel},
  journal={CoRR},
  year={2015},
  volume={abs/1506.02438},
  url={https://api.semanticscholar.org/CorpusID:3075448}
}

@inproceedings{zheng2022stackelberg,
  title={Stackelberg actor-critic: Game-theoretic reinforcement learning algorithms},
  author={Zheng, Liyuan and Fiez, Tanner and Alumbaugh, Zane and Chasnov, Benjamin and Ratliff, Lillian J},
  booktitle={Proceedings of the AAAI Conference on Artificial Intelligence},
  volume={36},
  number={8},
  pages={9217--9224},
  year={2022}
}

@inproceedings{zhu2017target,
  title={Target-driven visual navigation in indoor scenes using deep reinforcement learning},
  author={Zhu, Yuke and Mottaghi, Roozbeh and Kolve, Eric and Lim, Joseph J and Gupta, Abhinav and Fei-Fei, Li and Farhadi, Ali},
  booktitle={IEEE International Conference on Robotics and Automation (ICRA)},
  pages={3357--3364},
  year={2017}
}


@article{Ibarz2021HowTT,
  title={How to train your robot with deep reinforcement learning: lessons we have learned},
  author={Julian Ibarz and Jie Tan and Chelsea Finn and Mrinal Kalakrishnan and Peter Pastor and Sergey Levine},
  journal={The International Journal of Robotics Research},
  year={2021},
  volume={40},
  pages={698 - 721},
  url={https://api.semanticscholar.org/CorpusID:231839855}
}

@article{sutton2018reinforcement,
  title={Reinforcement learning: An introduction},
  author={Sutton, Richard S and Barto, Andrew G.},
  journal={A Bradford Book},
  year={2018}
}

@article{wright2015coordinate,
  title={Coordinate descent algorithms},
  author={Wright, Stephen J},
  journal={Mathematical Programming},
  volume={151},
  number={1},
  pages={3--34},
  year={2015},
  publisher={Springer}
}

@inproceedings{huangrobust2022,
  title     = {Robust Reinforcement Learning as a Stackelberg Game via Adaptively-Regularized Adversarial Training},
  author    = {Huang, Peide and Xu, Mengdi and Fang, Fei and Zhao, Ding},
  booktitle = {Proceedings of the Thirty-First International Joint Conference on
               Artificial Intelligence, {IJCAI-22}},
  pages     = {3099--3106},
  year      = {2022},
  month     = {7},
  note      = {Main Track},
  doi       = {10.24963/ijcai.2022/430},
  url       = {https://doi.org/10.24963/ijcai.2022/430},
}


@misc{schulman2017proximalpolicyoptimizationalgorithms,
      title={Proximal Policy Optimization Algorithms}, 
      author={John Schulman and Filip Wolski and Prafulla Dhariwal and Alec Radford and Oleg Klimov},
      year={2017},
      eprint={1707.06347},
      archivePrefix={arXiv},
      primaryClass={cs.LG},
      url={https://arxiv.org/abs/1707.06347}, 
}

@book{shapley,
author="Shapley, Lloyd S.",
title="A Value for N-Person Games",
address="Santa Monica, CA",
year="1952",
doi="10.7249/P0295",
publisher="RAND Corporation"
}

@misc{vaswani2023attentionneed,
      title={Attention Is All You Need}, 
      author={Ashish Vaswani and Noam Shazeer and Niki Parmar and Jakob Uszkoreit and Llion Jones and Aidan N. Gomez and Lukasz Kaiser and Illia Polosukhin},
      year={2023},
      eprint={1706.03762},
      archivePrefix={arXiv},
      primaryClass={cs.CL},
      url={https://arxiv.org/abs/1706.03762}, 
}


@inproceedings{manchin2019reinforcement,
  title={Reinforcement learning with attention that works: A self-supervised approach},
  author={Manchin, Anthony and Abbasnejad, Ehsan and Van Den Hengel, Anton},
  booktitle={International Conference on Neural Information Processing},
  pages={223--230},
  year={2019}
}

@inproceedings{wang2018nonlocalneuralnetworks,
  title={Non-local neural networks},
  author={Wang, Xiaolong and Girshick, Ross and Gupta, Abhinav and He, Kaiming},
  booktitle={Proceedings of the IEEE Conference on Computer Vision and Pattern Recognition},
  pages={7794--7803},
  year={2018}
}


@inproceedings{Diuk2013DivideAC,
  title={Divide and Conquer: Hierarchical Reinforcement Learning and Task Decomposition in Humans},
  author={Carlos Diuk and Anna C. Schapiro and Natalia C{\'o}rdova and Jos{\'e} Ribas-Fernandes and Yael Niv and Matthew M. Botvinick},
  booktitle={Computational and Robotic Models of the Hierarchical Organization of Behavior},
  year={2013},
  url={https://api.semanticscholar.org/CorpusID:4093965}
}

@ARTICLE{zhuAutonomous,
  author={Zhu, Pengli and Liu, Siyuan and Jiang, Tao and Liu, Yancheng and Zhuang, Xuzhou and Zhang, Zhenrui},
  journal={IEEE Transactions on Vehicular Technology}, 
  title={Autonomous Reinforcement Control of Visual Underwater Vehicles: Real-Time Experiments Using Computer Vision}, 
  year={2022},
  volume={71},
  number={8},
  pages={8237-8250},
  keywords={Decision making;Visualization;Image reconstruction;Videos;Sensors;Navigation;Robustness;Autonomous reinforcement control;deep rein- forcement learning;monocular depth prediction;underwater vehicles},
  doi={10.1109/TVT.2022.3177596}}


@article{goodale1992separate,
  title={Separate visual pathways for perception and action},
  author={Goodale, Melvyn A and Milner, A David},
  journal={Trends in Neurosciences},
  volume={15},
  number={1},
  pages={20--25},
  year={1992},
  publisher={Elsevier}
}



@Inbook{Hart1989,
author="Hart, Sergiu",
editor="Eatwell, John
and Milgate, Murray
and Newman, Peter",
title="Shapley Value",
bookTitle="Game Theory",
year="1989",
publisher="Palgrave Macmillan UK",
address="London",
pages="210--216"
}
