@inproceedings{huangrobust2022,
  title     = {Robust Reinforcement Learning as a Stackelberg Game via Adaptively-Regularized Adversarial Training},
  author    = {Huang, Peide and Xu, Mengdi and Fang, Fei and Zhao, Ding},
  booktitle = {Proceedings of the Thirty-First International Joint Conference on
               Artificial Intelligence, {IJCAI-22}},
  pages     = {3099--3106},
  year      = {2022},
  month     = {7},
  note      = {Main Track},
  doi       = {10.24963/ijcai.2022/430},
  url       = {https://doi.org/10.24963/ijcai.2022/430},
}

@inproceedings{manchin2019reinforcement,
  title={Reinforcement learning with attention that works: A self-supervised approach},
  author={Manchin, Anthony and Abbasnejad, Ehsan and Van Den Hengel, Anton},
  booktitle={International Conference on Neural Information Processing},
  pages={223--230},
  year={2019}
}

@inproceedings{mao2024pdit,
  title={PDiT: Interleaving Perception and Decision-making Transformers for Deep Reinforcement Learning},
  author={Mao, Hangyu and Zhao, Rui and Li, Ziyue and Xu, Zhiwei and Chen, Hao and Chen, Yiqun and Zhang, Bin and Xiao, Zhen and Zhang, Junge and Yin, Jiangjin},
  booktitle={Proceedings of the 23rd International Conference on Autonomous Agents and Multiagent Systems},
  pages={1363--1371},
  year={2024}
}

@inproceedings{zheng2022stackelberg,
  title={Stackelberg actor-critic: Game-theoretic reinforcement learning algorithms},
  author={Zheng, Liyuan and Fiez, Tanner and Alumbaugh, Zane and Chasnov, Benjamin and Ratliff, Lillian J},
  booktitle={Proceedings of the AAAI Conference on Artificial Intelligence},
  volume={36},
  number={8},
  pages={9217--9224},
  year={2022}
}

