@inproceedings{bodla2017soft,
  title={{{Soft-NMS--Improving Object Detection With One Line of Code}}},
  author={Bodla, Navaneeth and Singh, Bharat and Chellappa, Rama and Davis, Larry S},
  booktitle={{Proceedings of the IEEE International Conference on Computer Vision}},
  pages={5561--5569},
  address={Venice, Italy},
  publisher={IEEE Computer Society, Washington D.C., USA},
  year={2017}
}

@article{cortes1995support,
  title={{{Support Vector Machine}}},
  author={Cortes, Corinna and Vapnik, Vladimir},
  journal={{Machine Learning}},
  volume={20},
  number={3},
  pages={273--297},
  year={1995}
}

@inproceedings{ellis2010pets2010,
  title={{{PETS2010 and PETS2009 Evaluation of Results Using Individual Ground Truthed Single Views}}},
  author={Ellis, Anna and Ferryman, James},
  booktitle={IEEE International Conference on Advanced Video and Signal Based Surveillance},
  address={Boston, MA, USA},
  pages={135--142},
  year={2010},
  organization={IEEE, Piscataway, NJ, USA}
}

@article{everingham2010pascal,
  title={{{The Pascal Visual Object Classes (VOC) Challenge}}},
  author={Everingham, Mark and Van Gool, Luc and Williams, Christopher KI and Winn, John and Zisserman, Andrew},
  journal={{International Journal of Computer Vision}},
  volume={88},
  number={2},
  pages={303--338},
  year={2010},
  publisher={Springer}
}

@inproceedings{hosang2017learning,
  title={{{Learning Non-Maximum Suppression}}},
  author={Hosang, Jan Hendrik and Benenson, Rodrigo and Schiele, Bernt},
  booktitle={IEEE Conference on Computer Vision and Pattern Recognition},
  address={Honolulu, HI, USA},
  pages={6469--6477},
  publisher={IEEE Computer Society, Washington D.C., USA},
  year={2017}
}

@incollection{li2009mean,
  title={{{Mean Shift Parallel Tracking on GPU}}},
  author={Li, Peihua and Xiao, Lijuan},
  booktitle={Pattern Recognition and Image Analysis},
  pages={120--127},
  year={2009},
  publisher={Springer, Berlin}
}

@inproceedings{lin2014microsoft,
  title={{{Microsoft COCO: Common Objects in Context}}},
  author={Lin, Tsung-Yi and Maire, Michael and Belongie, Serge and Hays, James and Perona, Pietro and Ramanan, Deva and Doll{\'a}r, Piotr and Zitnick, C Lawrence},
  booktitle={European Conference on Computer Vision},
  address={Zurich, Switzerland},
  pages={740--755},
  publisher={Springer, Berlin},
  year={2014}
}

@inproceedings{liu2019adaptive,
  title={{{Adaptive NMS: Refining Pedestrian Detection in a Crowd}}},
  author={Liu, Songtao and Huang, Di and Wang, Yunhong},
  booktitle={{Proceedings of the IEEE Conference on Computer Vision and Pattern Recognition}},
  address={Long Beach, CA, USA},
  publisher={IEEE, Piscataway, NJ, USA},
  pages={6459--6468},
  year={2019}
}

@inproceedings{oro2016work,
  title={{{Work-efficient Parallel Non-maximum Suppression for Embedded GPU Architectures}}},
  author={Oro, David and Fern{\'a}ndez, Carles and Martorell, Xavier and Hernando, Javier},
  booktitle={IEEE International Conference on Acoustics, Speech and Signal Processing},
  address={Shanghai, China},
  pages={1026--1030},
  year={2016},
  organization={IEEE, Piscataway, NJ, USA}
}

@inproceedings{qiu2019graph,
  title={{{Graph Convolution and Self Attention Based Non-maximum Suppression}}},
  author={Qiu, Zhe and Gu, Xiaodong},
  booktitle={{International Symposium on Neural Networks}},
  address={Moscow, Russia},
  pages={77--86},
  year={2019},
  organization={Springer, Berlin}
}

@inproceedings{rothe2014nms,
  title={{{Non-maximum Suppression for Object Detection by Passing Messages Between Windows}}},
  author={Rothe, Rasmus and Guillaumin, Matthieu and Van Gool, Luc},
  booktitle={Asian Conference on Computer Vision},
  address={Singapore},
  pages={290--306},
  year={2014},
  organization={Springer, Berlin}
}

@inproceedings{salscheider2020featurenms,
  title={{{FeatureNMS: Non-Maximum Suppression by Learning Feature Embeddings}}},
  author={Salscheider, Niels Ole},
  booktitle={Preprint},
  pages={arXiv:2002.07662},
  year={2020}
}

@incollection{schapire2003boosting,
  title={{{The Boosting Approach to Machine Learning: An Overview}}},
  author={Schapire, Robert E},
  booktitle={{Nonlinear Estimation and Classification}},
  pages={149--171},
  year={2003},
  publisher={Springer, Berlin}
}

@inproceedings{shalom2008efficient,
  title={{{Efficient K-means Clustering Using Accelerated Graphics Processors}}},
  author={Shalom, S.A. Arul and Dash, Manoranjan and Tue, Minh},
  booktitle={Data Warehousing and Knowledge Discovery},
  pages={166--175},
  address={Turin, Italy},
  year={2008},
  publisher={Springer, Berlin}
}

@inproceedings{shao2018crowdhuman,
  title={{{CrowdHuman: A Benchmark for Detecting Human in a Crowd}}},
  author={Shao, Shuai and Zhao, Zijian and Li, Boxun and Xiao, Tete and Yu, Gang and Zhang, Xiangyu and Sun, Jian},
  booktitle={Preprint},
  pages={arXiv:1805.00123},
  year={2018}
}

@article{shi2019fast,
  title={{{A Fast and Power-Efficient Hardware Architecture for Non-Maximum Suppression}}},
  author={Shi, Man and Ouyang, Peng and Yin, Shouyi and Liu, Leibo and Wei, Shaojun},
  journal={IEEE Transactions on Circuits and Systems II: Express Briefs},
  volume={66},
  number={11},
  pages={1870--1874},
  year={2019},
  publisher={IEEE}
}

@article{song2019improved,
  title={{{Improved Non-maximum Suppression for Object Detection using Harmony Search Algorithm}}},
  author={Song, Yanan and Pan, Quan-Ke and Gao, Liang and Zhang, Biao},
  journal={{Applied Soft Computing}},
  volume={81},
  pages={105478},
  year={2019},
  publisher={Elsevier}
}

