@InProceedings{Burkov_2020_CVPR,
author = {Burkov, Egor and Pasechnik, Igor and Grigorev, Artur and Lempitsky, Victor},
title = {Neural Head Reenactment with Latent Pose Descriptors},
booktitle = {IEEE/CVF Conference on Computer Vision and Pattern Recognition (CVPR)},
month = {June},
year = {2020}
}

@inproceedings{Drobyshev22MP,
                author = {Drobyshev, Nikita and Chelishev, Jenya and Khakhulin, Taras and Ivakhnenko, Aleksei and Lempitsky, Victor and Zakharov, Egor},
                title = {MegaPortraits: One-shot Megapixel Neural Head Avatars},
                journal   = {Proceedings of the 30th ACM International Conference on Multimedia},
                year      = {2022},
      }

@inproceedings{Karras2019stylegan2,
  title     = {Analyzing and Improving the Image Quality of {StyleGAN}},
  author    = {Tero Karras and Samuli Laine and Miika Aittala and Janne Hellsten and Jaakko Lehtinen and Timo Aila},
  booktitle = {Proc. CVPR},
  year      = {2020}
}

@inproceedings{Khakhulin2022ROME,
              author    = {Khakhulin, Taras and Sklyarova, Vanessa and Lempitsky, Victor and Zakharov, Egor},
              title     = {Realistic One-shot Mesh-based Head Avatars},
              booktitle = {European Conference of Computer vision (ECCV)},
              year      = {2022}
      }

@inproceedings{NEURIPS2023_937ae0e8,
 author = {Li, Xueting and De Mello, Shalini and Liu, Sifei and Nagano, Koki and Iqbal, Umar and Kautz, Jan},
 booktitle = {Advances in Neural Information Processing Systems},
 editor = {A. Oh and T. Naumann and A. Globerson and K. Saenko and M. Hardt and S. Levine},
 pages = {47239--47250},
 publisher = {Curran Associates, Inc.},
 title = {Generalizable One-shot 3D Neural Head Avatar},
 volume = {36},
 year = {2023}
}

@InProceedings{Pang_2023_CVPR,
    author    = {Pang, Youxin and Zhang, Yong and Quan, Weize and Fan, Yanbo and Cun, Xiaodong and Shan, Ying and Yan, Dong-Ming},
    title     = {DPE: Disentanglement of Pose and Expression for General Video Portrait Editing},
    booktitle = {Proceedings of the IEEE/CVF Conference on Computer Vision and Pattern Recognition (CVPR)},
    month     = {June},
    year      = {2023},
    pages     = {427-436}
}

@InProceedings{Siarohin_2019_NeurIPS,
  author={Siarohin, Aliaksandr and Lathuilière, Stéphane and Tulyakov, Sergey and Ricci, Elisa and Sebe, Nicu},
  title={First Order Motion Model for Image Animation},
  booktitle = {Conference on Neural Information Processing Systems (NeurIPS)},
  month = {December},
  year = {2019}
}

@inproceedings{bai2023learning,
  title={Learning personalized high quality volumetric head avatars from monocular rgb videos},
  author={Bai, Ziqian and Tan, Feitong and Huang, Zeng and Sarkar, Kripasindhu and Tang, Danhang and Qiu, Di and Meka, Abhimitra and Du, Ruofei and Dou, Mingsong and Orts-Escolano, Sergio and others},
  booktitle={Proceedings of the IEEE/CVF Conference on Computer Vision and Pattern Recognition},
  pages={16890--16900},
  year={2023}
}

@misc{chen2024hifivfshighfidelityvideo,
      title={HiFiVFS: High Fidelity Video Face Swapping}, 
      author={Xu Chen and Keke He and Junwei Zhu and Yanhao Ge and Wei Li and Chengjie Wang},
      year={2024},
      eprint={2411.18293},
      archivePrefix={arXiv},
      primaryClass={cs.CV},
}

@inproceedings{deng2019arcface,
  title={Arcface: Additive angular margin loss for deep face recognition},
  author={Deng, Jiankang and Guo, Jia and Xue, Niannan and Zafeiriou, Stefanos},
  booktitle={Proceedings of the IEEE/CVF conference on computer vision and pattern recognition},
  pages={4690--4699},
  year={2019}
}

@inproceedings{deng2024portrait4d,
	title={Portrait4D: Learning One-Shot 4D Head Avatar Synthesis using Synthetic Data},
	author={Deng, Yu and Wang, Duomin and Ren, Xiaohang and Chen, Xingyu and Wang, Baoyuan},
	booktitle={IEEE/CVF Conference on Computer Vision and Pattern Recognition},
	year={2024}
}

@inproceedings{drobyshev2024emoportraits,
  title={EMOPortraits: Emotion-enhanced Multimodal One-shot Head Avatars},
  author={Drobyshev, Nikita and Casademunt, Antoni Bigata and Vougioukas, Konstantinos and Landgraf, Zoe and Petridis, Stavros and Pantic, Maja},
  booktitle={Proceedings of the IEEE/CVF Conference on Computer Vision and Pattern Recognition},
  pages={8498--8507},
  year={2024}
}

@article{ghost2022,  
         author={Groshev, Alexander and Maltseva, Anastasia and Chesakov, Daniil and Kuznetsov, Andrey and Dimitrov, Denis},  
         journal={IEEE Access},   
         title={GHOST—A New Face Swap Approach for Image and Video Domains},   
         year={2022},  
         volume={10},  
         number={},  
         pages={83452-83462},  
         doi={10.1109/ACCESS.2022.3196668}
}

@inproceedings{giebenhain2024npga,
 author    = {Simon Giebenhain and Tobias Kirschstein and  Martin R{\"{u}}nz and Lourdes Agapito and Matthias Nie{\ss}ner},
 title     = {NPGA: Neural Parametric Gaussian Avatars},
 booktitle = {SIGGRAPH Asia 2024 Conference Papers (SA Conference Papers '24), December 3-6, Tokyo, Japan},
 doi       = {10.1145/3680528.3687689},
 isbn      = {979-8-4007-1131-2/24/12},
 year      = {2024},
}

@article{goodfellow2014generative,
  title={Generative adversarial nets},
  author={Goodfellow, Ian and Pouget-Abadie, Jean and Mirza, Mehdi and Xu, Bing and Warde-Farley, David and Ozair, Sherjil and Courville, Aaron and Bengio, Yoshua},
  journal={Advances in neural information processing systems},
  volume={27},
  year={2014}
}

@inproceedings{grassal2022neural,
                title={Neural head avatars from monocular RGB videos},
                author={Grassal, Philip-William and Prinzler, Malte and Leistner, Titus and 
                        Rother, Carsten and Nie{\ss}ner, Matthias and Thies, Justus},
                booktitle={Proceedings of the IEEE/CVF Conference on Computer Vision and Pattern Recognition},
                pages={18653--18664},
                year={2022}
            }

@misc{han2023generalist,
      title={A Generalist FaceX via Learning Unified Facial Representation}, 
      author={Yue Han and Jiangning Zhang and Junwei Zhu and Xiangtai Li and Yanhao Ge and Wei Li and Chengjie Wang and Yong Liu and Xiaoming Liu and Ying Tai},
      year={2023},
      eprint={2401.00551},
      archivePrefix={arXiv},
      primaryClass={cs.CV}
}

@article{hififace2021,
  author    = {Yuhan Wang and
               Xu Chen and
               Junwei Zhu and
               Wenqing Chu and
               Ying Tai and
               Chengjie Wang and
               Jilin Li and
               Yongjian Wu and
               Feiyue Huang and
               Rongrong Ji},
  title     = {HifiFace: 3D Shape and Semantic Prior Guided High Fidelity Face Swapping},
  journal   = {CoRR},
  volume    = {abs/2106.09965},
  year      = {2021}
}

@article{ho2020denoising,
  title={Denoising diffusion probabilistic models},
  author={Ho, Jonathan and Jain, Ajay and Abbeel, Pieter},
  journal={Advances in neural information processing systems},
  volume={33},
  pages={6840--6851},
  year={2020}
}

@inproceedings{ma2023otavatar,
  title={Otavatar: One-shot talking face avatar with controllable tri-plane rendering},
  author={Ma, Zhiyuan and Zhu, Xiangyu and Qi, Guo-Jun and Lei, Zhen and Zhang, Lei},
  booktitle={Proceedings of the IEEE/CVF Conference on Computer Vision and Pattern Recognition},
  pages={16901--16910},
  year={2023}
}

@article{perov2020deepfacelab,
  title={DeepFaceLab: Integrated, flexible and extensible face-swapping framework},
  author={Perov, Ivan and Gao, Daiheng and Chervoniy, Nikolay and Liu, Kunlin and Marangonda, Sugasa and Um{\'e}, Chris and Facenheim, Carl Shift and RP, Luis and Jiang, Jian and Zhang, Sheng and others},
  journal={arXiv preprint arXiv:2005.05535},
  year={2020}
}

@inproceedings{qian2024gaussianavatars,
  title={Gaussianavatars: Photorealistic head avatars with rigged 3d gaussians},
  author={Qian, Shenhan and Kirschstein, Tobias and Schoneveld, Liam and Davoli, Davide and Giebenhain, Simon and Nie{\ss}ner, Matthias},
  booktitle={Proceedings of the IEEE/CVF Conference on Computer Vision and Pattern Recognition},
  pages={20299--20309},
  year={2024}
}

@inproceedings{ren2021pirenderer,
  title={Pirenderer: Controllable portrait image generation via semantic neural rendering},
  author={Ren, Yurui and Li, Ge and Chen, Yuanqi and Li, Thomas H and Liu, Shan},
  booktitle={Proceedings of the IEEE/CVF international conference on computer vision},
  pages={13759--13768},
  year={2021}
}

@inproceedings{ronneberger2015u,
  title={U-net: Convolutional networks for biomedical image segmentation},
  author={Ronneberger, Olaf and Fischer, Philipp and Brox, Thomas},
  booktitle={Medical image computing and computer-assisted intervention--MICCAI 2015: 18th international conference, Munich, Germany, October 5-9, 2015, proceedings, part III 18},
  pages={234--241},
  year={2015},
  organization={Springer}
}

@article{sarkar2021style,
  title={Style and pose control for image synthesis of humans from a single monocular view},
  author={Sarkar, Kripasindhu and Golyanik, Vladislav and Liu, Lingjie and Theobalt, Christian},
  journal={arXiv preprint arXiv:2102.11263},
  year={2021}
}

@inproceedings{shu2022few,
  title={Few-shot head swapping in the wild},
  author={Shu, Changyong and Wu, Hemao and Zhou, Hang and Liu, Jiaming and Hong, Zhibin and Ding, Changxing and Han, Junyu and Liu, Jingtuo and Ding, Errui and Wang, Jingdong},
  booktitle={Proceedings of the IEEE/CVF Conference on Computer Vision and Pattern Recognition},
  pages={10789--10798},
  year={2022}
}

@inproceedings{simswap2020,
  author    = {Renwang Chen and
               Xuanhong Chen and
               Bingbing Ni and
               Yanhao Ge},
  title     = {SimSwap: An Efficient Framework For High Fidelity Face Swapping},
  booktitle = {{MM} '20: The 28th {ACM} International Conference on Multimedia},
  year      = {2020}
}

@article{wang2022hs,
  title={Hs-diffusion: Semantic-mixing diffusion for head swapping},
  author={Wang, Qinghe and Liu, Lijie and Hua, Miao and Zhu, Pengfei and Zuo, Wangmeng and Hu, Qinghua and Lu, Huchuan and Cao, Bing},
  journal={arXiv preprint arXiv:2212.06458},
  year={2022}
}

@inproceedings{xu2023avatarmav,
  title={Avatarmav: Fast 3d head avatar reconstruction using motion-aware neural voxels},
  author={Xu, Yuelang and Wang, Lizhen and Zhao, Xiaochen and Zhang, Hongwen and Liu, Yebin},
  booktitle={ACM SIGGRAPH 2023 Conference Proceedings},
  pages={1--10},
  year={2023}
}

@inproceedings{ye2024real3dportrait,
    author    = {Ye, Zhenhui and Zhong, Tianyun and Ren, Yi and Yang, Jiaqi and Li, Weichuang and Huang, Jiangwei and Jiang, Ziyue and He, Jinzheng and Huang, Rongjie and Liu, Jinglin and Zhang, Chen and Yin, Xiang and Ma, Zejun and Zhao, Zhou},
    title     = {Real3D-Portrait: One-shot Realistic 3D Talking Portrait Synthesis},
    journal   = {ICLR},
    year      = {2024},
  }

@inproceedings{yin2022styleheat,
  title={Styleheat: One-shot high-resolution editable talking face generation via pre-trained stylegan},
  author={Yin, Fei and Zhang, Yong and Cun, Xiaodong and Cao, Mingdeng and Fan, Yanbo and Wang, Xuan and Bai, Qingyan and Wu, Baoyuan and Wang, Jue and Yang, Yujiu},
  booktitle={European conference on computer vision},
  pages={85--101},
  year={2022},
  organization={Springer}
}

@inproceedings{zakharov2020fast,
  title={Fast bi-layer neural synthesis of one-shot realistic head avatars},
  author={Zakharov, Egor and Ivakhnenko, Aleksei and Shysheya, Aliaksandra and Lempitsky, Victor},
  booktitle={Computer Vision--ECCV 2020: 16th European Conference, Glasgow, UK, August 23--28, 2020, Proceedings, Part XII 16},
  pages={524--540},
  year={2020},
  organization={Springer}
}

@article{zhang2022metaportrait,
        title={MetaPortrait: Identity-Preserving Talking Head Generation with Fast Personalized Adaptation}, 
        author={Bowen Zhang and Chenyang Qi and Pan Zhang and Bo Zhang and HsiangTao Wu and Dong Chen and Qifeng Chen and Yong Wang and Fang Wen},a
        journal={arXiv:2212.08062},
        year={2022},
  }

@article{zhao2023diffswap,
  title={DiffSwap: High-Fidelity and Controllable Face Swapping via 3D-Aware Masked Diffusion},
  author={Zhao, Wenliang and Rao, Yongming and Shi, Weikang and Liu, Zuyan and Zhou, Jie and Lu, Jiwen},
  journal={CVPR},
  year={2023}
}

@inproceedings{zheng2022imavatar,
  title={{I} {M} {Avatar}: Implicit Morphable Head Avatars from Videos},
  author={Zheng, Yufeng and Abrevaya, Victoria Fernández and Bühler, Marcel C. and Chen, Xu and Black, Michael J. and Hilliges, Otmar},
  booktitle = {Computer Vision and Pattern Recognition (CVPR)},
  year = {2022}
}

@inproceedings{zheng2023pointavatar,
  title={Pointavatar: Deformable point-based head avatars from videos},
  author={Zheng, Yufeng and Yifan, Wang and Wetzstein, Gordon and Black, Michael J and Hilliges, Otmar},
  booktitle={Proceedings of the IEEE/CVF conference on computer vision and pattern recognition},
  pages={21057--21067},
  year={2023}
}

@inproceedings{zhu2021megafs,
  title={One Shot Face Swapping on Megapixels},
  author={Zhu, Yuhao and Li, Qi and Wang, Jian and Xu, Chengzhong and Sun, Zhenan},
  booktitle={Proceedings of the IEEE conference on computer vision and pattern recognition (CVPR)},
  pages = {4834-4844},
  month = {June},
  year={2021}
}

@article{zielonka2022insta,
  title        = {Instant Volumetric Head Avatars},
  author       = {Wojciech Zielonka and Timo Bolkart and Justus Thies},
  journal      = {2023 IEEE/CVF Conference on Computer Vision and Pattern Recognition (CVPR)},
  year         = {2022},
  pages        = {4574--4584}
}

