@article{perov2020deepfacelab,
  title={DeepFaceLab: Integrated, flexible and extensible face-swapping framework},
  author={Perov, Ivan and Gao, Daiheng and Chervoniy, Nikolay and Liu, Kunlin and Marangonda, Sugasa and Um{\'e}, Chris and Facenheim, Carl Shift and RP, Luis and Jiang, Jian and Zhang, Sheng and others},
  journal={arXiv preprint arXiv:2005.05535},
  year={2020}
}

@article{sarkar2021style,
  title={Style and pose control for image synthesis of humans from a single monocular view},
  author={Sarkar, Kripasindhu and Golyanik, Vladislav and Liu, Lingjie and Theobalt, Christian},
  journal={arXiv preprint arXiv:2102.11263},
  year={2021}
}

@inproceedings{shu2022few,
  title={Few-shot head swapping in the wild},
  author={Shu, Changyong and Wu, Hemao and Zhou, Hang and Liu, Jiaming and Hong, Zhibin and Ding, Changxing and Han, Junyu and Liu, Jingtuo and Ding, Errui and Wang, Jingdong},
  booktitle={Proceedings of the IEEE/CVF Conference on Computer Vision and Pattern Recognition},
  pages={10789--10798},
  year={2022}
}

@misc{han2023generalist,
      title={A Generalist FaceX via Learning Unified Facial Representation}, 
      author={Yue Han and Jiangning Zhang and Junwei Zhu and Xiangtai Li and Yanhao Ge and Wei Li and Chengjie Wang and Yong Liu and Xiaoming Liu and Ying Tai},
      year={2023},
      eprint={2401.00551},
      archivePrefix={arXiv},
      primaryClass={cs.CV}
}

@inproceedings{ronneberger2015u,
  title={U-net: Convolutional networks for biomedical image segmentation},
  author={Ronneberger, Olaf and Fischer, Philipp and Brox, Thomas},
  booktitle={Medical image computing and computer-assisted intervention--MICCAI 2015: 18th international conference, Munich, Germany, October 5-9, 2015, proceedings, part III 18},
  pages={234--241},
  year={2015},
  organization={Springer}
}

@inproceedings{Karras2021,
  author = {Tero Karras and Miika Aittala and Samuli Laine and Erik H\"ark\"onen and Janne Hellsten and Jaakko Lehtinen and Timo Aila},
  title = {Alias-Free Generative Adversarial Networks},
  booktitle = {Proc. NeurIPS},
  year = {2021}
}

@inproceedings{Karras2019stylegan2,
  title     = {Analyzing and Improving the Image Quality of {StyleGAN}},
  author    = {Tero Karras and Samuli Laine and Miika Aittala and Janne Hellsten and Jaakko Lehtinen and Timo Aila},
  booktitle = {Proc. CVPR},
  year      = {2020}
}

@inproceedings{deng2019arcface,
  title={Arcface: Additive angular margin loss for deep face recognition},
  author={Deng, Jiankang and Guo, Jia and Xue, Niannan and Zafeiriou, Stefanos},
  booktitle={Proceedings of the IEEE/CVF conference on computer vision and pattern recognition},
  pages={4690--4699},
  year={2019}
}

@ARTICLE{ghostfacenet2023,
  author={Alansari, Mohamad and Hay, Oussama Abdul and Javed, Sajid and Shoufan, Abdulhadi and Zweiri, Yahya and Werghi, Naoufel},
  journal={IEEE Access}, 
  title={GhostFaceNets: Lightweight Face Recognition Model From Cheap Operations}, 
  year={2023},
  volume={11},
  number={},
  pages={35429-35446},
  doi={10.1109/ACCESS.2023.3266068}}

@inproceedings{cao2018vggface2,
  title={Vggface2: A dataset for recognising faces across pose and age},
  author={Cao, Qiong and Shen, Li and Xie, Weidi and Parkhi, Omkar M and Zisserman, Andrew},
  booktitle={2018 13th IEEE international conference on automatic face \& gesture recognition (FG 2018)},
  pages={67--74},
  year={2018},
  organization={IEEE}
}

@article{wang2022hs,
  title={Hs-diffusion: Semantic-mixing diffusion for head swapping},
  author={Wang, Qinghe and Liu, Lijie and Hua, Miao and Zhu, Pengfei and Zuo, Wangmeng and Hu, Qinghua and Lu, Huchuan and Cao, Bing},
  journal={arXiv preprint arXiv:2212.06458},
  year={2022}
}

@article{goodfellow2014generative,
  title={Generative adversarial nets},
  author={Goodfellow, Ian and Pouget-Abadie, Jean and Mirza, Mehdi and Xu, Bing and Warde-Farley, David and Ozair, Sherjil and Courville, Aaron and Bengio, Yoshua},
  journal={Advances in neural information processing systems},
  volume={27},
  year={2014}
}

@article{ho2020denoising,
  title={Denoising diffusion probabilistic models},
  author={Ho, Jonathan and Jain, Ajay and Abbeel, Pieter},
  journal={Advances in neural information processing systems},
  volume={33},
  pages={6840--6851},
  year={2020}
}

@InProceedings{Burkov_2020_CVPR,
author = {Burkov, Egor and Pasechnik, Igor and Grigorev, Artur and Lempitsky, Victor},
title = {Neural Head Reenactment with Latent Pose Descriptors},
booktitle = {IEEE/CVF Conference on Computer Vision and Pattern Recognition (CVPR)},
month = {June},
year = {2020}
}

@inproceedings{Drobyshev22MP,
                author = {Drobyshev, Nikita and Chelishev, Jenya and Khakhulin, Taras and Ivakhnenko, Aleksei and Lempitsky, Victor and Zakharov, Egor},
                title = {MegaPortraits: One-shot Megapixel Neural Head Avatars},
                journal   = {Proceedings of the 30th ACM International Conference on Multimedia},
                year      = {2022},
      }

@article{zhang2022metaportrait,
        title={MetaPortrait: Identity-Preserving Talking Head Generation with Fast Personalized Adaptation}, 
        author={Bowen Zhang and Chenyang Qi and Pan Zhang and Bo Zhang and HsiangTao Wu and Dong Chen and Qifeng Chen and Yong Wang and Fang Wen},a
        journal={arXiv:2212.08062},
        year={2022},
  }

@inproceedings{
wang2022latent,
title={Latent Image Animator: Learning to Animate Images via Latent Space Navigation},
author={Yaohui Wang and Di Yang and Francois Bremond and Antitza Dantcheva},
booktitle={International Conference on Learning Representations},
year={2022}
}

@InProceedings{Siarohin_2019_NeurIPS,
  author={Siarohin, Aliaksandr and Lathuilière, Stéphane and Tulyakov, Sergey and Ricci, Elisa and Sebe, Nicu},
  title={First Order Motion Model for Image Animation},
  booktitle = {Conference on Neural Information Processing Systems (NeurIPS)},
  month = {December},
  year = {2019}
}

@inproceedings{zakharov2020fast,
  title={Fast bi-layer neural synthesis of one-shot realistic head avatars},
  author={Zakharov, Egor and Ivakhnenko, Aleksei and Shysheya, Aliaksandra and Lempitsky, Victor},
  booktitle={Computer Vision--ECCV 2020: 16th European Conference, Glasgow, UK, August 23--28, 2020, Proceedings, Part XII 16},
  pages={524--540},
  year={2020},
  organization={Springer}
}

@inproceedings{drobyshev2024emoportraits,
  title={EMOPortraits: Emotion-enhanced Multimodal One-shot Head Avatars},
  author={Drobyshev, Nikita and Casademunt, Antoni Bigata and Vougioukas, Konstantinos and Landgraf, Zoe and Petridis, Stavros and Pantic, Maja},
  booktitle={Proceedings of the IEEE/CVF Conference on Computer Vision and Pattern Recognition},
  pages={8498--8507},
  year={2024}
}

@InProceedings{Pang_2023_CVPR,
    author    = {Pang, Youxin and Zhang, Yong and Quan, Weize and Fan, Yanbo and Cun, Xiaodong and Shan, Ying and Yan, Dong-Ming},
    title     = {DPE: Disentanglement of Pose and Expression for General Video Portrait Editing},
    booktitle = {Proceedings of the IEEE/CVF Conference on Computer Vision and Pattern Recognition (CVPR)},
    month     = {June},
    year      = {2023},
    pages     = {427-436}
}

@inproceedings{ren2021pirenderer,
  title={Pirenderer: Controllable portrait image generation via semantic neural rendering},
  author={Ren, Yurui and Li, Ge and Chen, Yuanqi and Li, Thomas H and Liu, Shan},
  booktitle={Proceedings of the IEEE/CVF international conference on computer vision},
  pages={13759--13768},
  year={2021}
}

@inproceedings{yin2022styleheat,
  title={Styleheat: One-shot high-resolution editable talking face generation via pre-trained stylegan},
  author={Yin, Fei and Zhang, Yong and Cun, Xiaodong and Cao, Mingdeng and Fan, Yanbo and Wang, Xuan and Bai, Qingyan and Wu, Baoyuan and Wang, Jue and Yang, Yujiu},
  booktitle={European conference on computer vision},
  pages={85--101},
  year={2022},
  organization={Springer}
}

@inproceedings{qian2024gaussianavatars,
  title={Gaussianavatars: Photorealistic head avatars with rigged 3d gaussians},
  author={Qian, Shenhan and Kirschstein, Tobias and Schoneveld, Liam and Davoli, Davide and Giebenhain, Simon and Nie{\ss}ner, Matthias},
  booktitle={Proceedings of the IEEE/CVF Conference on Computer Vision and Pattern Recognition},
  pages={20299--20309},
  year={2024}
}

@inproceedings{giebenhain2024npga,
 author    = {Simon Giebenhain and Tobias Kirschstein and  Martin R{\"{u}}nz and Lourdes Agapito and Matthias Nie{\ss}ner},
 title     = {NPGA: Neural Parametric Gaussian Avatars},
 booktitle = {SIGGRAPH Asia 2024 Conference Papers (SA Conference Papers '24), December 3-6, Tokyo, Japan},
 doi       = {10.1145/3680528.3687689},
 isbn      = {979-8-4007-1131-2/24/12},
 year      = {2024},
}


@article{zielonka2022insta,
  title        = {Instant Volumetric Head Avatars},
  author       = {Wojciech Zielonka and Timo Bolkart and Justus Thies},
  journal      = {2023 IEEE/CVF Conference on Computer Vision and Pattern Recognition (CVPR)},
  year         = {2022},
  pages        = {4574--4584}
}

 @inproceedings{Khakhulin2022ROME,
              author    = {Khakhulin, Taras and Sklyarova, Vanessa and Lempitsky, Victor and Zakharov, Egor},
              title     = {Realistic One-shot Mesh-based Head Avatars},
              booktitle = {European Conference of Computer vision (ECCV)},
              year      = {2022}
      }

@inproceedings{xu2023avatarmav,
  title={Avatarmav: Fast 3d head avatar reconstruction using motion-aware neural voxels},
  author={Xu, Yuelang and Wang, Lizhen and Zhao, Xiaochen and Zhang, Hongwen and Liu, Yebin},
  booktitle={ACM SIGGRAPH 2023 Conference Proceedings},
  pages={1--10},
  year={2023}
}

@inproceedings{zheng2023pointavatar,
  title={Pointavatar: Deformable point-based head avatars from videos},
  author={Zheng, Yufeng and Yifan, Wang and Wetzstein, Gordon and Black, Michael J and Hilliges, Otmar},
  booktitle={Proceedings of the IEEE/CVF conference on computer vision and pattern recognition},
  pages={21057--21067},
  year={2023}
}

@inproceedings{grassal2022neural,
                title={Neural head avatars from monocular RGB videos},
                author={Grassal, Philip-William and Prinzler, Malte and Leistner, Titus and 
                        Rother, Carsten and Nie{\ss}ner, Matthias and Thies, Justus},
                booktitle={Proceedings of the IEEE/CVF Conference on Computer Vision and Pattern Recognition},
                pages={18653--18664},
                year={2022}
            }

@inproceedings{bai2023learning,
  title={Learning personalized high quality volumetric head avatars from monocular rgb videos},
  author={Bai, Ziqian and Tan, Feitong and Huang, Zeng and Sarkar, Kripasindhu and Tang, Danhang and Qiu, Di and Meka, Abhimitra and Du, Ruofei and Dou, Mingsong and Orts-Escolano, Sergio and others},
  booktitle={Proceedings of the IEEE/CVF Conference on Computer Vision and Pattern Recognition},
  pages={16890--16900},
  year={2023}
}

@inproceedings{zheng2022imavatar,
  title={{I} {M} {Avatar}: Implicit Morphable Head Avatars from Videos},
  author={Zheng, Yufeng and Abrevaya, Victoria Fernández and Bühler, Marcel C. and Chen, Xu and Black, Michael J. and Hilliges, Otmar},
  booktitle = {Computer Vision and Pattern Recognition (CVPR)},
  year = {2022}
}

@inproceedings{ma2023otavatar,
  title={Otavatar: One-shot talking face avatar with controllable tri-plane rendering},
  author={Ma, Zhiyuan and Zhu, Xiangyu and Qi, Guo-Jun and Lei, Zhen and Zhang, Lei},
  booktitle={Proceedings of the IEEE/CVF Conference on Computer Vision and Pattern Recognition},
  pages={16901--16910},
  year={2023}
}

@inproceedings{ye2024real3dportrait,
    author    = {Ye, Zhenhui and Zhong, Tianyun and Ren, Yi and Yang, Jiaqi and Li, Weichuang and Huang, Jiangwei and Jiang, Ziyue and He, Jinzheng and Huang, Rongjie and Liu, Jinglin and Zhang, Chen and Yin, Xiang and Ma, Zejun and Zhao, Zhou},
    title     = {Real3D-Portrait: One-shot Realistic 3D Talking Portrait Synthesis},
    journal   = {ICLR},
    year      = {2024},
  }

@inproceedings{sun2023next3d,
      author = {Sun, Jingxiang and Wang, Xuan and Wang, Lizhen and Li, Xiaoyu and Zhang, Yong and Zhang, Hongwen and Liu, Yebin},
      title = {Next3D: Generative Neural Texture Rasterization for 3D-Aware Head Avatars},
      booktitle = {CVPR},
      year = {2023}
}

@inproceedings{NEURIPS2023_937ae0e8,
 author = {Li, Xueting and De Mello, Shalini and Liu, Sifei and Nagano, Koki and Iqbal, Umar and Kautz, Jan},
 booktitle = {Advances in Neural Information Processing Systems},
 editor = {A. Oh and T. Naumann and A. Globerson and K. Saenko and M. Hardt and S. Levine},
 pages = {47239--47250},
 publisher = {Curran Associates, Inc.},
 title = {Generalizable One-shot 3D Neural Head Avatar},
 volume = {36},
 year = {2023}
}

@inproceedings{DECA:Siggraph2021,
  title={Learning an Animatable Detailed {3D} Face Model from In-The-Wild Images},
  author={Feng, Yao and Feng, Haiwen and Black, Michael J. and Bolkart, Timo},
  journal = {ACM Transactions on Graphics, (Proc. SIGGRAPH)}, 
  volume = {40}, 
  number = {8}, 
  year = {2021},
}

@inproceedings{
    chu2024gpavatar,
    title={{GPA}vatar: Generalizable and Precise Head Avatar from Image(s)},
    author={Xuangeng Chu and Yu Li and Ailing Zeng and Tianyu Yang and Lijian Lin and Yunfei Liu and Tatsuya Harada},
    booktitle={The Twelfth International Conference on Learning Representations},
    year={2024},
}

@inproceedings{deng2024portrait4d,
	title={Portrait4D: Learning One-Shot 4D Head Avatar Synthesis using Synthetic Data},
	author={Deng, Yu and Wang, Duomin and Ren, Xiaohang and Chen, Xingyu and Wang, Baoyuan},
	booktitle={IEEE/CVF Conference on Computer Vision and Pattern Recognition},
	year={2024}
}

@inproceedings{huang2017adain,
  title={Arbitrary Style Transfer in Real-time with Adaptive Instance Normalization},
  author={Huang, Xun and Belongie, Serge},
  booktitle={ICCV},
  year={2017}
}

@InProceedings{Fischer_2018_ECCV,
author = {Fischer, Tobias and Chang, Hyung Jin and Demiris, Yiannis},
title = {RT-GENE: Real-Time Eye Gaze Estimation in Natural Environments},
booktitle = {Proceedings of the European Conference on Computer Vision (ECCV)},
month = {September},
year = {2018}
}

@inproceedings{EMOCA:CVPR:2021,
  title = {{EMOCA}: {E}motion Driven Monocular Face Capture and Animation},
  author = {Danecek, Radek and Black, Michael J. and Bolkart, Timo},
  booktitle = {Conference on Computer Vision and Pattern Recognition (CVPR)},
  pages = {20311--20322},
  year = {2022}
}

@article{chung2018voxceleb2,
  title={Voxceleb2: Deep speaker recognition},
  author={Chung, Joon Son and Nagrani, Arsha and Zisserman, Andrew},
  journal={arXiv preprint arXiv:1806.05622},
  year={2018}
}

@inproceedings{wang2023exploring,
  title={Exploring clip for assessing the look and feel of images},
  author={Wang, Jianyi and Chan, Kelvin CK and Loy, Chen Change},
  booktitle={Proceedings of the AAAI Conference on Artificial Intelligence},
  volume={37},
  number={2},
  pages={2555--2563},
  year={2023}
}

@InProceedings{Su_2020_CVPR,
author = {Su, Shaolin and Yan, Qingsen and Zhu, Yu and Zhang, Cheng and Ge, Xin and Sun, Jinqiu and Zhang, Yanning},
title = {Blindly Assess Image Quality in the Wild Guided by a Self-Adaptive Hyper Network},
booktitle = {IEEE/CVF Conference on Computer Vision and Pattern Recognition (CVPR)},
month = {June},
year = {2020}
}

@INPROCEEDINGS{vggface2,
  author={Cao, Qiong and Shen, Li and Xie, Weidi and Parkhi, Omkar M. and Zisserman, Andrew},
  booktitle={2018 13th IEEE International Conference on Automatic Face & Gesture Recognition (FG 2018)}, 
  title={VGGFace2: A Dataset for Recognising Faces across Pose and Age}, 
  year={2018},
  volume={},
  number={},
  pages={67-74},
  keywords={Face;Face recognition;Training;Videos;Google;Manuals;Benchmark testing;face dataset;face recognition;convolutional neural networks},
  doi={10.1109/FG.2018.00020}}

@inproceedings{zhang2018perceptual,
  title={The Unreasonable Effectiveness of Deep Features as a Perceptual Metric},
  author={Zhang, Richard and Isola, Phillip and Efros, Alexei A and Shechtman, Eli and Wang, Oliver},
  booktitle={CVPR},
  year={2018}
}

@inproceedings{NIPS2017_8a1d6947,
 author = {Heusel, Martin and Ramsauer, Hubert and Unterthiner, Thomas and Nessler, Bernhard and Hochreiter, Sepp},
 booktitle = {Advances in Neural Information Processing Systems},
 editor = {I. Guyon and U. Von Luxburg and S. Bengio and H. Wallach and R. Fergus and S. Vishwanathan and R. Garnett},
 pages = {},
 publisher = {Curran Associates, Inc.},
 title = {GANs Trained by a Two Time-Scale Update Rule Converge to a Local Nash Equilibrium},
 volume = {30},
 year = {2017}
}

@article{Wang2004ImageQA,
  title={Image quality assessment: from error visibility to structural similarity},
  author={Zhou Wang and Alan Conrad Bovik and Hamid R. Sheikh and Eero P. Simoncelli},
  journal={IEEE Transactions on Image Processing},
  year={2004},
  volume={13},
  pages={600-612},
}

@article{kingma2014adam,
  title={Adam: A method for stochastic optimization},
  author={Kingma, Diederik P},
  journal={arXiv preprint arXiv:1412.6980},
  year={2014}
}

@article{miyato2018spectral,
  title={Spectral normalization for generative adversarial networks},
  author={Miyato, Takeru and Kataoka, Toshiki and Koyama, Masanori and Yoshida, Yuichi},
  journal={arXiv preprint arXiv:1802.05957},
  year={2018}
}

@inproceedings{xie2017aggregated,
  title={Aggregated residual transformations for deep neural networks},
  author={Xie, Saining and Girshick, Ross and Doll{\'a}r, Piotr and Tu, Zhuowen and He, Kaiming},
  booktitle={Proceedings of the IEEE conference on computer vision and pattern recognition},
  pages={1492--1500},
  year={2017}
}

@inproceedings{duta2021improved,
  title={Improved residual networks for image and video recognition},
  author={Duta, Ionut Cosmin and Liu, Li and Zhu, Fan and Shao, Ling},
  booktitle={2020 25th International Conference on Pattern Recognition (ICPR)},
  pages={9415--9422},
  year={2021},
  organization={IEEE}
}

@inproceedings{sandler2018mobilenetv2,
  title={Mobilenetv2: Inverted residuals and linear bottlenecks},
  author={Sandler, Mark and Howard, Andrew and Zhu, Menglong and Zhmoginov, Andrey and Chen, Liang-Chieh},
  booktitle={Proceedings of the IEEE conference on computer vision and pattern recognition},
  pages={4510--4520},
  year={2018}
}



@article{simonyan2014very,
  title={Very deep convolutional networks for large-scale image recognition},
  author={Simonyan, Karen and Zisserman, Andrew},
  journal={arXiv preprint arXiv:1409.1556},
  year={2014}
}

@inproceedings{sudre2017generalised,
  title={Generalised dice overlap as a deep learning loss function for highly unbalanced segmentations},
  author={Sudre, Carole H and Li, Wenqi and Vercauteren, Tom and Ourselin, Sebastien and Jorge Cardoso, M},
  booktitle={Deep Learning in Medical Image Analysis and Multimodal Learning for Clinical Decision Support: Third International Workshop, DLMIA 2017, and 7th International Workshop, ML-CDS 2017, Held in Conjunction with MICCAI 2017, Qu{\'e}bec City, QC, Canada, September 14, Proceedings 3},
  pages={240--248},
  year={2017},
  organization={Springer}
}

@article{salimans2016improved,
  title={Improved techniques for training gans},
  author={Salimans, Tim and Goodfellow, Ian and Zaremba, Wojciech and Cheung, Vicki and Radford, Alec and Chen, Xi},
  journal={Advances in neural information processing systems},
  volume={29},
  year={2016}
}

@misc{wei2024aniportrait,
      title={AniPortrait: Audio-Driven Synthesis of Photorealistic Portrait Animations}, 
      author={Huawei Wei and Zejun Yang and Zhisheng Wang},
      year={2024},
      eprint={2403.17694},
      archivePrefix={arXiv},
      primaryClass={cs.CV}
}

@inproceedings{wiles2018x2face,
  title={X2face: A network for controlling face generation using images, audio, and pose codes},
  author={Wiles, Olivia and Koepke, A and Zisserman, Andrew},
  booktitle={Proceedings of the European conference on computer vision (ECCV)},
  pages={670--686},
  year={2018}
}

@InProceedings{Zakharov20,
  author={Zakharov, Egor and Ivakhnenko, Aleksei and Shysheya, Aliaksandra and Lempitsky, Victor},
  title={Fast Bi-layer Neural Synthesis of One-Shot Realistic Head Avatars},
  booktitle = {European Conference of Computer vision (ECCV)},
  month = {August},
  year = {2020}}

@inproceedings{hong2022depth,
            title={Depth-Aware Generative Adversarial Network for Talking Head Video Generation},
            author={Hong, Fa-Ting and Zhang, Longhao and Shen, Li and Xu, Dan},
            journal={IEEE/CVF Conference on Computer Vision and Pattern Recognition (CVPR)},
            year={2022}
          }

@article{Wang2022LatentIA,
  title={Latent Image Animator: Learning to Animate Images via Latent Space Navigation},
  author={Yaohui Wang and Di Yang and François Br{\'e}mond and Antitza Dantcheva},
  journal={ArXiv},
  year={2022},
  volume={abs/2203.09043},
}

@inproceedings{rochow2024fsrt,
  title={{FSRT}: Facial Scene Representation Transformer for Face Reenactment from Factorized Appearance, Head-pose, and Facial Expression Features},
  author={Rochow, Andre and Schwarz, Max and Behnke, Sven},
  booktitle={IEEE/CVF Conference on Computer Vision and Pattern Recognition (CVPR)},
  pages={7716--7726},
  year={2024}
}

@inproceedings{zhao2022thin,
  title={Thin-plate spline motion model for image animation},
  author={Zhao, Jian and Zhang, Hui},
  booktitle={Proceedings of the IEEE/CVF Conference on Computer Vision and Pattern Recognition},
  pages={3657--3666},
  year={2022}
}

@article{karras2019style,
  title={A Style-Based Generator Architecture for Generative Adversarial Networks},
  author={Karras, Tero},
  journal={arXiv preprint arXiv:1812.04948},
  year={2019}
}

@misc{rombach2021highresolution,
      title={High-Resolution Image Synthesis with Latent Diffusion Models}, 
      author={Robin Rombach and Andreas Blattmann and Dominik Lorenz and Patrick Esser and Björn Ommer},
      year={2021},
      eprint={2112.10752},
      archivePrefix={arXiv},
      primaryClass={cs.CV}
}

@inproceedings{lin2017feature,
  title={Feature pyramid networks for object detection},
  author={Lin, Tsung-Yi and Doll{\'a}r, Piotr and Girshick, Ross and He, Kaiming and Hariharan, Bharath and Belongie, Serge},
  booktitle={Proceedings of the IEEE conference on computer vision and pattern recognition},
  pages={2117--2125},
  year={2017}
}

@article{suvorov2021resolution,
  title={Resolution-robust Large Mask Inpainting with Fourier Convolutions},
  author={Suvorov, Roman and Logacheva, Elizaveta and Mashikhin, Anton and Remizova, Anastasia and Ashukha, Arsenii and Silvestrov, Aleksei and Kong, Naejin and Goka, Harshith and Park, Kiwoong and Lempitsky, Victor},
  journal={arXiv preprint arXiv:2109.07161},
  year={2021}
}

@inproceedings{simswap2020,
  author    = {Renwang Chen and
               Xuanhong Chen and
               Bingbing Ni and
               Yanhao Ge},
  title     = {SimSwap: An Efficient Framework For High Fidelity Face Swapping},
  booktitle = {{MM} '20: The 28th {ACM} International Conference on Multimedia},
  year      = {2020}
}

@article{hififace2021,
  author    = {Yuhan Wang and
               Xu Chen and
               Junwei Zhu and
               Wenqing Chu and
               Ying Tai and
               Chengjie Wang and
               Jilin Li and
               Yongjian Wu and
               Feiyue Huang and
               Rongrong Ji},
  title     = {HifiFace: 3D Shape and Semantic Prior Guided High Fidelity Face Swapping},
  journal   = {CoRR},
  volume    = {abs/2106.09965},
  year      = {2021}
}

@article{ghost2022,  
         author={Groshev, Alexander and Maltseva, Anastasia and Chesakov, Daniil and Kuznetsov, Andrey and Dimitrov, Denis},  
         journal={IEEE Access},   
         title={GHOST—A New Face Swap Approach for Image and Video Domains},   
         year={2022},  
         volume={10},  
         number={},  
         pages={83452-83462},  
         doi={10.1109/ACCESS.2022.3196668}
}

@inproceedings{zhu2021megafs,
  title={One Shot Face Swapping on Megapixels},
  author={Zhu, Yuhao and Li, Qi and Wang, Jian and Xu, Chengzhong and Sun, Zhenan},
  booktitle={Proceedings of the IEEE conference on computer vision and pattern recognition (CVPR)},
  pages = {4834-4844},
  month = {June},
  year={2021}
}

@article{EasyPortrait,
    title={EasyPortrait - Face Parsing and Portrait Segmentation Dataset},
    author={Kapitanov, Alexander and Kvanchiani, Karina and Kirillova Sofia},
    journal={arXiv preprint arXiv:2304.13509},
    year={2023}
}

@inproceedings{xie2021segformer,
  title={SegFormer: Simple and Efficient Design for Semantic Segmentation with Transformers},
  author={Xie, Enze and Wang, Wenhai and Yu, Zhiding and Anandkumar, Anima and Alvarez, Jose M and Luo, Ping},
  booktitle={Neural Information Processing Systems (NeurIPS)},
  year={2021}
}

@misc{kandinsky2.2,
  title         = {kandinsky 2.2},
  author        = {Shakhmatov, Arseniy and Razzhigaev, Anton and Nikolich, Aleksandr and Arkhipkin, Vladimir and Pavlov, Igor and Kuznetsov, Andrey and Dimitrov, Denis},
  year          = {2023},
  howpublished  = {},
}

@article{zhao2023diffswap,
  title={DiffSwap: High-Fidelity and Controllable Face Swapping via 3D-Aware Masked Diffusion},
  author={Zhao, Wenliang and Rao, Yongming and Shi, Weikang and Liu, Zuyan and Zhou, Jie and Lu, Jiwen},
  journal={CVPR},
  year={2023}
}

@misc{chen2024hifivfshighfidelityvideo,
      title={HiFiVFS: High Fidelity Video Face Swapping}, 
      author={Xu Chen and Keke He and Junwei Zhu and Yanhao Ge and Wei Li and Chengjie Wang},
      year={2024},
      eprint={2411.18293},
      archivePrefix={arXiv},
      primaryClass={cs.CV},
}

@article{kirschstein2023diffusionavatars,
  title={DiffusionAvatars: Deferred Diffusion for High-fidelity 3D Head Avatars},
  author={Kirschstein, Tobias and Giebenhain, Simon and Nie{\ss}ner, Matthias},
  journal={arXiv preprint arXiv:2311.18635},
  year={2023}
}

@inproceedings{yu2018bisenet,
  title={Bisenet: Bilateral segmentation network for real-time semantic segmentation},
  author={Yu, Changqian and Wang, Jingbo and Peng, Chao and Gao, Changxin and Yu, Gang and Sang, Nong},
  booktitle={Proceedings of the European conference on computer vision (ECCV)},
  pages={325--341},
  year={2018}
}

@INPROCEEDINGS{1292216,
  author={Wang, Z. and Simoncelli, E.P. and Bovik, A.C.},
  booktitle={The Thrity-Seventh Asilomar Conference on Signals, Systems and Computers, 2003}, 
  title={Multiscale structural similarity for image quality assessment}, 
  year={2003},
  volume={2},
  number={},
  pages={1398-1402 Vol.2},
  keywords={Image quality;Signal processing;Humans;Visual system;Data mining;Layout;Distortion measurement;Displays;Optical filters;Electric variables measurement},
  doi={10.1109/ACSSC.2003.1292216}}
