@STRING{aaai    = {Proc.~of the Conf.~on Advancements of Artificial Intelligence (AAAI)} }
@STRING{aaaiold = {Proc.~of the National Conf.~on Artificial Intelligence (AAAI)} }
@STRING{aamas   = {Proc.~of the International Conf.~on Autonomous Agents and Multi-Agent Systems (AAMAS)}}
@STRING{ac      = {IEEE Trans. on Automatic Control} }
@STRING{acc     = {Proc.~of the IEEE American Control Conference (ACC)} }
@STRING{accv    = {Proc.~of the Asian Conf.~on Computer Vision (ACCV)} }
@STRING{acmcs   = {ACM Computing Surveys} }
@STRING{acmgraphics={ACM Trans.~on Graphics} }
@STRING{acmsuist={ACM Symposium on User Interface Software and Technology} }
@STRING{acra    = {Proc.~of the Australasian Conf.~on Robotics and Automation (ACRA)} }
@STRING{addison = {Addison-Wesley Publishing Inc.} }
@STRING{advancedrobotics={Advanced Robotics} }
@STRING{agsys    = {Agricultural Systems} }
@STRING{ai      = {Artificial Intelligence} }
@STRING{ams     = {Proc.~of Autonome Mobile Systeme} }
@STRING{annurevcontrol = {Annual Review of Control, Robotics, and Autonomous Systems} }
@STRING{ar      = {Autonomous Robots} }
@STRING{arpb = {Annual review of plant biology}}
@STRING{arxiv   = {arXiv preprint} }
@STRING{biosyseng={Biosystems Engineering} }
@STRING{bmcbio = {BMC Bioinformatics} }
@STRING{bmvc    = {Proc.~of British Machine Vision Conference (BMVC)} }
@STRING{case    = {Proc.~of the International Conf.~on Automation Science and Engineering (CASE)} }
@STRING{cacm    = {Communications of the ACM} }
@STRING{ccvw    = {Proc.~of the Croation Computer Vision Workshop (CCVW)} }
@STRING{cdc     = {Proceedings of the Conference on Decision Making and Control (CDC)}}
@STRING{cea     = {Computers and Electronics in Agriculture} }
@STRING{cigr    = {Proc.~of the International Conf.~of Agricultural Engineering (CIGR)} }
@STRING{cira    = {Proc.~of the IEEE Intl.~Symp. on Computer Intelligence in Robotics and Automation (CIRA)} }
@STRING{cob = {Current opinion in biotechnology}}
@STRING{cogsys  = {Proc.~of the Intl.~Conf.~on Cognitive Systems (CogSys)} }
@STRING{corl   = {Proc.~of the Conf.~on Robot Learning (CoRL)} }
@STRING{crews   = {Proc.~of the SPIE Conf.~on Reconnaissance and Electronic Warfare System} }
@STRING{cvgip   = {Computer vision, graphics, and image processing} }
@STRING{cviu    = {Journal of Computer Vision and Image Understanding (CVIU)} }
@STRING{cvpr    = {Proc.~of the IEEE/CVF Conf.~on Computer Vision and Pattern Recognition (CVPR)} }
@STRING{cvprold = {Proc.~of the IEEE Conf.~on Computer Vision and Pattern Recognition (CVPR)} }
@STRING{cvprws    = {Proc.~of the IEEE/CVF Conf. on Computer Vision and Pattern Recognition Workshops} }
@STRING{cvvt    = {Proc.~of the Intl.~Workshop on Computer Vision in Vehicle Technology (CVVT)} }
@STRING{crv     = {Proc.~of the Conf.~on Computer and Robot Vision (CRV)} }
@STRING{dagm    = {Proc.~of the Symposium of the German Association for Pattern Recognition (DAGM)} }
@STRING{dagstuhl= {Proc.~of the Dagstuhl Seminar} }
@STRING{dars    = {Distributed Autonomous Robotic Systems}}
@STRING{dgpf    = {Proc.~of the Conf.~of the German Society for Photogrammetry, Remote Sensing and Geoinformation (DGPF)} }
@STRING{eccv    = {Proc.~of the Europ.~Conf.~on Computer Vision (ECCV)} }
@STRING{eccvws    = {Proc.~of the Europ.~Conf.~on Computer Vision Workshops}}
@STRING{ecmr    = {Proc.~of the Europ.~Conf.~on Mobile Robotics (ECMR)} }
@STRING{ecml = {Proc.~of the Europ.~Conf.~on Machine Learning (ECML)}}
@STRING{emav    = {Proc.~of the European Micro Aerial Vehicle Conference} }
@STRING{esa     = {Expert Systems with Applications} }
@STRING{etfa    = {Proc.~of the IEEE Int.~Conf.~on Emerging Technologies Factory Automation (ETFA)} }
@STRING{euros   = {Proc.~of the Europ.~Robotics Symp. (EUROS)} }
@STRING{fntr    = {Foundations and Trends in Robotics} }
@STRING{fps = {Frontiers in plant science} }
@STRING{gcpr    = {Proc.~of the German Conf.~on Pattern Recognition (GCPR)} }
@STRING{grsl    = {IEEE Geoscience and Remote Sensing Letters} }
@STRING{humanoids={Proc.~of the IEEE Intl.~Conf.~on Humanoid Robots} }
@STRING{ias     = {Proc. of Int.~Conf.~on Intelligent Autonomous Systems (IAS)} }
@STRING{icar    = {Proc.~of the Int.~Conf.~on Advanced Robotics (ICAR)} }
@STRING{icces   = {Proc.~of the Intl.~Conf.~on Computer Engineering Systems (ICCES)} }
@STRING{iccv    = {Proc.~of the IEEE/CVF Intl.~Conf.~on Computer Vision (ICCV)} }
@STRING{iccvold = {Proc.~of the IEEE Intl.~Conf.~on Computer Vision (ICCV)} }
@STRING{iccvws  = {Proc.~of the Int.~Conf.~on Computer Vision Workshops} }
@STRING{iciap   = {Proc.~of the Intl.~Conf.~on Image Analysis and Processing (ICIAP)} }
@STRING{icif    = {Proc.~of the Int.~Conf.~on Information Fusion} }
@STRING{icip    = {Proc.~of the IEEE Intl.~Conf.~on Image Processing (ICIP)} }
@STRING{iclr    = {Proc.~of the Int.~Conf.~on Learning Representations (ICLR)}}
@STRING{icme    = {Proc.~of the IEEE Intl.~Conf.~on Multimedia and Expo}}
@STRING{icml    = {Proc.~of the Intl.~Conf.~on Machine Learning (ICML)} }
@STRING{icpr    = {Proc.~of the Intl.~Conf.~on Pattern Recognition (ICPR)} }
@STRING{icra    = {Proc.~of the IEEE Intl.~Conf.~on Robotics \& Automation (ICRA)} }
@STRING{icuas   = {Proc.~of the Intl.~Conf.~on Unmanned Aircraft Systems (ICUAS)} }
@STRING{ieeepress={IEEE Computer Society Press} }
@STRING{ifac    = {IFAC-PapersOnLine}}
@STRING{ijabe     = {Int.~J.~Agric \& Biol.~Eng.} }
@STRING{ijars   = {Intl.~Journal of Advanced Robotic Systems} }
@STRING{ijcai   = {Proc.~of the Intl.~Conf.~on Artificial Intelligence (IJCAI)} }
@STRING{ijcv    = {Intl.~Journal~of Computer Vision (IJCV)} }
@STRING{ijf    = {Intl.~Journal~of Forecasting (IJF)} }
@STRING{ijgi    = {Intl.~Journal of Geo-Information} }
@STRING{ijhr    = {The Int.~Journal of Humanoid Robotics (IJHR)} }
@STRING{ijrr    = {Intl.~Journal~of Robotics Research (IJRR)} }
@STRING{ijrs = {International Journal of Remote Sensing}}
@STRING{ijsip   = {Int. Journal of Signal Processing, Image Processing and Pattern Recognition} }
@STRING{imvip   = {Proc.~of the Irish Machine Vision and Image Processing Conference (IMVIP)} }
@STRING{iros    = {Proc.~of the IEEE/RSJ Intl.~Conf.~on Intelligent Robots and Systems (IROS)} }
@STRING{iser    = {Proc.~of the Intl.~Sym.~on Experimental Robotics (ISER)} }
@STRING{isic    = {Proc.~of the Intl.~Symp. on Intelligent Control (ISIC)}}
@STRING{ismar   = {Proc.~of the Intl.~Symposium~on Mixed and Augmented Reality (ISMAR)} }
@STRING{isprsannals={ISPRS Annals of the Photogrammetry, Remote Sensing and Spatial Information Sciences} }
@STRING{isprsarchives={ISPRS Archives of the Photogrammetry, Remote Sensing and Spatial Information Sciences} }
@STRING{isrr    = {Proc.~of the Intl.~Symposium~on Robotic Research (ISRR)} }
@STRING{itsc    = {Proc.~of the IEEE Intl.~Conf.~on Intelligent Transportation Systems (ITSC)} }
@STRING{iv      = {Proc.~of the IEEE Vehicles Symposium (IV)} }
@STRING{ivc     = {Journal on Image and Vision Computing (IVC)} }
@STRING{jacm    = {Journal of the ACM} }
@STRING{jaer    = {Journal of Agricultural Engineering Research} }
@STRING{jair    = {Journal of Artificial Intelligence Research (JAIR)} }
@STRING{jbe     = {ASME Journal of Basic Engineering} }
@STRING{jfr     = {Journal of Field Robotics (JFR)} }
@STRING{jirs    = {Journal of Intelligent and Robotic Systems (JIRS)} }
@STRING{jmiv    = {Journal of Mathematical Imaging and Vision} }
@STRING{jmlr = {Journal on Machine Learning Research~(JMLR)}}
@STRING{jmp     = {Mathematical Programming}}
@STRING{joe     = {IEEE Journal of Oceanic Engineering} }
@STRING{jprs    = {ISPRS Journal of Photogrammetry and Remote Sensing (JPRS)} }
@STRING{jra     = {IEEE Journal of Robotics and Automation} }
@STRING{jras    = {Journal on Robotics and Autonomous Systems (RAS)} }
@STRING{jvcir   = {Journal of Visual Communication and Image Representation~(JVCIR)} }
@STRING{lsno    = {Large-Scale Nonlinear Optimization}}
@STRING{m2rsm = {Proc.~of the IEEE Intl.~Workshop on Multi-Platform/Multi-Sensor Remote Sensing and Mapping}}
@STRING{mcg     = {Proc.~of the Intl.~Conf.~on Machine Control and Guidance (MCG)} }
@STRING{mirage  = {Proc.~of the Intl.~Conf.~on Computer Vision/Computer Graphics Collaboration Techniques and Applications (MIRAGE)} }
@STRING{mitpress= {MIT Press} }
@STRING{mg    = {Mathematical Geosciences} }
@STRING{ml      = {Machine Learning} }
@STRING{mobicom = {Proc.~of the {ACM} Intl.~Conf.~on Mobile Computing and Networking (MobiCom)} }
@STRING{mor     = {Mathematics of Operations Research} }
@STRING{mpc     = {Mathematical Programming Computation}}
@STRING{mva     = {Proc.~of the IAPR Conf.~on Machine Vision Applications (MVA)} }
@STRING{nas     = {National Academy of Sciences}}
@STRING{neurips = {Proc.~of the Conf. on Neural Information Processing Systems (NeurIPS)} }
@STRING{neuroc = {Neurocomputing}}
@STRING{nips    = {Proc.~of the Advances in Neural Information Processing Systems (NIPS)} }
@STRING{nipsws  = {Proc.~of the Advances in Neural Information Processing Systems Workshops} }
@STRING{npl = {Neural processing letters} }
@STRING{nrlq = {Naval research logistics quarterly} }
@STRING{oceans  = {Proc.~of OCEANS MTS/IEEE Conference and Exhibition} }
@STRING{paa     = {Pattern Analysis and Applications} }
@STRING{pagri   = {Precision Agriculture} }
@STRING{pami    = {IEEE Trans.~on Pattern Analysis and Machine Intelligence (TPAMI)} }
@STRING{pcv     = {Proc.~of the ISPRS Conference on Photogrammeric Computer Vision (PCV)} }
@STRING{pers    = {Photogrammetric Engineering and Remote Sensing (PE\&RS)} }
@STRING{pfg     = {Photogrammetrie -- Fernerkundung -- Geoinformation (PFG)} }
@STRING{phowo   = {Proc.~of the Photogrammetric Week (PhoWo)} }
@STRING{pia     = {Proc.~of the ISPRS Conference on Photogrammeric Image Analysis (PIA)} }
@STRING{pieee   = {Proc.~of the IEEE} }
@STRING{plantphysiology = {Plant Physiology} }
@STRING{plosone = {PLOS ONE} }
@STRING{pnas    = {Proc.~of the National Academy of Sciences}}
@STRING{pr      = {Pattern Recognition} }
@STRING{prl     = {Pattern Recognition Letters} }
@STRING{ral     = {IEEE Robotics and Automation Letters (RA-L)} }
@STRING{ram     = {IEEE Robotics and Automation Magazine (RAM)} }
@STRING{ras     = {Journal on Robotics and Autonomous Systems (RAS)} }
@STRING{rasmag  = {IEEE Robotics and Automation Magazine} }
@STRING{rs      = {Remote Sensing} }
@STRING{rss     = {Proc.~of Robotics: Science and Systems (RSS)} }
@STRING{rssbook = {Robotics: Science and Systems} }
@STRING{scia    = {Proc.~of the Scandinavian Conference on Image Analysis} }
@STRING{sensors = {Sensors} }
@STRING{siam    = {Society for Industrial and Applied Mathematics (SIAM)}}
@STRING{sice    = {Proc.~of the Annual Conference of the Society of Instrument and Control Engineers (SICE)} }
@string{sii     = {Proc.~of the Intl.~Symp.~on System Integration (SII)} }
@STRING{siggraph    = {Proc.~of the Intl.~Conf.~on Computer Graphics and Interactive Techniques (SIGGRAPH)} }
@STRING{sirev   = {SIAM Review (SIREV)}}
@STRING{smc     = {Proc.~of the IEEE Intl.~Conf.~on Systems, Man, and Cybernetics (SMC)} }
@STRING{snowbird= {Proc.~of the Learning Workshop (Snowbird)} }
@STRING{soave   = {Proc.~of the Workshop on Self-Organization of AdaptiVE behavior (SOAVE)} }
@STRING{spiesdvrs={Proc.~of SPIE Stereoscopic Displays and Virtual Reality Systems} }
@STRING{spiev   = {Proc.~of SPIE Videometrics} }
@STRING{springer= {Springer Verlag} }
@STRING{springerstaradvanced={STAR Springer Tracts in Advanced Robotics} }
@STRING{ssns = {Sensors, Systems, and Next-Generation Satellites}}
@STRING{ssrr = {Proc.~of the IEEE Intl.~Sym.~on Safety, Security, and Rescue Robotics (SSRR)} }
@STRING{talg    = {ACM Transactions on Algorithms (TALG)}}
@STRING{tarj    = {The Australian Rangeland Journal} }
@STRING{tgrs = {IEEE Trans.~on Geoscience and Remote Sensing}}
@STRING{threedv = {Proc.~of the Intl.~Conf.~on 3D Vision (3DV)} }
@STRING{tip     = {IEEE Trans.~on Image Processing} }
@STRING{tits    = {IEEE Trans.~on Intelligent Transportation Systems (T-ITS)} }
@STRING{titsmag = {IEEE Trans.~on Intelligent Transportation Systems Magazine} }
@STRING{tiv     = {IEEE Trans.~on Intelligent Vehicles} }
@STRING{tmlr    = {Trans.~on Machine Learning Research (TMLR)} }
@STRING{tog     = {ACM Trans.~on Graphics (TOG)} }
@STRING{tpami   = {IEEE Trans.~on Pattern Analysis and Machine Intelligence (TPAMI)} }
@STRING{tra     = {IEEE Trans.~on Robotics and Automation} }
@STRING{tro     = {IEEE Trans.~on Robotics (TRO)} }
@STRING{tsmc   = {IEEE Trans.~on Systems, Man, and Cybernetics} }
@STRING{tvcg     = {IEEE Trans.~on Visualization and Computer Graphics} }
@STRING{uai     = {Proc.~of the Conf.~on Uncertainty in Artificial Intelligence (UAI)} }
@STRING{uavg    = {Proc.~of the Intl.~Conf.~on Unmanned Aerial Vehicles in Geomatics} }
@STRING{uust    = {Proc.~of the Intl.~Symp.~on Unmanned Untethered Submersible Technology} }
@STRING{vc      = {The Visual Computer (VC)} }
@STRING{vldb    = {Proc.~of the Intl. Conf. on Very Large Database (VLDB)} }
@STRING{visapp    = {Proc.~of the Intl.~Conf.~of Computer Vision Theory and Applications (VISAPP)} }
@STRING{vmv     = {Proc.~of Vision, Modeling, Visualization (VMV)} }
@STRING{wacv    = {Proc.~of the IEEE Winter Conf.~on Applications of Computer Vision (WACV)} }
@STRING{wafr    = {Intl.~Workshop on the Algorithmic Foundations of Robotics (WAFR)} }
@STRING{wcica     = {Proc.~of the World Congress on Intelligent Control and Automation} }



@article{mascaro2024annurevcontrol,
   title = {{Scene Representations for Robotic Spatial Perception}},
   author = {Mascaro, Ruben and Chli, Margarita},
   journal = annurevcontrol,
   volume = {8},
   number = {5},
   pages = {1--27},
   year = {2024},
   url = {https://www.annualreviews.org/doi/pdf/10.1146/annurev-control-040423-030709}
}

@article{hughes2024ijrr,
  title ={{Foundations of spatial perception for robotics: Hierarchical representations and real-time systems}},
  author = {Hughes, Nathan and Chang, Yun and Hu, Siyi and Talak, Rajat and Abdulhai, Rumaia and Strader, Jared and Carlone, Luca},
  journal = ijrr,
  volume = {43},
  number = {10},
  pages = {1457--1505},
  year = {2024},
  url = {https://journals.sagepub.com/doi/epub/10.1177/02783649241229725}
}

@inproceedings{zhao2022rss-occslam, 
  title={{Occupancy-SLAM: Simultaneously Optimizing Robot Poses and Continuous Occupancy Map}}, 
  author={Zhao, Liang and Wang, Yingyu and Huang, Shoudong}, 
  booktitle=rss, 
  year={2022}, 
  url={https://www.roboticsproceedings.org/rss18/p003.pdf}
} 

@inproceedings{reijgwart2023rss-wavemap,
  title = {{Efficient volumetric mapping of multi-scale environments using wavelet-based compression}},
  author = {Reijgwart, Victor and Cadena, Cesar and Siegwart, Roland and Ott, Lionel},
  booktitle=rss,
  year = {2023},
  url = {https://www.roboticsproceedings.org/rss19/p065.pdf},
  codeurl = {https://github.com/ethz-asl/wavemap}
}

@inproceedings{zhang2018cvpr-lpips,
  title={{The Unreasonable Effectiveness of Deep Features as a Perceptual Metric}},
  author={Zhang, Richard and Isola, Phillip and Efros, Alexei A and Shechtman, Eli and Wang, Oliver},
  booktitle={CVPR},
  year={2018},
  url={https://arxiv.org/pdf/1801.03924}
}

@inproceedings{zhang2018iros-evo,
  title = {{A Tutorial on Quantitative Trajectory Evaluation for Visual(-Inertial) Odometry}},
  author = {Zhang, Zichao and Scaramuzza, Davide},
  booktitle = iros,
  year = {2018},
  url={https://rpg.ifi.uzh.ch/docs/IROS18_Zhang.pdf},
  codeurl={https://github.com/uzh-rpg/rpg_trajectory_evaluation}
}

@article{hoellein2024arxiv-3dgslm,
  title={{3DGS-LM: Faster Gaussian-Splatting Optimization with Levenberg-Marquardt}},
  author={H{\"o}llein, Lukas and Bo\v{z}i\v{c}, Alja\v{z} and Zollh{\"o}fer, Michael and Nie{\ss}ner, Matthias},
  journal=arxiv,
  volume={arXiv:2409.12892},
  year={2024},
  url={https://arxiv.org/pdf/2409.12892.pdf}
}

@inproceedings{yang2022ismar,
  title={{Vox-Fusion: Dense Tracking and Mapping with Voxel-based Neural Implicit Representation}},
  author={Yang, Xingrui and Li, Hai and Zhai, Hongjia and Ming, Yuhang and Liu, Yuqian and Zhang, Guofeng},
  booktitle=ismar,
  year={2022},
  url={https://arxiv.org/pdf/2210.15858.pdf},
  codeurl = {https://github.com/zju3dv/Vox-Fusion}
}

@inproceedings{wang2023cvpr-coslam,
  title={{Co-SLAM: Joint Coordinate and Sparse Parametric Encodings for Neural Real-Time SLAM}},
  author={Wang, Hengyi and Wang, Jingwen and Agapito, Lourdes},
  booktitle=cvpr,
  year={2023},
  url={https://arxiv.org/pdf/2304.14377.pdf},
  codeurl={https://github.com/HengyiWang/Co-SLAM}
}

@inproceedings{ruan2023icra,
  title={{SLAMesh: Real-time LiDAR Simultaneous Localization and Meshing}}, 
  author={Ruan, Jianyuan and Li, Bo and Wang, Yibo and Sun, Yuxiang},
  booktitle=icra, 
  year={2023},
  url={https://arxiv.org/pdf/2303.05252.pdf},
  codeurl={https://github.com/RuanJY/SLAMesh}
}

@article{wu2024ral-vdbgpdf,
  title={{VDB-GPDF: Online Gaussian Process Distance Field with VDB Structure}}, 
  author={Wu, Lan and Gentil, Cedric Le and Vidal-Calleja, Teresa},
  journal=ral,
  volume={10},
  number={1},
  pages = {374--381}, 
  year={2024},
  url={https://arxiv.org/pdf/2407.09649}
}

@inproceedings{xie2023iclr-snerf,
  title={{S-NeRF: Neural Radiance Fields for Street Views}},
  author={Xie, Ziyang and Zhang, Junge and Li, Wenye and Zhang, Feihu and Zhang, Li},
  booktitle=iclr,
  year={2023},
  url={https://ziyang-xie.github.io/s-nerf/pdf/S-NeRF_paper.pdf}
}

@inproceedings{meuleman2023cvpr-localrf,
  title     = {{Progressively Optimized Local Radiance Fields for Robust View Synthesis}},
  author    = {Meuleman, Andreas and Liu, Yu-Lun and Gao, Chen and Huang, Jia-Bin and Kim, Changil and Kim, Min H. and Kopf, Johannes},
  booktitle = cvpr,
  year      = {2023},
  url       = {https://localrf.github.io/localrf.pdf}
}

% implicit neural map representation

@article{wiesmann2023ral-locndf,
  title = {{LocNDF: Neural Distance Field Mapping for Robot Localization}},
  author = {Wiesmann, Louis and Guadagnino, Tiziano and Vizzo, Ignacio and Zimmerman, Nicky and Pan, Yue and Kuang, Haofei and Behley, Jens and Stachniss, Cyrill},
  journal = ral,
  volume = {8},
  number = {8},
  pages = {4999--5006},
  year = {2023},
  url = {https://www.ipb.uni-bonn.de/wp-content/papercite-data/pdf/wiesmann2023ral-icra.pdf},
  codeurl = {https://github.com/PRBonn/LocNDF}
}

@inproceedings{yan2023iccv,
  title={Active neural mapping},
  author={Yan, Zike and Yang, Haoxiang and Zha, Hongbin},
  booktitle=iccv,
  year={2023},
  url={https://openaccess.thecvf.com/content/ICCV2023/papers/Yan_Active_Neural_Mapping_ICCV_2023_paper.pdf}
}

@article{isaacson2023ral,
  title={{LONER: LiDAR Only Neural Representations for Real-Time SLAM}}, 
  author={Isaacson, Seth and Kung, Pou-Chun and Ramanagopal, Mani and Vasudevan, Ram  and Skinner, Katherine A. },
  journal=ral,
  year={2023},
  volume={8},
  number={12},
  pages={8042--8049},
  url={https://arxiv.org/pdf/2309.04937.pdf},
  codeurl={https://github.com/umautobots/LONER}
}

@inproceedings{deng2023iccv,
  title    = {{NeRF-LOAM: Neural Implicit Representation for Large-Scale Incremental LiDAR Odometry and Mapping}},
  author   = {Deng, Junyuan and Chen, Xieyuanli and Xia, Songpengcheng and Sun, Zhen and Liu, Guoqing and Yu, Wenxian and Pei, Ling},
  booktitle= iccv,
  year     = {2023},
  url      = {https://arxiv.org/pdf/2303.10709.pdf}
}

@inproceedings{zhong2024cvpr,
  title = {{3D LiDAR Mapping in Dynamic Environments using a 4D Implicit Neural Representation}},
  author = {Zhong, Xingguang and Pan, Yue and Stachniss, Cyrill and Behley, Jens},
  booktitle = cvpr,
  year = {2024},
  url = {https://www.ipb.uni-bonn.de/wp-content/papercite-data/pdf/zhong2024cvpr.pdf},
  codeurl = {https://github.com/PRBonn/4dNDF},
}

% Neural Point related
@inproceedings{xu2022cvpr-pointnerf,
  title={{Point-NeRF: Point-Based Neural Radiance Fields}},
  author={Xu, Qiangeng and Xu, Zexiang and Philip, Julien and Bi, Sai and Shu, Zhixin and Sunkavalli, Kalyan and Neumann, Ulrich},
  booktitle=cvpr,
  year=2022,
  url={https://openaccess.thecvf.com/content/CVPR2022/papers/Xu_Point-NeRF_Point-Based_Neural_Radiance_Fields_CVPR_2022_paper.pdf}
}

@inproceedings{feng2022cvpr-np,
  title={{Neural Points: Point Cloud Representation with Neural Fields for Arbitrary Upsampling}},
  author={Feng, Wanquan and Li, Jin and Cai, Hongrui and Luo, Xiaonan and Zhang, Juyong},
  booktitle=cvpr,
  year=2022,
  url={https://arxiv.org/pdf/2112.04148.pdf},
  codeurl={https://github.com/WanquanF/NeuralPoints}
}

@inproceedings{li2022cvpr-dccdif,
  title={{Learning Deep Implicit Functions for 3D Shapes with Dynamic Code Clouds}},
  author={Li, Tianyang and Wen, Xin and Liu, Yu-Shen and Su, Hua and Han, Zhizhong},
  booktitle=cvpr,
  year={2022},
  url={https://yushen-liu.github.io/main/pdf/LiuYS_CVPR2022_DCC-DIF.pdf},
  codeurl={https://github.com/lity20/DCCDIF}
}

@inproceedings{sandstrom2023iccv-pointslam,
  title={{Point-SLAM: Dense Neural Point Cloud-based SLAM}},
  author={Sandström, Erik and Li, Yue and Van Gool, Luc and R. Oswald, Martin},
  booktitle=iccv,
  year=2023,
  url={https://arxiv.org/pdf/2304.04278.pdf}
}

@inproceedings{zhang2024eccv-glorie,
  title={{GLORIE-SLAM: Globally optimized rgb-only implicit encoding point cloud slam}},
  author={Zhang, Ganlin and Sandstr{\"o}m, Erik and Zhang, Youmin and Patel, Manthan and Van Gool, Luc and Oswald, Martin R},
  booktitle = eccv,
  year={2024},
  url={https://arxiv.org/pdf/2403.19549},
  codeurl={https://github.com/zhangganlin/GlORIE-SLAM}
}

@inproceedings{chen2023iccv-neurbf,
  title={{NeuRBF: A Neural Fields Representation with Adaptive Radial Basis Functions}},
  author={Chen, Zhang and Li, Zhong and Song, Liangchen and Chen, Lele and Yu, Jingyi and Yuan, Junsong and Xu, Yi},
  booktitle=iccv,
  year=2023,
  url={https://arxiv.org/pdf/2309.15426.pdf},
  codeurl={https://github.com/oppo-us-research/NeuRBF}
}

@inproceedings{abou-chakra2024wacv,
  title={{ParticleNeRF: A Particle-Based Encoding for Online Neural Radiance Fields}},
  author={Abou-Chakra, Jad and Dayoub, Feras and S\"underhauf, Niko},
  booktitle=wacv,
  year=2024,
  url={https://arxiv.org/pdf/2211.04041.pdf},
  codeurl={https://github.com/jc211/ParticleNeRF}
}

@inproceedings{chen2024eccv-g3r,
  title={{G3R: Gradient Guided Generalizable Reconstruction}},
  author={Chen, Yun and Wang, Jingkang and Yang, Ze and Manivasagam, Sivabalan and Urtasun, Raquel},
  booktitle=eccv,
  year={2024},
  url={https://research-assets.waabi.ai/g3r/paper.pdf}
}

@article {tang2023tog,
  title = {{MIPS-Fusion: Multi-Implicit-Submaps for Scalable and Robust Online Neural RGB-D Reconstruction}},
  author = {Tang, Yijie and Zhang, Jiazhao and Yu, Zhinan and Wang, He and Xu, Kai},
  journal = {ACM Transactions on Graphics},
  volume = {42},
  number = {6},
  pages = {1--16},
  year = {2023},
  url = {https://kevinkaixu.net/papers/tang_siga23_mipsfusion.pdf}
}

@inproceedings{huang2023cvpr,
  title={{Neural Kernel Surface Reconstruction}},
  author={Huang, Jiahui and Gojcic, Zan and Atzmon, Matan and Litany, Or and Fidler, Sanja and Williams, Francis},
  booktitle=cvpr,
  year={2023},
  url={https://arxiv.org/pdf/2305.19590.pdf},
  codeurl={https://github.com/nv-tlabs/NKSR}
}

@inproceedings{li2023cvpr-neuralangelo,
  title={{Neuralangelo: High-Fidelity Neural Surface Reconstruction}},
  author={Li, Zhaoshuo and M\"uller, Thomas and Evans, Alex and Taylor, Russell H and Unberath, Mathias and Liu, Ming-Yu and Lin, Chen-Hsuan},
  booktitle=cvpr,
  year={2023},
  url={https://arxiv.org/pdf/2306.03092.pdf}
}

@article{dellaert2012factor,
  title={{Factor graphs and GTSAM: A hands-on introduction}},
  author={Dellaert, Frank},
  journal={Georgia Institute of Technology, Tech. Rep},
  volume={2},
  pages={4},
  year={2012},
  url={https://www.cc.gatech.edu/fac/Frank.Dellaert/FrankDellaert/Frank_Dellaert/Entries/2013/5/10_Factor_Graphs_Tutorial_files/gtsam.pdf}
}

@article{xu2022tro,
  title={{FAST-LIO2: Fast Direct LiDAR-Inertial Odometry}}, 
  author={Xu, Wei and Cai, Yixi and He, Dongjiao and Lin, Jiarong and Zhang, Fu},
  journal=tro, 
  year={2022},
  volume={38},
  number={4},
  pages={2053--2073},
  url={https://arxiv.org/pdf/2107.06829.pdf},
  codeurl={https://github.com/hku-mars/FAST_LIO}
}

@article{schmid2023ral-dynablox,
  title={{Dynablox: Real-time Detection of Diverse Dynamic Objects in Complex Environments}},
  author={Schmid, Lukas and Andersson, Olov and Sulser, Aurelio and Pfreundschuh, Patrick and Siegwart, Roland},
  journal=ral,
  year={2023},
  volume={8},
  number={10},
  pages={6259--6266},
  url={https://arxiv.org/pdf/2304.10049.pdf},
}

@article{niessner2013tog,
  title = {{Real-Time 3D Reconstruction at Scale Using Voxel Hashing}},
  author = {Nie\ss{}ner, Matthias and Zollh\"{o}fer, Michael and Izadi, Shahram and Stamminger, Marc},
  year = {2013},
  journal = tog,
  volume = {32},
  number = {6},
  pages={1--11},
  url = {https://graphics.stanford.edu/~niessner/papers/2013/4hashing/niessner2013hashing.pdf},
}

@article{liu2023tro,
  title={{Efficient and Consistent Bundle Adjustment on Lidar Point Clouds}},
  author={Liu, Zheng and Liu, Xiyuan and Zhang, Fu},
  journal=tro, 
  year={2023},
  volume={39},
  number={6},
  pages={4366--4386},
  url={https://arxiv.org/pdf/2209.08854.pdf}
}

@inproceedings{huang2023iccv,
	title={{Neural LiDAR Fields for Novel View Synthesis}},
	author={Huang, Shengyu and Gojcic, Zan and Wang, Zian and Williams, Francis and Kasten, Yoni and Fidler, Sanja and Schindler, Konrad and Litany, Or},
	booktitle=iccv,
	year=2023,
	url={https://nv-tlabs.github.io/nfl/assets/nfl_main.pdf}
}


@article{kim2022tro,
  author={Kim, Giseop and Choi, Sunwook and Kim, Ayoung},
  journal=tro, 
  title={{Scan Context++: Structural Place Recognition Robust to Rotation and Lateral Variations in Urban Environments}}, 
  year={2022},
  volume={38},
  number={3},
  pages={1856--1874},
  url={https://arxiv.org/pdf/2109.13494.pdf}
}

@inproceedings{gropp2020icml,
 author = {Gropp, Amos and Yariv, Lior and Haim, Niv and Atzmon, Matan and Lipman, Yaron},
 title = {{Implicit Geometric Regularization for Learning Shapes}},
 booktitle = icml,
 year = {2020},
 url={https://proceedings.mlr.press/v119/gropp20a/gropp20a.pdf}
}

@inproceedings{yu2022cvpr,
  title={{Plenoxels: Radiance Fields without Neural Networks}}, 
  author={Yu, Alex and Fridovich-Keil, Sara and Tancik, Matthew and Chen, Qinhong and Recht, Benjamin and Kanazawa, Angjoo},
  year={2022},
  booktitle=cvpr,
  url={https://arxiv.org/abs/2112.05131},
  codeurl={https://github.com/sxyu/svox2}
}

@inproceedings{rosu2023cvpr,
  title={{PermutoSDF: Fast Multi-View Reconstruction with Implicit Surfaces using Permutohedral Lattices}},
  author={Rosu, Radu Alexandru and Behnke, Sven},
  booktitle = cvpr,
  year={2023},
  url={https://arxiv.org/pdf/2211.12562.pdf},
  codeurl={https://github.com/RaduAlexandru/permuto_sdf}
}

@inproceedings{wu2024icra,
  title={{LIO-EKF: High Frequency LiDAR-Inertial Odometry using Extended Kalman Filters}},
  author={Wu, Yibin and Guadagnino, Tiziano and Wiesmann, Louis and Klingbeil, Lasse and Stachniss, Cyrill and Kuhlmann, Heiner},
  booktitle = icra,
  year={2024},
  url={www.ipb.uni-bonn.de/wp-content/papercite-data/pdf/wu2024icra.pdf}
}

% The issue number is currently missing
@article{pan2024tro-pin,
  title = {{PIN-SLAM: LiDAR SLAM Using a Point-Based Implicit Neural Representation for Achieving Global Map Consistency}},
  author = {Pan, Yue and Zhong, Xingguang and Wiesmann, Louis and Posewsky, Th{\"o}rbjorn and Behley, Jens and Stachniss, Cyrill},
  journal = tro,
  number = {},
  volume = {40},
  pages = {4045--4064},
  year = {2024},
  codeurl = {https://github.com/PRBonn/PIN_SLAM},
  url = {https://www.ipb.uni-bonn.de/wp-content/papercite-data/pdf/pan2024tro.pdf}
}

% GS related
@article{kerbl2023tog-3dgs,
  author={Kerbl, Bernhard and Kopanas, Georgios and Leimk{\"u}hler, Thomas and Drettakis, George},
  title={{3D Gaussian Splatting for Real-Time Radiance Field Rendering}},
  journal=tog,
  number={4},
  volume={42},
  pages={1--14},
  year={2023},
  codeurl={https://github.com/graphdeco-inria/gaussian-splatting},
  url={https://repo-sam.inria.fr/fungraph/3d-gaussian-splatting/}
}

@inproceedings{xiangli2022eccv-bungeenerf,
  title={{BungeeNeRF: Progressive Neural Radiance Field for Extreme Multi-scale Scene Rendering}},
  author={Xiangli, Yuanbo and Xu, Linning and Pan, Xingang and Zhao, Nanxuan and Rao, Anyi and Theobalt, Christian and Dai, Bo and Lin, Dahua},
  booktitle=eccv,
  year={2022},
  url={https://city-super.github.io/citynerf/img/1947.pdf}
}

@inproceedings{lu2024cvpr-scaffoldgs,
  title={{Scaffold-GS: Structured 3d gaussians for view-adaptive rendering}},
  author={Lu, Tao and Yu, Mulin and Xu, Linning and Xiangli, Yuanbo and Wang, Limin and Lin, Dahua and Dai, Bo},
  booktitle=cvpr,
  year={2024},
  url={https://arxiv.org/pdf/2312.00109},
  codeurl={https://github.com/city-super/Scaffold-GS}
}

@article{ren2024arxiv-octreegs,
  title={{Octree-GS: Towards Consistent Real-time Rendering with LOD-structured 3D Gaussians}},
  author={Ren, Kerui and Jiang, Lihan and Lu, Tao and Yu, Mulin and Xu, Linning and Ni, Zhangkai and Dai, Bo},
  journal=arxiv,
  volume={arXiv:2403.17898},
  year={2024},
  url={https://arxiv.org/pdf/2403.17898}
}

@inproceedings{liu2024eccv-citygaussian,
  title={{Citygaussian: Real-time high-quality large-scale scene rendering with gaussians}},
  author={Liu, Yang and Luo, Chuanchen and Fan, Lue and Wang, Naiyan and Peng, Junran and Zhang, Zhaoxiang},
  booktitle=eccv,
  year={2024},
  url={https://arxiv.org/pdf/2404.01133}
}

@inproceedings{zwicker2001pv,
  title={{EWA volume splatting}},
  author={Zwicker, Matthias and Pfister, Hanspeter and Van Baar, Jeroen and Gross, Markus},
  booktitle={Proc.~of Visualization},
  year=2001,
  url={https://www.cs.umd.edu/~zwicker/publications/EWAVolumeSplatting-VIS01.pdf},
}

@article{wang2019tog-dss, 
  title = {{Differentiable Surface Splatting for Point-based Geometry Processing}}, 
  author = {Yifan, Wang and Serena, Felice and Wu, Shihao and {\"{O}}ztireli, Cengiz and Sorkine{-}Hornung, Olga},          
  journal = tog, 
  volume = {38}, 
  number = {6}, 
  pages = {1--14},
  year = {2019}, 
  url = {https://igl.ethz.ch/projects/differentiable-surface-splatting/DSS-2019-SA-Yifan-etal.pdf},
  codeurl = {https://github.com/yifita/DSS}
}

@inproceedings{dai2024siggraph-gaussian-surfels,
  title = {{High-quality Surface Reconstruction using Gaussian Surfels}},
  author = {Dai, Pinxuan and Xu, Jiamin and Xie, Wenxiang and Liu, Xinguo and Wang, Huamin and Xu, Weiwei},
  booktitle = siggraph,
  year = {2024},
  url = {https://arxiv.org/pdf/2404.17774}
}

@inproceedings{huang2024siggraph-2dgs,
  title={{2D Gaussian Splatting for Geometrically Accurate Radiance Fields}},
  author={Huang, Binbin and Yu, Zehao and Chen, Anpei and Geiger, Andreas and Gao, Shenghua},
  booktitle = siggraph,
  year = {2024},
  url = {https://arxiv.org/pdf/2403.17888}
}

@inproceedings{guedon2024cvpr-sugar,
  title={{Sugar: Surface-aligned gaussian splatting for efficient 3d mesh reconstruction and high-quality mesh rendering}},
  author={Gu{\'e}don, Antoine and Lepetit, Vincent},
  booktitle=cvpr,
  year={2024},
  url={https://arxiv.org/pdf/2311.12775}
}


@article{yu2024tog-gof,
  title={{Gaussian Opacity Fields: Efficient Adaptive Surface Reconstruction in Unbounded Scenes}},
  author={Yu, Zehao and Sattler, Torsten and Geiger, Andreas},
  journal=tog,
  volume=43,
  number=6,
  pages={1--13},
  year=2024,
  url={https://arxiv.org/pdf/2404.10772},
  codeurl={https://github.com/autonomousvision/gaussian-opacity-fields},
}


@article{zhang2024arxiv-radegs,
  title={{RaDe-GS: Rasterizing Depth in Gaussian Splatting}},
  author={Zhang, Baowen and Fang, Chuan and Shrestha, Rakesh and Liang, Yixun and Long, Xiaoxiao and Tan, Ping},
  journal=arxiv, 
  year={2024},
  volume={arXiv:2406.01467},
  url={https://github.com/BaowenZ/RaDe-GS/blob/main/paper.pdf},
  codeurl={https://github.com/BaowenZ/RaDe-GS}
}

% TODO: update journal
@article{chen2024arxiv-pgsr,
  title={{PGSR: Planar-based Gaussian Splatting for Efficient and High-Fidelity Surface Reconstruction}},
  author={Chen, Danpeng and Li, Hai and Ye, Weicai and Wang, Yifan and Xie, Weijian and Zhai, Shangjin and Wang, Nan and Liu, Haomin and Bao, Hujun and Zhang, Guofeng},
  journal=arxiv, 
  year={2024},
  volume={arXiv:2406.06521},
  url={https://zju3dv.github.io/pgsr/paper/pgsr.pdf},
  codeurl={https://github.com/zju3dv/PGSR}
}

@article{chen2023arxiv-neusg,
  title={{NeuSG: Neural implicit surface reconstruction with 3d gaussian splatting guidance}},
  author={Chen, Hanlin and Li, Chen and Lee, Gim Hee},
  journal=arxiv, 
  year={2023},
  volume={arXiv:2023.00846},
  url={https://arxiv.org/pdf/2312.00846},
}

@inproceedings{yu2024neurips-gsdf,
  title={{GSDF: 3DGS meets SDF for Improved Rendering and Reconstruction}},
  author={Yu, Mulin and Lu, Tao and Xu, Linning and Jiang, Lihan and Xiangli, Yuanbo and Dai, Bo},
  booktitle=neurips,
  year={2024},
  url={https://arxiv.org/pdf/2403.16964},
  codeurl={https://github.com/city-super/GSDF},
}

@article{lyu2024tog-3dgsr,
  title = {{3DGSR: Implicit Surface Reconstruction with 3D Gaussian Splatting}},
  author = {Lyu, Xiaoyang and Sun, Yang-Tian and Huang, Yi-Hua and Wu, Xiuzhe and Yang, Ziyi and Chen, Yilun and Pang, Jiangmiao and Qi, Xiaojuan},
  journal = tog,
  volume = {43},
  number = {6},
  pages = {1--12},
  year={2024},
  url={https://dl.acm.org/doi/pdf/10.1145/3687952},
}

@inproceedings{song2024neurips-gvkf,
  title={{GVKF: Gaussian Voxel Kernel Functions for Highly Efficient Surface Reconstruction in Open Scenes}}, 
  author={Song, Gaochao and Cheng, Chong and Wang, Hao},
  booktitle=neurips,
  year={2024},
  url={https://arxiv.org/abs/2411.01853}, 
}

# Gaussian Splatting SLAM
@inproceedings{matsuki2024cvpr-monogs,
  title={{Gaussian splatting SLAM}},
  author={Matsuki, Hidenobu and Murai, Riku and Kelly, Paul HJ and Davison, Andrew J},
  booktitle=cvpr,
  year={2024},
  url={https://arxiv.org/pdf/2312.06741},
  codeurl={https://github.com/muskie82/MonoGS},
}

@inproceedings{keetha2024cvpr-splatam,
  title={{SplaTAM: Splat Track \& Map 3D Gaussians for Dense RGB-D SLAM}},
  author={Keetha, Nikhil and Karhade, Jay and Jatavallabhula, Krishna Murthy and Yang, Gengshan and Scherer, Sebastian and Ramanan, Deva and Luiten, Jonathon},
  booktitle=cvpr,
  year={2024},
  url={https://arxiv.org/pdf/2312.02126},
  codeurl={https://github.com/spla-tam/SplaTAM},
}

@inproceedings{zhu2025threedv-loopsplat,
  title={{LoopSplat: Loop Closure by Registering 3D Gaussian Splats}}, 
  author={Zhu, Liyuan and Li, Yue and Sandström, Erik and Huang, Shengyu and Schindler, Konrad and Armeni, Iro},
  booktitle=threedv,
  year={2025},
  url={https://arxiv.org/pdf/2408.10154},
  codeurl={https://github.com/liyuan-zhu/LoopSplat}
}

@article{jiang2024arxiv-ligs,
  title={{LI-GS: Gaussian Splatting with LiDAR Incorporated for Accurate Large-Scale Reconstruction}},
  author={Jiang, Changjian and Gao, Ruilan and Shao, Kele and Wang, Yue and Xiong, Rong and Zhang, Yu},
  journal=arxiv,
  year={2024},
  volume ={arXiv:2409.12899}, 
  url={https://arxiv.org/pdf/2409.12899},
}



% Driving scene Gaussians

@inproceedings{zhou2024cvpr-drivinggs,
  title={{DrivingGaussian: Composite Gaussian Splatting for Surrounding Dynamic Autonomous Driving Scenes}}, 
  author={Zhou, Xiaoyu and Lin, Zhiwei and Shan, Xiaojun and Wang, Yongtao and Sun, Deqing and Yang, Ming-Hsuan},
  booktitle=cvpr,
  year={2024},
  url={https://openaccess.thecvf.com/content/CVPR2024/papers/Zhou_DrivingGaussian_Composite_Gaussian_Splatting_for_Surrounding_Dynamic_Autonomous_Driving_Scenes_CVPR_2024_paper.pdf},
}

@inproceedings{yan2024eccv-streetgs,
  title={{Street Gaussians for Modeling Dynamic Urban Scenes}}, 
  author={Yan, Yunzhi and Lin, Haotong and Zhou, Chenxu and Wang, Weijie and Sun, Haiyang and Zhan, Kun and Lang, Xianpeng and Zhou, Xiaowei and Peng, Sida},
  booktitle=eccv,
  year={2024},
  url={https://arxiv.org/pdf/2401.01339},
  codeurl={https://github.com/zju3dv/street_gaussians}
}

@inproceedings{zhou2024cvpr-hugs,
  title={{HUGS: Holistic Urban 3D Scene Understanding via Gaussian Splatting}},
  author={Zhou, Hongyu and Shao, Jiahao and Xu, Lu and Bai, Dongfeng and Qiu, Weichao and Liu, Bingbing and Wang, Yue and Geiger, Andreas and Liao, Yiyi},
  booktitle=cvpr,
  year={2024},
  url={https://arxiv.org/pdf/2403.12722}
}

@inproceedings{fischer2024neurips-dgf,
  title     = {{Dynamic 3D Gaussian Fields for Urban Areas}},
  author    = {Fischer, Tobias and Kulhanek, Jonas and Bul{\`o}, Samuel Rota and Porzi, Lorenzo and Pollefeys, Marc and Kontschieder, Peter},
  booktitle = neurips,
  year      = {2024},
  url       = {https://arxiv.org/pdf/2406.03175}
}

@article{chen2024arxiv-omnire,
  title={{OmniRe: Omni Urban Scene Reconstruction}},
  author={Chen, Ziyu and Yang, Jiawei and Huang, Jiahui and Lutio, Riccardo de and Esturo, Janick Martinez and Ivanovic, Boris and Litany, Or and Gojcic, Zan and Fidler, Sanja and Pavone, Marco and Song, Li and Wang, Yue},
  journal=arxiv,
  volume={arXiv:2408.16760},
  year={2024},
  url={https://arxiv.org/pdf/2408.16760}
}

@article{hess2024arxiv-splatad,
  title={{SplatAD: Real-Time Lidar and Camera Rendering with 3D Gaussian Splatting for Autonomous Driving}},
  author={Hess, Georg and Lindstr{\"o}m, Carl and Fatemi, Maryam and Petersson, Christoffer and Svensson, Lennart},
  journal=arxiv,
  volume={arXiv:2411.16816},
  year={2024},
  url={https://arxiv.org/pdf/2411.16816}
}

@article{hong2024ral-livgaussmap,
  title={{LIV-Gaussmap: Lidar-inertial-visual fusion for real-time 3d radiance field map rendering}},
  author={Hong, Sheng and He, Junjie and Zheng, Xinhu and Zheng, Chunran and Shen, Shaojie},
  journal=ral,
  volume = {9},
  number = {11},
  pages={9765--9772},
  year={2024},
  url={https://arxiv.org/pdf/2401.14857},
}

@article{xie2024arxiv-gslivm,
  title={{GS-LIVM: Real-Time Photo-Realistic LiDAR-Inertial-Visual Mapping with Gaussian Splatting}},
  author={Xie, Yusen and Huang, Zhenmin and Wu, Jin and Ma, Jun},
  journal=arxiv,
  volume={arXiv:2410.17084},
  year={2024},
  url={https://arxiv.org/pdf/2410.17084}
}

@inproceedings{tao2024icra-silvr,
  title={{SiLVR: Scalable Lidar-Visual Reconstruction with Neural Radiance Fields for Robotic Inspection}},
  author={Tao, Yifu and Bhalgat, Yash and Fu, Lanke Frank Tarimo and Mattamala, Matias and Chebrolu, Nived and Fallon, Maurice},
  booktitle=icra,
  year={2024},
  url={https://arxiv.org/pdf/2403.06877},
}

@article{kerbl2024tog-hierarchical3dgs,
  title={{A Hierarchical 3D Gaussian Representation for Real-Time Rendering of Very Large Datasets}},
  author={Kerbl, Bernhard and Meuleman, Andreas and Kopanas, Georgios and Wimmer, Michael and Lanvin, Alexandre and Drettakis, George},
  journal=tog,
  number=4,
  volume=43,
  pages={1--15},
  year={2024},
  url={https://repo-sam.inria.fr/fungraph/hierarchical-3d-gaussians/hierarchical-3d-gaussians_low.pdf},
  codeurl={https://github.com/graphdeco-inria/hierarchical-3d-gaussians}
}

@article{cui2024tog-letsgo,
  title= {{LetsGo: Large-Scale Garage Modeling and Rendering via LiDAR Assisted Gaussian Primitives}},
  author={Cui, Jiadi and Cao, Junming and Zhao, Fuqiang and He, Zhipeng and Chen, Yifan and Zhong, Yuhui and Xu, Lan and Shi, Yujiao and Yu, Jingyi},
  journal = tog,
  number = {6},
  volume = {43},
  pages = {1--18},
  year={2024},
  url={https://arxiv.org/pdf/2404.09748}
}

@inproceedings{zhao2024eccv-tclcgs,
  title={{TCLC-GS: Tightly coupled lidar-camera gaussian splatting for surrounding autonomous driving scenes}},
  author={Zhao, Cheng and Sun, Su and Wang, Ruoyu and Guo, Yuliang and Wan, Jun-Jun and Huang, Zhou and Huang, Xinyu and Chen, Yingjie Victor and Ren, Liu},
  booktitle = eccv,
  year={2024},
  url={https://arxiv.org/pdf/2404.02410}
}

@inproceedings{tancik2022cvpr-blocknerf,
  title={{Block-NeRF: Scalable Large Scene Neural View Synthesis}},
  author={Tancik, Matthew and Casser, Vincent and Yan, Xinchen and Pradhan, Sabeek and Mildenhall, Ben and Srinivasan, Pratul P. and Barron, Jonathan T. and Kretzschmar, Henrik},
  booktitle=cvpr,
  year=2022,
  url={https://arxiv.org/pdf/2202.05263},
}

@inproceedings{liu2023iccv-neuras,
  title={{Neural Scene Rasterization for Large Scene Rendering in Real Time}},
  author={Liu, Jeffrey Yunfan and Chen, Yun and Yang, Ze and Wang, Jingkang and Manivasagam, Sivabalan and Urtasun, Raquel},
  booktitle=iccv,
  year=2023,
  url={https://research-assets.waabi.ai/NeuRas/neuras-paper.pdf},
}

@inproceedings{barron2021iccv-mipnerf,
  title={{Mip-NeRF: A Multiscale Representation for Anti-Aliasing Neural Radiance Fields}},       
  author={Barron, Jonathan T. and Mildenhall, Ben and Tancik, Matthew and Hedman, Peter and Martin-Brualla, Ricardo and Srinivasan, Pratul P.},
  booktitle=iccv,
  year={2021},
  url={https://arxiv.org/pdf/2103.13415}
}

@inproceedings{barron2022cvpr-mipnerf360,
  title={{Mip-NeRF 360: Unbounded anti-aliased neural radiance fields}},
  author={Barron, Jonathan T and Mildenhall, Ben and Verbin, Dor and Srinivasan, Pratul P and Hedman, Peter},
  booktitle=cvpr,
  year={2022},
  url={https://arxiv.org/pdf/2111.12077}
}

@inproceedings{chen2022eccv-tensorf,
  title = {{TensoRF: Tensorial Radiance Fields}},
  author = {Chen, Anpei and Xu, Zexiang and Geiger, Andreas  and Yu, Jingyi and Su, Hao},
  booktitle = eccv,
  year = {2022},
  url = {https://arxiv.org/pdf/2203.09517.pdf},
  codeurl = {https://github.com/apchenstu/TensoRF}
}

@inproceedings{sun2022cvpr-dvgo,
  title     = {{Direct Voxel Grid Optimization: Super-fast Convergence for Radiance Fields Reconstruction}},
  author    = {Sun, Cheng and Sun, Min and Chen, Hwann{-}Tzong},
  booktitle = cvpr,
  year      = {2022},
  url       = {https://arxiv.org/pdf/2111.11215},
  codeurl   = {https://github.com/sunset1995/DirectVoxGO}  
}

% datasets related

@article{tao2024arxiv-oxford,
  title={{The Oxford Spires Dataset: Benchmarking Large-Scale LiDAR-Visual Localisation, Reconstruction and Radiance Field Methods}},
  author={Tao, Yifu and Munoz-Banon, Miguel Angel and Zhang, Lintong and Wang, Jiahao and Fu, Lanke Frank Tarimo and Fallon, Maurice},
  journal=arxiv,
  volume={arXiv:2411.10546}, 
  year={2024},
  url={https://arxiv.org/pdf/2411.10546.pdf}
}

@article{wiesmann2024ral,
  title = {{Joint Intrinsic and Extrinsic Calibration of Perception Systems Utilizing a Calibration Environment}},
  author = {Wiesmann, Louis and L{\"a}be, Thomas and Nunes, Lucas and Behley, Jens and Stachniss, Cyrill},
  journal = ral,
  year = {2024},
  volume = {9},
  number = {10},
  pages = {9103--9110},
  url={https://www.ipb.uni-bonn.de/wp-content/papercite-data/pdf/wiesmann2024ral.pdf},
  codeurl={https://github.com/PRBonn/ipb_calibration},
}

@article{wiesmann2024arxiv-ba,
  title = {{Efficient LiDAR Bundle Adjustment for Multi-Scan Alignment Utilizing Continuous-Time Trajectories}},
  author = {Wiesmann, Louis and Marks, Elias and Gupta, Saurabh and Guadagnino, Tiziano and Behley, Jens and Stachniss, Cyrill},
  journal = arxiv,
  volume = {arXiv:2412.11760},
  year = {2024},
  url={https://arxiv.org/pdf/2412.11760},
}

@article{straub2019arxiv-replica,
  title={{The Replica dataset: A digital replica of indoor spaces}},
  author={Straub, Julian and Whelan, Thomas and Ma, Lingni and Chen, Yufan and Wijmans, Erik and Green, Simon and Engel, Jakob J and Mur-Artal, Raul and Ren, Carl and Verma, Shobhit and others},
  journal=arxiv,
  year={2019},
  volume={arXiv:1906.05797},
  url={https://arxiv.org/pdf/1906.05797.pdf}
}

@inproceedings{hu2024neurips-ss3dm,
  title = {{SS3DM: Benchmarking Street-View Surface Reconstruction with a Synthetic 3D Mesh Dataset}},
  author = {Hu, Yubin and Wen, Kairui and Zhou, Heng and Guo, Xiaoyang and Liu, Yongjin},
  booktitle = neurips,
  year = {2024},
  url = {https://arxiv.org/pdf/2410.21739}
}

@inproceedings{lin2022icra-r3live,
  title={{R3LIVE: A Robust, Real-time, RGB-colored, LiDAR-Inertial-Visual tightly-coupled state Estimation and mapping package}}, 
  author={Lin, Jiarong and Zhang, Fu},
  booktitle=icra, 
  year={2022},
  url={https://arxiv.org/pdf/2109.07982},
  codeurl={https://github.com/hku-mars/r3live}
}

# Lidar camera Guassian
@article{lang2024arxiv-gaussianlic,
  title={{Gaussian-LIC: Real-Time Photo-Realistic SLAM with Gaussian Splatting and LiDAR-Inertial-Camera Fusion}}, 
  author={Lang, Xiaolei and Li, Laijian and Wu, Chenming and Zhao, Chen and Liu, Lina and Liu, Yong and Lv, Jiajun and Zuo, Xingxing},
  journal=arxiv, 
  volume={arXiv:2404.06926}, 
  year={2024},
  url={https://arxiv.org/pdf/2404.06926}
}

@article{wei2024ral-gsfusion,
  title={{GSfusion: Online rgb-d mapping where gaussian splatting meets tsdf fusion}},
  author={Wei, Jiaxin and Leutenegger, Stefan},
  journal=ral,
  volume={9},
  number={12},
  pages={11865--11872},
  year={2024},
  url={https://arxiv.org/pdf/2408.12677},
  codeurl={https://github.com/smartroboticslab/GSFusion}
}


% applications

@inproceedings{wildersmith2024iros,
  title     = {{Radiance Fields for Robotic Teleoperation}},
  author    = {Maximum Wilder-Smith, Vaishakh Patil, Marco Hutter},
  booktitle = iros, 
  year      = {2024},
  url       = {https://arxiv.org/pdf/2407.20194},
  codeurl   = {https://github.com/leggedrobotics/radiance_field_ros}
}

@inproceedings{qin2024cvpr-langsplat,
  title={{Langsplat: 3D Language Gaussian Splatting}},
  author={Qin, Minghan and Li, Wanhua and Zhou, Jiawei and Wang, Haoqian and Pfister, Hanspeter},
  booktitle=cvpr,
  year={2024},
  url={https://arxiv.org/pdf/2311.18482}
}

@article{zuo2024fmgs,
  title={{FMGS: Foundation model embedded 3d gaussian splatting for holistic 3d scene understanding}},
  author={Zuo, Xingxing and Samangouei, Pouya and Zhou, Yunwen and Di, Yan and Li, Mingyang},
  journal=ijcv,
  pages={1--17},
  volume={130},
  year={2024},
  url={https://arxiv.org/pdf/2401.01970}
}

@article{zheng2024ral-gaussiangrasper,
  title={{GaussianGrasper: 3D Language Gaussian Splatting for Open-vocabulary Robotic Grasping}},
  author={Zheng, Yuhang and Chen, Xiangyu and Zheng, Yupeng and Gu, Songen and Yang, Runyi and Jin, Bu and Li, Pengfei and Zhong, Chengliang and Wang, Zengmao and Liu, Lina and others},
  journal=ral,
  volume={9},
  number={9},
  pages={7827--7834},
  year={2024},
  url={https://arxiv.org/pdf/2403.09637}
}
    
@inproceedings{driess2022neurips-nerfrl,
  title={{Reinforcement Learning with Neural Radiance Fields}},
  author={Driess, Danny and Schubert, Ingmar and Florence, Pete and Li, Yunzhu and Toussaint, Marc},
  booktitle=neurips,
  year={2022},
  url={https://dannydriess.github.io/papers/22-driess-NeRF-RL.pdf}
}

@inproceedings{yang2023cvpr-unisim,
  title={{UniSim: A Neural Closed-Loop Sensor Simulator}},
  author={Yang, Ze and Chen, Yun and Wang, Jingkang and Manivasagam, Sivabalan and Ma, Wei-Chiu and Yang, Anqi Joyce and Urtasun, Raquel},
  booktitle=cvpr,
  year={2023},
  url={https://research-assets.waabi.ai/wp-content/uploads/2023/05/UniSim-paper.pdf}
}

@inproceedings{abou-chakra2024corl,
  title={{Physically Embodied Gaussian Splatting: A Realtime Correctable World Model for Robotics}},
  author={Abou-Chakra, Jad and Rana, Krishan and Dayoub, Feras and Suenderhauf, Niko},
  booktitle=corl,
  year={2024},
  url={https://openreview.net/pdf?id=AEq0onGrN2}
}

@inproceedings{bortolon2024eccv-6dgs,
  title={{6DGS: 6D Pose Estimation from a Single Image and a 3D Gaussian Splatting Model}},
  author={Bortolon, Matteo and Tsesmelis, Theodore and James, Stuart and Poiesi, Fabio and {Del Bue}, Alessio},
  booktitle=eccv,
  year={2024},
  url={https://arxiv.org/pdf/2407.15484v1}
}

@article{zhang2024arxiv-vloc,
  title = {{Visual Localization in 3D Maps: Comparing Point Cloud, Mesh, and NeRF Representations}},
  author = {Zhang, Lintong and Tao, Yifu and Lin, Jiarong and Zhang, Fu and Fallon, Maurice},
  journal = arxiv,
  volume = {arXiv:2408.11966},
  year = {2024},
  url={https://arxiv.org/pdf/2408.11966},
}

@article{jin2024arxiv-activegs,
  title={{ActiveGS: Active Scene Reconstruction using Gaussian Splatting}},
  author={Jin, Liren and Zhong, Xingguang and Pan, Yue and Behley, Jens and Stachniss, Cyrill and Popovic, Marija},
  journal=arxiv, 
  year={2024},
  volume={arXiv:2412.17769},
  url={https://arxiv.org/pdf/2412.17769},
  codeurl={https://github.com/dmar-bonn/active-gs}
}

@article{li2024arxiv-activesplat,
  title = {{ActiveSplat: High-Fidelity Scene Reconstruction through Active Gaussian Splatting}},
  author = {Li, Yuetao and Kuang, Zijia and Li, Ting and Zhou, Guyue and Zhang, Shaohui and Yan, Zike},
  journal=arxiv, 
  year={2024},
  volume={arXiv:2410.21955},
  url={https://arxiv.org/pdf/2410.21955}
}

@inproceedings{jin2024iros-gsplanner,
  title={{GS-Planner: A Gaussian-Splatting-based Planning Framework for Active High-Fidelity Reconstruction}},
  author={Jin, Rui and Gao, Yuman and Lu, Haojian and Gao, Fei},
  booktitle=iros,
  year=2024,
  url={https://arxiv.org/pdf/2405.10142}
}

@article{xu2024arxiv-hgsplanner,
  title= {{HGS-Planner: Hierarchical Planning Framework for Active Scene Reconstruction Using 3D Gaussian Splatting}}, 
  author={Xu, Zijun and Jin, Rui and Wu, Ke and Zhao, Yi and Zhang, Zhiwei and Zhao, Jieru and Gao, Fei and Gan, Zhongxue and Ding, Wenchao},
  year=2024,
  journal=arxiv,
  volume={arXiv:2409.17624},
  url={https://arxiv.org/pdf/2409.17624}
}


@inproceedings{tancik2023siggraph-nerfstudio,
	title = {{Nerfstudio: A Modular Framework for Neural Radiance Field Development}},
	author = {Tancik, Matthew and Weber, Ethan and Ng, Evonne and Li, Ruilong and Yi, Brent and Kerr, Justin and Wang, Terrance and Kristoffersen, Alexander and Austin, Jake and Salahi, Kamyar and Ahuja, Abhik and McAllister, David and Kanazawa, Angjoo},
	year = 2023,
	booktitle = siggraph,
  url ={https://arxiv.org/pdf/2302.04264},
  codeurl = {https://github.com/nerfstudio-project/nerfstudio/}
}

@misc{cernea2020openmvs,
  title = {{OpenMVS: Multi-View Stereo Reconstruction Library}},
  author = {Cernea, Dan},
  year = {2020},
  url = {https://cdcseacave.github.io/openMVS},
  codeurl = {https://github.com/cdcseacave/openMVS}
}
