@inproceedings{bourtoule2021machine,
  title={Machine unlearning},
  author={Bourtoule, Lucas and Chandrasekaran, Varun and Choquette-Choo, Christopher A and Jia, Hengrui and Travers, Adelin and Zhang, Baiwu and Lie, David and Papernot, Nicolas},
  booktitle={2021 IEEE Symposium on Security and Privacy (SP)},
  pages={141--159},
  year={2021},
  organization={IEEE}
}

@inproceedings{cao2015towards,
  title={Towards making systems forget with machine unlearning},
  author={Cao, Yinzhi and Yang, Junfeng},
  booktitle={2015 IEEE Symposium on Security and Privacy},
  pages={463--480},
  year={2015},
  organization={IEEE}
}

@inproceedings{chundawat2023can,
  title={Can bad teaching induce forgetting? unlearning in deep networks using an incompetent teacher},
  author={Chundawat, Vikram S and Tarun, Ayush K and Mandal, Murari and Kankanhalli, Mohan},
  booktitle={Proceedings of the AAAI Conference on Artificial Intelligence},
  volume={37},
  number={6},
  pages={7210--7217},
  year={2023}
}

@inproceedings{fan2023salun,
  author       = {Chongyu Fan and
                  Jiancheng Liu and
                  Yihua Zhang and
                  Eric Wong and
                  Dennis Wei and
                  Sijia Liu},
  title        = {SalUn: Empowering Machine Unlearning via Gradient-based Weight Saliency
                  in Both Image Classification and Generation},
  booktitle    = {The Twelfth International Conference on Learning Representations,
                  {ICLR} 2024, Vienna, Austria, May 7-11, 2024},
  publisher    = {OpenReview.net},
  year         = {2024}
}

@inproceedings{fu2022knowledge,
  author    = {Shaopeng Fu and
               Fengxiang He and
               Dacheng Tao},
  title     = {Knowledge Removal in Sampling-based Bayesian Inference},
  booktitle = {The Tenth International Conference on Learning Representations, {ICLR}
               2022, Virtual Event, April 25-29, 2022},
  publisher = {OpenReview.net},
  year      = {2022}
}

@inproceedings{guo2019certified,
  author    = {Chuan Guo and
               Tom Goldstein and
               Awni Y. Hannun and
               Laurens van der Maaten},
  title     = {Certified Data Removal from Machine Learning Models},
  booktitle = {Proceedings of the 37th International Conference on Machine Learning,
               {ICML} 2020, 13-18 July 2020, Virtual Event},
  series    = {Proceedings of Machine Learning Research},
  volume    = {119},
  pages     = {3832--3842},
  publisher = {{PMLR}},
  year      = {2020}
}

@article{hu2023robust,
  title={Robust semantic communications with masked VQ-VAE enabled codebook},
  author={Hu, Qiyu and Zhang, Guangyi and Qin, Zhijin and Cai, Yunlong and Yu, Guanding and Li, Geoffrey Ye},
  journal={IEEE Transactions on Wireless Communications},
  year={2023},
  publisher={IEEE}
}

@article{huang2022toward,
  title={Toward semantic communications: Deep learning-based image semantic coding},
  author={Huang, Danlan and Gao, Feifei and Tao, Xiaoming and Du, Qiyuan and Lu, Jianhua},
  journal={IEEE Journal on Selected Areas in Communications},
  volume={41},
  number={1},
  pages={55--71},
  year={2022},
  publisher={IEEE}
}

@inproceedings{kim2022efficient,
  title={Efficient two-stage model retraining for machine unlearning},
  author={Kim, Junyaup and Woo, Simon S},
  booktitle={Proceedings of the IEEE/CVF Conference on Computer Vision and Pattern Recognition},
  pages={4361--4369},
  year={2022}
}

@article{kurmanji2024towards,
  title={Towards unbounded machine unlearning},
  author={Kurmanji, Meghdad and Triantafillou, Peter and Hayes, Jamie and Triantafillou, Eleni},
  journal={Advances in neural information processing systems},
  volume={36},
  year={2024}
}

@article{lan2021semantic,
  title={What is semantic communication? A view on conveying meaning in the era of machine intelligence},
  author={Lan, Qiao and Wen, Dingzhu and Zhang, Zezhong and Zeng, Qunsong and Chen, Xu and Popovski, Petar and Huang, Kaibin},
  journal={Journal of Communications and Information Networks},
  volume={6},
  number={4},
  pages={336--371},
  year={2021},
  publisher={PTP}
}

@article{liu2024model,
  title={Model sparsity can simplify machine unlearning},
  author={Liu, Jiancheng and Ram, Parikshit and Yao, Yuguang and Liu, Gaowen and Liu, Yang and SHARMA, PRANAY and Liu, Sijia and others},
  journal={Advances in Neural Information Processing Systems},
  volume={36},
  year={2024}
}

@article{nan2023physical,
  title={Physical-layer Adversarial Robustness for Deep Learning-based Semantic Communications},
  author={Nan, Guoshun and Li, Zhichun and Zhai, Jinli and Cui, Qimei and Chen, Gong and Du, Xin and Zhang, Xuefei and Tao, Xiaofeng and Han, Zhu and Quek, Tony QS},
  journal={IEEE Journal on Selected Areas in Communications},
  year={2023},
  publisher={IEEE}
}

@article{nguyen2020variational,
  title={Variational bayesian unlearning},
  author={Nguyen, Quoc Phong and Low, Bryan Kian Hsiang and Jaillet, Patrick},
  journal={Advances in Neural Information Processing Systems},
  volume={33},
  pages={16025--16036},
  year={2020}
}

@inproceedings{nguyen2022markov,
  author    = {Quoc Phong Nguyen and
               Ryutaro Oikawa and
               Dinil Mon Divakaran and
               Mun Choon Chan and
               Bryan Kian Hsiang Low},
  title     = {Markov Chain Monte Carlo-Based Machine Unlearning: Unlearning What
               Needs to be Forgotten},
  booktitle = {{ASIA} {CCS} '22: {ACM} Asia Conference on Computer and Communications
               Security, Nagasaki, Japan, 30 May 2022 - 3 June 2022},
  pages     = {351--363},
  publisher = {{ACM}},
  year      = {2022}
}

@article{qin2021semantic,
  title={Semantic communications: Principles and challenges},
  author={Qin, Zhijin and Tao, Xiaoming and Lu, Jianhua and Tong, Wen and Li, Geoffrey Ye},
  journal={arXiv preprint arXiv:2201.01389},
  year={2021}
}

@article{sekhari2021remember,
  title={Remember what you want to forget: Algorithms for machine unlearning},
  author={Sekhari, Ayush and Acharya, Jayadev and Kamath, Gautam and Suresh, Ananda Theertha},
  journal={Advances in Neural Information Processing Systems},
  volume={34},
  year={2021}
}

@article{wang2023machine,
  title={Machine unlearning via representation forgetting with parameter self-sharing},
  author={Wang, Weiqi and Zhang, Chenhan and Tian, Zhiyi and Yu, Shui},
  journal={IEEE Transactions on Information Forensics and Security},
  year={2023},
  publisher={IEEE}
}

@article{weng2021semantic,
  title={Semantic communication systems for speech transmission},
  author={Weng, Zhenzi and Qin, Zhijin},
  journal={IEEE Journal on Selected Areas in Communications},
  volume={39},
  number={8},
  pages={2434--2444},
  year={2021},
  publisher={IEEE}
}

@inproceedings{wu2020deltagrad,
  title={Deltagrad: Rapid retraining of machine learning models},
  author={Wu, Yinjun and Dobriban, Edgar and Davidson, Susan},
  booktitle={International Conference on Machine Learning},
  pages={10355--10366},
  year={2020},
  organization={PMLR}
}

@article{xie2021deep,
  title={Deep learning enabled semantic communication systems},
  author={Xie, Huiqiang and Qin, Zhijin and Li, Geoffrey Ye and Juang, Biing-Hwang},
  journal={IEEE Transactions on Signal Processing},
  volume={69},
  pages={2663--2675},
  year={2021},
  publisher={IEEE}
}

@article{xie2021task,
  title={Task-oriented multi-user semantic communications for VQA},
  author={Xie, Huiqiang and Qin, Zhijin and Li, Geoffrey Ye},
  journal={IEEE Wireless Communications Letters},
  volume={11},
  number={3},
  pages={553--557},
  year={2021},
  publisher={IEEE}
}

@article{xie2022task,
  title={Task-oriented multi-user semantic communications},
  author={Xie, Huiqiang and Qin, Zhijin and Tao, Xiaoming and Letaief, Khaled B},
  journal={IEEE Journal on Selected Areas in Communications},
  volume={40},
  number={9},
  pages={2584--2597},
  year={2022},
  publisher={IEEE}
}

@inproceedings{yanarcane2022unlearning,
  author    = {Haonan Yan and
               Xiaoguang Li and
               Ziyao Guo and
               Hui Li and
               Fenghua Li and
               Xiaodong Lin},
  editor    = {Luc De Raedt},
  title     = {{ARCANE:} An Efficient Architecture for Exact Machine Unlearning},
  booktitle = {Proceedings of the Thirty-First International Joint Conference on
               Artificial Intelligence, {IJCAI} 2022, Vienna, Austria, 23-29 July
               2022},
  pages     = {4006--4013},
  publisher = {ijcai.org},
  year      = {2022},
  url       = {https://doi.org/10.24963/ijcai.2022/556},
  doi       = {10.24963/ijcai.2022/556},
  timestamp = {Wed, 27 Jul 2022 16:43:00 +0200},
  biburl    = {https://dblp.org/rec/conf/ijcai/YanLG0L022.bib},
  bibsource = {dblp computer science bibliography, https://dblp.org}
}

@article{zhang2022deep,
  title={Deep learning-enabled semantic communication systems with task-unaware transmitter and dynamic data},
  author={Zhang, Hongwei and Shao, Shuo and Tao, Meixia and Bi, Xiaoyan and Letaief, Khaled B},
  journal={IEEE Journal on Selected Areas in Communications},
  volume={41},
  number={1},
  pages={170--185},
  year={2022},
  publisher={IEEE}
}

@article{zhang2023predictive,
  title={Predictive and adaptive deep coding for wireless image transmission in semantic communication},
  author={Zhang, Wenyu and Zhang, Haijun and Ma, Hui and Shao, Hua and Wang, Ning and Leung, Victor CM},
  journal={IEEE Transactions on Wireless Communications},
  year={2023},
  publisher={IEEE}
}

@article{zhang2023toward,
  title={Toward Intelligent Resource Allocation on Task-Oriented Semantic Communication},
  author={Zhang, Haijun and Wang, Hongyu and Li, Yabo and Long, Keping and Leung, Victor CM},
  journal={IEEE Wireless Communications},
  volume={30},
  number={3},
  pages={70--77},
  year={2023},
  publisher={IEEE}
}

