

@inproceedings{wang2019neural,
  title={Neural cleanse: Identifying and mitigating backdoor attacks in neural networks},
  author={Wang, Bolun and Yao, Yuanshun and Shan, Shawn and Li, Huiying and Viswanath, Bimal and Zheng, Haitao and Zhao, Ben Y},
  booktitle={2019 IEEE Symposium on Security and Privacy (SP)},
  pages={707--723},
  year={2019},
  organization={IEEE}
}

@article{ma2022learn,
  title={Learn to Forget: Machine Unlearning Via Neuron Masking},
  author={Ma, Zhuo and Liu, Yang and Liu, Ximeng and Liu, Jian and Ma, Jianfeng and Ren, Kui},
  journal={IEEE Transactions on Dependable and Secure Computing},
  year={2022},
  publisher={IEEE}
}


@article{lu2022label,
  title={Label-only membership inference attacks on machine unlearning without dependence of posteriors},
  author={Lu, Zhaobo and Liang, Hai and Zhao, Minghao and Lv, Qingzhe and Liang, Tiancai and Wang, Yilei},
  journal={International Journal of Intelligent Systems},
  year={2022},
  publisher={Wiley Online Library}
}

@inproceedings{belghazi2018mutual,
  title={Mutual information neural estimation},
  author={Belghazi, Mohamed Ishmael and Baratin, Aristide and Rajeshwar, Sai and Ozair, Sherjil and Bengio, Yoshua and Courville, Aaron and Hjelm, Devon},
  booktitle={International conference on machine learning},
  pages={531--540},
  year={2018},
  organization={PMLR}
}


@article{baxter1997bayesian,
  title={A Bayesian/information theoretic model of learning to learn via multiple task sampling},
  author={Baxter, Jonathan},
  journal={Machine learning},
  volume={28},
  number={1},
  pages={7--39},
  year={1997},
  publisher={Springer}
}

@inproceedings{caruana1993multitask,
  title={Multitask learning: A knowledge-based source of inductive bias1},
  author={Caruana, R},
  booktitle={Proceedings of the Tenth International Conference on Machine Learning},
  pages={41--48},
  year={1993},
  organization={Citeseer}
}

@article{krizhevsky2010convolutional,
  title={Convolutional deep belief networks on cifar-10},
  author={Krizhevsky, Alex and Hinton, Geoff},
  journal={Unpublished manuscript},
  volume={40},
  number={7},
  pages={1--9},
  year={2010}
}


@inproceedings{huang2022learn,
  title={Learn from others and be yourself in heterogeneous federated learning},
  author={Huang, Wenke and Ye, Mang and Du, Bo},
  booktitle={Proceedings of the IEEE/CVF Conference on Computer Vision and Pattern Recognition},
  pages={10143--10153},
  year={2022}
}

@inproceedings{rostami2017multi,
  author       = {Mohammad Rostami and
                  Soheil Kolouri and
                  Kyungnam Kim and
                  Eric Eaton},
  editor       = {Elisabeth Andr{\'{e}} and
                  Sven Koenig and
                  Mehdi Dastani and
                  Gita Sukthankar},
  title        = {Multi-Agent Distributed Lifelong Learning for Collective Knowledge
                  Acquisition},
  booktitle    = {Proceedings of the 17th International Conference on Autonomous Agents
                  and MultiAgent Systems, {AAMAS} 2018, Stockholm, Sweden, July 10-15,
                  2018},
  pages        = {712--720},
  publisher    = {International Foundation for Autonomous Agents and Multiagent Systems
                  Richland, SC, {USA} / {ACM}},
  year         = {2018},
  url          = {http://dl.acm.org/citation.cfm?id=3237489},
  timestamp    = {Mon, 16 Jul 2018 09:21:17 +0200},
  biburl       = {https://dblp.org/rec/conf/atal/RostamiKKE18.bib},
  bibsource    = {dblp computer science bibliography, https://dblp.org}
}

@inproceedings{yoon2021federated,
  title={Federated continual learning with weighted inter-client transfer},
  author={Yoon, Jaehong and Jeong, Wonyong and Lee, Giwoong and Yang, Eunho and Hwang, Sung Ju},
  booktitle={International Conference on Machine Learning},
  pages={12073--12086},
  year={2021},
  organization={PMLR}
}

@article{sener2018multi,
  title={Multi-task learning as multi-objective optimization},
  author={Sener, Ozan and Koltun, Vladlen},
  journal={Advances in neural information processing systems},
  volume={31},
  year={2018}
}

@article{qin2021semantic,
  title={Semantic communications: Principles and challenges},
  author={Qin, Zhijin and Tao, Xiaoming and Lu, Jianhua and Tong, Wen and Li, Geoffrey Ye},
  journal={arXiv preprint arXiv:2201.01389},
  year={2021}
}

@article{bourtsoulatze2019deep,
  title={Deep joint source-channel coding for wireless image transmission},
  author={Bourtsoulatze, Eirina and Kurka, David Burth and G{\"u}nd{\"u}z, Deniz},
  journal={IEEE Transactions on Cognitive Communications and Networking},
  volume={5},
  number={3},
  pages={567--579},
  year={2019},
  publisher={IEEE}
}

@article{liu2023survey,
  title={A survey on semantic communications: technologies, solutions, applications and challenges},
  author={Liu, Yating and Wang, Xiaojie and Ning, Zhaolong and Zhou, MengChu and Guo, Lei and Jedari, Behrouz},
  journal={Digital Communications and Networks},
  year={2023},
  publisher={Elsevier}
}

@article{ning2020mobile,
  title={Mobile edge computing enabled 5G health monitoring for Internet of medical things: A decentralized game theoretic approach},
  author={Ning, Zhaolong and Dong, Peiran and Wang, Xiaojie and Hu, Xiping and Guo, Lei and Hu, Bin and Guo, Yi and Qiu, Tie and Kwok, Ricky YK},
  journal={IEEE Journal on Selected Areas in Communications},
  volume={39},
  number={2},
  pages={463--478},
  year={2020},
  publisher={IEEE}
}

@article{shannon1948mathematical,
  title={A mathematical theory of communication},
  author={Shannon, Claude Elwood},
  journal={The Bell system technical journal},
  volume={27},
  number={3},
  pages={379--423},
  year={1948},
  publisher={Nokia Bell Labs}
}
 
@article{moon2023feature,
  title={Feature unlearning for generative models via implicit feedback},
  author={Moon, Saemi and Cho, Seunghyuk and Kim, Dongwoo},
  journal={arXiv preprint arXiv:2303.05699},
  year={2023}
}

@article{zhang2023toward,
  title={Toward Intelligent Resource Allocation on Task-Oriented Semantic Communication},
  author={Zhang, Haijun and Wang, Hongyu and Li, Yabo and Long, Keping and Leung, Victor CM},
  journal={IEEE Wireless Communications},
  volume={30},
  number={3},
  pages={70--77},
  year={2023},
  publisher={IEEE}
}

@inproceedings{huang2021deep,
  title={Deep learning-based image semantic coding for semantic communications},
  author={Huang, Danlan and Tao, Xiaoming and Gao, Feifei and Lu, Jianhua},
  booktitle={2021 IEEE Global Communications Conference (GLOBECOM)},
  pages={1--6},
  year={2021},
  organization={IEEE}
}

@book{griewank2008evaluating,
  title={Evaluating derivatives: principles and techniques of algorithmic differentiation},
  author={Griewank, Andreas and Walther, Andrea},
  year={2008},
  publisher={SIAM}
}


@inproceedings{albuquerque2019multi,
  title={Multi-objective training of generative adversarial networks with multiple discriminators},
  author={Albuquerque, Isabela and Monteiro, Joao and Doan, Thang and Considine, Breandan and Falk, Tiago and Mitliagkas, Ioannis},
  booktitle={International Conference on Machine Learning},
  pages={202--211},
  year={2019},
  organization={PMLR}
}


@inproceedings{ma2020efficient,
  title={Efficient continuous pareto exploration in multi-task learning},
  author={Ma, Pingchuan and Du, Tao and Matusik, Wojciech},
  booktitle={International Conference on Machine Learning},
  pages={6522--6531},
  year={2020},
  organization={PMLR}
}

@inproceedings{wang2022federated,
  title={Federated unlearning via class-discriminative pruning},
  author={Wang, Junxiao and Guo, Song and Xie, Xin and Qi, Heng},
  booktitle={Proceedings of the ACM Web Conference 2022},
  pages={622--632},
  year={2022}
}

@inproceedings{liu2020have,
  title={Have you forgotten? A method to assess if machine learning models have forgotten data},
  author={Liu, Xiao and Tsaftaris, Sotirios A},
  booktitle={International Conference on Medical Image Computing and Computer-Assisted Intervention},
  pages={95--105},
  year={2020},
  organization={Springer}
}

@incollection{ahmad2019deep,
  title={Deep learning methods and applications},
  author={Ahmad, Jamil and Farman, Haleem and Jan, Zahoor},
  booktitle={Deep learning: convergence to big data analytics},
  pages={31--42},
  year={2019},
  publisher={Springer}
}

@article{criado2022non,
  title={Non-IID data and Continual Learning processes in Federated Learning: A long road ahead},
  author={Criado, Marcos F and Casado, Fernando E and Iglesias, Roberto and Regueiro, Carlos V and Barro, Sen{\'e}n},
  journal={Information Fusion},
  volume={88},
  pages={263--280},
  year={2022},
  publisher={Elsevier}
}

@article{xu2021federated,
  title={Federated learning for healthcare informatics},
  author={Xu, Jie and Glicksberg, Benjamin S and Su, Chang and Walker, Peter and Bian, Jiang and Wang, Fei},
  journal={Journal of Healthcare Informatics Research},
  volume={5},
  number={1},
  pages={1--19},
  year={2021},
  publisher={Springer}
}

@inproceedings{huang2021mathsf,
  author    = {Yangsibo Huang and
               Xiaoxiao Li and
               Kai Li},
  editor    = {Marleen de Bruijne and
               Philippe C. Cattin and
               St{\'{e}}phane Cotin and
               Nicolas Padoy and
               Stefanie Speidel and
               Yefeng Zheng and
               Caroline Essert},
  title     = {{EMA:} Auditing Data Removal from Trained Models},
  booktitle = {Medical Image Computing and Computer Assisted Intervention - {MICCAI}
               2021 - 24th International Conference, Strasbourg, France, September
               27 - October 1, 2021, Proceedings, Part {V}},
  series    = {Lecture Notes in Computer Science},
  volume    = {12905},
  pages     = {793--803},
  publisher = {Springer},
  year      = {2021},
  url       = {https://doi.org/10.1007/978-3-030-87240-3\_76},
  doi       = {10.1007/978-3-030-87240-3\_76},
  timestamp = {Tue, 21 Dec 2021 17:19:23 +0100},
  biburl    = {https://dblp.org/rec/conf/miccai/HuangLL21.bib},
  bibsource = {dblp computer science bibliography, https://dblp.org}
}

@article{khan2021knowledge,
  title={Knowledge-adaptation priors},
  author={Khan, Mohammad Emtiyaz E and Swaroop, Siddharth},
  journal={Advances in Neural Information Processing Systems},
  volume={34},
  pages={19757--19770},
  year={2021}
}

@inproceedings{Takashi2022learning,
  author    = {Takashi Shibata and
               Go Irie and
               Daiki Ikami and
               Yu Mitsuzumi},
  editor    = {Zhi{-}Hua Zhou},
  title     = {Learning with Selective Forgetting},
  booktitle = {Proceedings of the Thirtieth International Joint Conference on Artificial
               Intelligence, {IJCAI} 2021, Virtual Event / Montreal, Canada, 19-27
               August 2021},
  pages     = {989--996},
  publisher = {ijcai.org},
  year      = {2021},
  url       = {https://doi.org/10.24963/ijcai.2021/137},
  doi       = {10.24963/ijcai.2021/137},
  timestamp = {Wed, 25 Aug 2021 17:11:16 +0200},
  biburl    = {https://dblp.org/rec/conf/ijcai/0001IIM21.bib},
  bibsource = {dblp computer science bibliography, https://dblp.org}
}

@article{ly2017tutorial,
  title={A tutorial on Fisher information},
  author={Ly, Alexander and Marsman, Maarten and Verhagen, Josine and Grasman, Raoul PPP and Wagenmakers, Eric-Jan},
  journal={Journal of Mathematical Psychology},
  volume={80},
  pages={40--55},
  year={2017},
  publisher={Elsevier}
}

@inproceedings{liu2022right,
  author    = {Yi Liu and
               Lei Xu and
               Xingliang Yuan and
               Cong Wang and
               Bo Li},
  title     = {The Right to be Forgotten in Federated Learning: An Efficient Realization
               with Rapid Retraining},
  booktitle = {{IEEE} {INFOCOM} 2022 - {IEEE} Conference on Computer Communications,
               London, United Kingdom, May 2-5, 2022},
  pages     = {1749--1758},
  publisher = {{IEEE}},
  year      = {2022},
  url       = {https://doi.org/10.1109/INFOCOM48880.2022.9796721},
  doi       = {10.1109/INFOCOM48880.2022.9796721},
  timestamp = {Thu, 21 Jul 2022 09:32:50 +0200},
  biburl    = {https://dblp.org/rec/conf/infocom/LiuXYWL22.bib},
  bibsource = {dblp computer science bibliography, https://dblp.org}
}


@inproceedings{dang2021right,
  title={Right to Be Forgotten in the Age of Machine Learning},
  author={Dang, Quang-Vinh},
  booktitle={International Conference on Advances in Digital Science},
  pages={403--411},
  year={2021},
  organization={Springer}
}

@inproceedings{xu2020second,
  title={Second-order optimization for non-convex machine learning: An empirical study},
  author={Xu, Peng and Roosta, Fred and Mahoney, Michael W},
  booktitle={Proceedings of the 2020 SIAM International Conference on Data Mining},
  pages={199--207},
  year={2020},
  organization={SIAM}
}

@inproceedings{chen2022recommendation,
  title={Recommendation unlearning},
  author={Chen, Chong and Sun, Fei and Zhang, Min and Ding, Bolin},
  booktitle={Proceedings of the ACM Web Conference 2022},
  pages={2768--2777},
  year={2022}
}

@inproceedings{yanarcane2022unlearning,
  author    = {Haonan Yan and
               Xiaoguang Li and
               Ziyao Guo and
               Hui Li and
               Fenghua Li and
               Xiaodong Lin},
  editor    = {Luc De Raedt},
  title     = {{ARCANE:} An Efficient Architecture for Exact Machine Unlearning},
  booktitle = {Proceedings of the Thirty-First International Joint Conference on
               Artificial Intelligence, {IJCAI} 2022, Vienna, Austria, 23-29 July
               2022},
  pages     = {4006--4013},
  publisher = {ijcai.org},
  year      = {2022},
  url       = {https://doi.org/10.24963/ijcai.2022/556},
  doi       = {10.24963/ijcai.2022/556},
  timestamp = {Wed, 27 Jul 2022 16:43:00 +0200},
  biburl    = {https://dblp.org/rec/conf/ijcai/YanLG0L022.bib},
  bibsource = {dblp computer science bibliography, https://dblp.org}
}

@inproceedings{liu2021federaser,
  title={Federaser: Enabling efficient client-level data removal from federated learning models},
  author={Liu, Gaoyang and Ma, Xiaoqiang and Yang, Yang and Wang, Chen and Liu, Jiangchuan},
  booktitle={2021 IEEE/ACM 29th International Symposium on Quality of Service (IWQOS)},
  pages={1--10},
  year={2021},
  organization={IEEE}
}

@inproceedings{kingma2014auto,
  author       = {Diederik P. Kingma and
                  Max Welling},
  editor       = {Yoshua Bengio and
                  Yann LeCun},
  title        = {Auto-Encoding Variational Bayes},
  booktitle    = {2nd International Conference on Learning Representations, {ICLR} 2014,
                  Banff, AB, Canada, April 14-16, 2014, Conference Track Proceedings},
  year         = {2014},
  %url          = {http://arxiv.org/abs/1312.6114},
  timestamp    = {Thu, 04 Apr 2019 13:20:07 +0200},
  biburl       = {https://dblp.org/rec/journals/corr/KingmaW13.bib},
  bibsource    = {dblp computer science bibliography, https://dblp.org}
}

@article{slonim2005information,
  title={Information-based clustering},
  author={Slonim, Noam and Atwal, Gurinder Singh and Tka{\v{c}}ik, Ga{\v{s}}per and Bialek, William},
  journal={Proceedings of the National Academy of Sciences},
  volume={102},
  number={51},
  pages={18297--18302},
  year={2005},
  publisher={National Acad Sciences}
}

@inproceedings{bang2021explaining,
  title={Explaining a black-box by using a deep variational information bottleneck approach},
  author={Bang, Seojin and Xie, Pengtao and Lee, Heewook and Wu, Wei and Xing, Eric},
  booktitle={Proceedings of the AAAI Conference on Artificial Intelligence},
  volume={35},
  number={13},
  pages={11396--11404},
  year={2021}
}

@article{garipov2018loss,
  title={Loss surfaces, mode connectivity, and fast ensembling of dnns},
  author={Garipov, Timur and Izmailov, Pavel and Podoprikhin, Dmitrii and Vetrov, Dmitry P and Wilson, Andrew G},
  journal={Advances in neural information processing systems},
  volume={31},
  year={2018}
}

@inproceedings{zhao2020bridging,
  author    = {Pu Zhao and
               Pin{-}Yu Chen and
               Payel Das and
               Karthikeyan Natesan Ramamurthy and
               Xue Lin},
  title     = {Bridging Mode Connectivity in Loss Landscapes and Adversarial Robustness},
  booktitle = {8th International Conference on Learning Representations, {ICLR} 2020,
               Addis Ababa, Ethiopia, April 26-30, 2020},
  publisher = {OpenReview.net},
  year      = {2020},
  %url       = {https://openreview.net/forum?id=SJgwzCEKwH},
  timestamp = {Thu, 07 May 2020 17:11:47 +0200},
  biburl    = {https://dblp.org/rec/conf/iclr/ZhaoCDRL20.bib},
  bibsource = {dblp computer science bibliography, https://dblp.org}
}

@inproceedings{fredrikson2014privacy,
  author    = {Matthew Fredrikson and
               Eric Lantz and
               Somesh Jha and
               Simon M. Lin and
               David Page and
               Thomas Ristenpart},
  title     = {Privacy in Pharmacogenetics: An End-to-End Case Study of Personalized
               Warfarin Dosing},
  booktitle = {Proceedings of the 23rd {USENIX} Security Symposium, San Diego, CA,
               USA, August 20-22, 2014},
  pages     = {17--32},
  publisher = {{USENIX} Association},
  year      = {2014}
}


@inproceedings{salem2020updates,
  author    = {Ahmed Salem and
               Apratim Bhattacharya and
               Michael Backes and
               Mario Fritz and
               Yang Zhang},
  title     = {Updates-Leak: Data Set Inference and Reconstruction Attacks in Online
               Learning},
  booktitle = {29th {USENIX} Security Symposium, {USENIX} Security 2020, August 12-14,
               2020},
  pages     = {1291--1308},
  publisher = {{USENIX} Association},
  year      = {2020}
}




@article{achille2018information,
  title={Information dropout: Learning optimal representations through noisy computation},
  author={Achille, Alessandro and Soatto, Stefano},
  journal={IEEE transactions on pattern analysis and machine intelligence},
  volume={40},
  number={12},
  pages={2897--2905},
  year={2018},
  publisher={IEEE}
}

@inproceedings{hitaj2017deep,
  title={Deep models under the GAN: information leakage from collaborative deep learning},
  author={Hitaj, Briland and Ateniese, Giuseppe and Perez-Cruz, Fernando},
  booktitle={Proceedings of the 2017 ACM SIGSAC conference on computer and communications security},
  pages={603--618},
  year={2017}
}

@inproceedings{melis2019exploiting,
  title={Exploiting unintended feature leakage in collaborative learning},
  author={Melis, Luca and Song, Congzheng and De Cristofaro, Emiliano and Shmatikov, Vitaly},
  booktitle={2019 IEEE Symposium on Security and Privacy (SP)},
  pages={691--706},
  year={2019},
  organization={IEEE}
}


@article{chaudhuri2011differentially,
  title={Differentially private empirical risk minimization.},
  author={Chaudhuri, Kamalika and Monteleoni, Claire and Sarwate, Anand D},
  journal={Journal of Machine Learning Research},
  volume={12},
  number={3},
  year={2011}
}

@inproceedings{guo2019certified,
  author    = {Chuan Guo and
               Tom Goldstein and
               Awni Y. Hannun and
               Laurens van der Maaten},
  title     = {Certified Data Removal from Machine Learning Models},
  booktitle = {Proceedings of the 37th International Conference on Machine Learning,
               {ICML} 2020, 13-18 July 2020, Virtual Event},
  series    = {Proceedings of Machine Learning Research},
  volume    = {119},
  pages     = {3832--3842},
  publisher = {{PMLR}},
  year      = {2020}
}

@article{wehenkel1991decision,
  title={Decision trees and transient stability of electric power systems},
  author={Wehenkel, Louis and Pavella, Mania},
  journal={Automatica},
  volume={27},
  number={1},
  pages={115--134},
  year={1991},
  publisher={Elsevier}
}

@inproceedings{schelter2021hedgecut,
  title={Hedgecut: Maintaining randomised trees for low-latency machine unlearning},
  author={Schelter, Sebastian and Grafberger, Stefan and Dunning, Ted},
  booktitle={Proceedings of the 2021 International Conference on Management of Data},
  pages={1545--1557},
  year={2021}
}

@article{sekhari2021remember,
  title={Remember what you want to forget: Algorithms for machine unlearning},
  author={Sekhari, Ayush and Acharya, Jayadev and Kamath, Gautam and Suresh, Ananda Theertha},
  journal={Advances in Neural Information Processing Systems},
  volume={34},
  year={2021}
}

@article{tishby2000information,
  title={The information bottleneck method},
  author={Tishby, Naftali and Pereira, Fernando C and Bialek, William},
  journal={arXiv preprint physics/0004057},
  year={2000}
}

@article{tian2022comprehensive,
  title={A Comprehensive Survey on Poisoning Attacks and Countermeasures in Machine Learning},
  author={Tian, Zhiyi and Cui, Lei and Liang, Jie and Yu, Shui},
  journal={ACM Computing Surveys (CSUR)},
  year={2022},
  publisher={ACM New York, NY}
}

@inproceedings{dwork2006calibrating,
  title={Calibrating noise to sensitivity in private data analysis},
  author={Dwork, Cynthia and McSherry, Frank and Nissim, Kobbi and Smith, Adam},
  booktitle={Theory of cryptography conference},
  pages={265--284},
  year={2006},
  organization={Springer}
}

@article{yuan2019adversarial,
  title={Adversarial examples: Attacks and defenses for deep learning},
  author={Yuan, Xiaoyong and He, Pan and Zhu, Qile and Li, Xiaolin},
  journal={IEEE transactions on neural networks and learning systems},
  volume={30},
  number={9},
  pages={2805--2824},
  year={2019},
  publisher={IEEE}
}

@article{fraboni2022sequential,
  title={Sequential Informed Federated Unlearning: Efficient and Provable Client Unlearning in Federated Optimization},
  author={Fraboni, Yann and Vidal, Richard and Kameni, Laetitia and Lorenzi, Marco},
  journal={arXiv preprint arXiv:2211.11656},
  year={2022}
}

@article{nguyen2020variational,
  title={Variational bayesian unlearning},
  author={Nguyen, Quoc Phong and Low, Bryan Kian Hsiang and Jaillet, Patrick},
  journal={Advances in Neural Information Processing Systems},
  volume={33},
  pages={16025--16036},
  year={2020}
}

@article{desideri2012multiple,
  title={Multiple-gradient descent algorithm (MGDA) for multiobjective optimization},
  author={D{\'e}sid{\'e}ri, Jean-Antoine},
  journal={Comptes Rendus Mathematique},
  volume={350},
  number={5-6},
  pages={313--318},
  year={2012},
  publisher={Elsevier}
}

@article{gupta2021adaptive,
  title={Adaptive machine unlearning},
  author={Gupta, Varun and Jung, Christopher and Neel, Seth and Roth, Aaron and Sharifi-Malvajerdi, Saeed and Waites, Chris},
  journal={Advances in Neural Information Processing Systems},
  volume={34},
  pages={16319--16330},
  year={2021}
}


@article{chen2020fedbe,
  title={Fedbe: Making bayesian model ensemble applicable to federated learning},
  author={Chen, Hong-You and Chao, Wei-Lun},
  journal={arXiv preprint arXiv:2009.01974},
  year={2020}
}

@inproceedings{neel2021descent,
  title={Descent-to-delete: Gradient-based methods for machine unlearning},
  author={Neel, Seth and Roth, Aaron and Sharifi-Malvajerdi, Saeed},
  booktitle={Algorithmic Learning Theory},
  pages={931--962},
  year={2021},
  organization={PMLR}
}

@inproceedings{golatkar2020eternal,
  title={Eternal sunshine of the spotless net: Selective forgetting in deep networks},
  author={Golatkar, Aditya and Achille, Alessandro and Soatto, Stefano},
  booktitle={Proceedings of the IEEE/CVF Conference on Computer Vision and Pattern Recognition},
  pages={9304--9312},
  year={2020}
}


@article{goodfellow2014explaining,
  title={Explaining and harnessing adversarial examples},
  author={Goodfellow, Ian J and Shlens, Jonathon and Szegedy, Christian},
  journal={arXiv preprint arXiv:1412.6572},
  year={2014}
}

@inproceedings{huang2021unlearnable,
  author    = {Hanxun Huang and
               Xingjun Ma and
               Sarah Monazam Erfani and
               James Bailey and
               Yisen Wang},
  title     = {Unlearnable Examples: Making Personal Data Unexploitable},
  booktitle = {9th International Conference on Learning Representations, {ICLR} 2021,
               Virtual Event, Austria, May 3-7, 2021},
  publisher = {OpenReview.net},
  year      = {2021},
  url       = {https://openreview.net/forum?id=iAmZUo0DxC0},
  timestamp = {Wed, 23 Jun 2021 17:36:39 +0200},
  biburl    = {https://dblp.org/rec/conf/iclr/HuangME0021.bib},
  bibsource = {dblp computer science bibliography, https://dblp.org}
}

@inproceedings{brophy2021machine,
  title={Machine unlearning for random forests},
  author={Brophy, Jonathan and Lowd, Daniel},
  booktitle={International Conference on Machine Learning},
  pages={1092--1104},
  year={2021},
  organization={PMLR}
}

@inproceedings{golatkar2021mixed,
  title={Mixed-privacy forgetting in deep networks},
  author={Golatkar, Aditya and Achille, Alessandro and Ravichandran, Avinash and Polito, Marzia and Soatto, Stefano},
  booktitle={Proceedings of the IEEE/CVF Conference on Computer Vision and Pattern Recognition},
  pages={792--801},
  year={2021}
}

@inproceedings{thudi2022unrolling,
  title={Unrolling sgd: Understanding factors influencing machine unlearning},
  author={Thudi, Anvith and Deza, Gabriel and Chandrasekaran, Varun and Papernot, Nicolas},
  booktitle={2022 IEEE 7th European Symposium on Security and Privacy (EuroS\&P)},
  pages={303--319},
  year={2022},
  organization={IEEE}
}

@inproceedings{kendall2018multi,
  title={Multi-task learning using uncertainty to weigh losses for scene geometry and semantics},
  author={Kendall, Alex and Gal, Yarin and Cipolla, Roberto},
  booktitle={Proceedings of the IEEE conference on computer vision and pattern recognition},
  pages={7482--7491},
  year={2018}
}

@inproceedings{fu2022knowledge,
  author    = {Shaopeng Fu and
               Fengxiang He and
               Dacheng Tao},
  title     = {Knowledge Removal in Sampling-based Bayesian Inference},
  booktitle = {The Tenth International Conference on Learning Representations, {ICLR}
               2022, Virtual Event, April 25-29, 2022},
  publisher = {OpenReview.net},
  year      = {2022}
}

@article{glewis2004new,
  title={A new benchmark collection for text categorization research},
  author={Glewis, YYRTG and David, D and Li, F},
  journal={J. Mach. Learn. Res},
  year={2004}
}

@article{byrd1994representations,
  title={Representations of quasi-Newton matrices and their use in limited memory methods},
  author={Byrd, Richard H and Nocedal, Jorge and Schnabel, Robert B},
  journal={Mathematical Programming},
  volume={63},
  number={1},
  pages={129--156},
  year={1994},
  publisher={Springer}
}

@article{baldi2014searching,
  title={Searching for exotic particles in high-energy physics with deep learning},
  author={Baldi, Pierre and Sadowski, Peter and Whiteson, Daniel},
  journal={Nature communications},
  volume={5},
  number={1},
  pages={1--9},
  year={2014},
  publisher={Nature Publishing Group}
}

@article{blackard1999comparative,
  title={Comparative accuracies of artificial neural networks and discriminant analysis in predicting forest cover types from cartographic variables},
  author={Blackard, Jock A and Dean, Denis J},
  journal={Computers and electronics in agriculture},
  volume={24},
  number={3},
  pages={131--151},
  year={1999},
  publisher={Elsevier}
}

@article{lecun1998gradient,
  title={Gradient-based learning applied to document recognition},
  author={LeCun, Yann and Bottou, L{\'e}on and Bengio, Yoshua and Haffner, Patrick},
  journal={Proceedings of the IEEE},
  volume={86},
  number={11},
  pages={2278--2324},
  year={1998},
  publisher={Ieee}
}

@inproceedings{wu2022puma,
  author    = {Ga Wu and
               Masoud Hashemi and
               Christopher Srinivasa},
  title     = {{PUMA:} Performance Unchanged Model Augmentation for Training Data
               Removal},
  booktitle = {Thirty-Sixth {AAAI} Conference on Artificial Intelligence, {AAAI}
               2022, Thirty-Fourth Conference on Innovative Applications of Artificial
               Intelligence, {IAAI} 2022, The Twelveth Symposium on Educational Advances
               in Artificial Intelligence, {EAAI} 2022 Virtual Event, February 22
               - March 1, 2022},
  pages     = {8675--8682},
  publisher = {{AAAI} Press},
  year      = {2022},
  url       = {https://ojs.aaai.org/index.php/AAAI/article/view/20846},
  timestamp = {Mon, 11 Jul 2022 16:09:32 +0200},
  biburl    = {https://dblp.org/rec/conf/aaai/WuHS22.bib},
  bibsource = {dblp computer science bibliography, https://dblp.org}
}

@misc{asuncion2007uci,
  title={UCI machine learning repository},
  author={Asuncion, Arthur and Newman, David},
  year={2007},
  publisher={Irvine, CA, USA}
}

@inproceedings{nguyen2022markov,
  author    = {Quoc Phong Nguyen and
               Ryutaro Oikawa and
               Dinil Mon Divakaran and
               Mun Choon Chan and
               Bryan Kian Hsiang Low},
  title     = {Markov Chain Monte Carlo-Based Machine Unlearning: Unlearning What
               Needs to be Forgotten},
  booktitle = {{ASIA} {CCS} '22: {ACM} Asia Conference on Computer and Communications
               Security, Nagasaki, Japan, 30 May 2022 - 3 June 2022},
  pages     = {351--363},
  publisher = {{ACM}},
  year      = {2022}
}

@inproceedings{chen2021machine,
  title={When machine unlearning jeopardizes privacy},
  author={Chen, Min and Zhang, Zhikun and Wang, Tianhao and Backes, Michael and Humbert, Mathias and Zhang, Yang},
  booktitle={Proceedings of the 2021 ACM SIGSAC Conference on Computer and Communications Security},
  pages={896--911},
  year={2021}
}

@article{kearns1998efficient,
  title={Efficient noise-tolerant learning from statistical queries},
  author={Kearns, Michael},
  journal={Journal of the ACM (JACM)},
  volume={45},
  number={6},
  pages={983--1006},
  year={1998},
  publisher={ACM New York, NY, USA}
}

@article{wang2021variational,
  title={Variational Model Inversion Attacks},
  author={Wang, Kuan-Chieh and Fu, Yan and Li, Ke and Khisti, Ashish and Zemel, Richard and Makhzani, Alireza},
  journal={Advances in Neural Information Processing Systems},
  volume={34},
  pages={9706--9719},
  year={2021}
}

@inproceedings{shokri2017membership,
  title={Membership inference attacks against machine learning models},
  author={Shokri, Reza and Stronati, Marco and Song, Congzheng and Shmatikov, Vitaly},
  booktitle={2017 IEEE symposium on security and privacy (SP)},
  pages={3--18},
  year={2017},
  organization={IEEE}
}

@inproceedings{liu2010automatic,
  title={Automatic detection of phishing target from phishing webpage},
  author={Liu, Gang and Qiu, Bite and Wenyin, Liu},
  booktitle={2010 20th International Conference on Pattern Recognition},
  pages={4153--4156},
  year={2010},
  organization={IEEE}
}

@article{blahut1972computation,
  title={Computation of channel capacity and rate-distortion functions},
  author={Blahut, Richard},
  journal={IEEE transactions on Information Theory},
  volume={18},
  number={4},
  pages={460--473},
  year={1972},
  publisher={IEEE}
}

@inproceedings{du2019lifelong,
  title={Lifelong anomaly detection through unlearning},
  author={Du, Min and Chen, Zhi and Liu, Chang and Oak, Rajvardhan and Song, Dawn},
  booktitle={Proceedings of the 2019 ACM SIGSAC Conference on Computer and Communications Security},
  pages={1283--1297},
  year={2019}
}

@article{voigt2017eu,
  title={The eu general data protection regulation (gdpr)},
  author={Voigt, Paul and Von dem Bussche, Axel},
  journal={A Practical Guide, 1st Ed., Cham: Springer International Publishing},
  volume={10},
  number={3152676},
  pages={10--5555},
  year={2017},
  publisher={Springer}
}

@inproceedings{hu2022membership,
  author    = {Hongsheng Hu and
               Zoran Salcic and
               Gillian Dobbie and
               Jinjun Chen and
               Lichao Sun and
               Xuyun Zhang},
  editor    = {Luc De Raedt},
  title     = {Membership Inference via Backdooring},
  booktitle = {Proceedings of the Thirty-First International Joint Conference on
               Artificial Intelligence, {IJCAI} 2022, Vienna, Austria, 23-29 July
               2022},
  pages     = {3832--3838},
  publisher = {ijcai.org},
  year      = {2022},
  url       = {https://doi.org/10.24963/ijcai.2022/532},
  doi       = {10.24963/ijcai.2022/532},
  timestamp = {Wed, 27 Jul 2022 16:43:00 +0200},
  biburl    = {https://dblp.org/rec/conf/ijcai/HuSDCSZ22.bib},
  bibsource = {dblp computer science bibliography, https://dblp.org}
}

@article{sommer2022athena,
  title={Athena: Probabilistic Verification of Machine Unlearning},
  author={Sommer, David Marco and Song, Liwei and Wagh, Sameer and Mittal, Prateek},
  journal={Proceedings on Privacy Enhancing Technologies},
  volume={3},
  pages={268--290},
  year={2022}
}

@article{zhang2015character,
  title={Character-level convolutional networks for text classification},
  author={Zhang, Xiang and Zhao, Junbo and LeCun, Yann},
  journal={Advances in neural information processing systems},
  volume={28},
  year={2015}
}

@inproceedings{shokri2017membership,
  title={Membership inference attacks against machine learning models},
  author={Shokri, Reza and Stronati, Marco and Song, Congzheng and Shmatikov, Vitaly},
  booktitle={2017 IEEE symposium on security and privacy (SP)},
  pages={3--18},
  year={2017},
  organization={IEEE}
}

@inproceedings{shintre2019making,
  title={Making machine learning forget},
  author={Shintre, Saurabh and Roundy, Kevin A and Dhaliwal, Jasjeet},
  booktitle={Annual Privacy Forum},
  pages={72--83},
  year={2019},
  organization={Springer}
}

@inproceedings{koh2017understanding,
  title={Understanding black-box predictions via influence functions},
  author={Koh, Pang Wei and Liang, Percy},
  booktitle={International conference on machine learning},
  pages={1885--1894},
  year={2017},
  organization={PMLR}
}

@inproceedings{cao2018efficient,
  title={Efficient repair of polluted machine learning systems via causal unlearning},
  author={Cao, Yinzhi and Yu, Alexander Fangxiao and Aday, Andrew and Stahl, Eric and Merwine, Jon and Yang, Junfeng},
  booktitle={Proceedings of the 2018 on Asia Conference on Computer and Communications Security},
  pages={735--747},
  year={2018}
}

@inproceedings{garg2020formalizing,
  author    = {Sanjam Garg and
               Shafi Goldwasser and
               Prashant Nalini Vasudevan},
  editor    = {Anne Canteaut and
               Yuval Ishai},
  title     = {Formalizing Data Deletion in the Context of the Right to Be Forgotten},
  booktitle = {Advances in Cryptology - {EUROCRYPT} 2020 - 39th Annual International
               Conference on the Theory and Applications of Cryptographic Techniques,
               Zagreb, Croatia, May 10-14, 2020, Proceedings, Part {II}},
  series    = {Lecture Notes in Computer Science},
  volume    = {12106},
  pages     = {373--402},
  publisher = {Springer},
  year      = {2020},
  url       = {https://doi.org/10.1007/978-3-030-45724-2\_13},
  doi       = {10.1007/978-3-030-45724-2\_13},
  timestamp = {Mon, 04 May 2020 14:35:02 +0200},
  biburl    = {https://dblp.org/rec/conf/eurocrypt/GargGV20.bib},
  bibsource = {dblp computer science bibliography, https://dblp.org}
}

@inproceedings{golatkar2020forgetting,
  author    = {Aditya Golatkar and
               Alessandro Achille and
               Stefano Soatto},
  editor    = {Andrea Vedaldi and
               Horst Bischof and
               Thomas Brox and
               Jan{-}Michael Frahm},
  title     = {Forgetting Outside the Box: Scrubbing Deep Networks of Information
               Accessible from Input-Output Observations},
  booktitle = {Computer Vision - {ECCV} 2020 - 16th European Conference, Glasgow,
               UK, August 23-28, 2020, Proceedings, Part {XXIX}},
  series    = {Lecture Notes in Computer Science},
  volume    = {12374},
  pages     = {383--398},
  publisher = {Springer},
  year      = {2020},
  url       = {https://doi.org/10.1007/978-3-030-58526-6\_23},
  doi       = {10.1007/978-3-030-58526-6\_23},
  timestamp = {Wed, 07 Oct 2020 19:50:13 +0200},
  biburl    = {https://dblp.org/rec/conf/eccv/GolatkarAS20.bib},
  bibsource = {dblp computer science bibliography, https://dblp.org}
}

@inproceedings{shokri2015privacy,
  title={Privacy-preserving deep learning},
  author={Shokri, Reza and Shmatikov, Vitaly},
  booktitle={Proceedings of the 22nd ACM SIGSAC conference on computer and communications security},
  pages={1310--1321},
  year={2015}
}

@inproceedings{zanella2020analyzing,
  title={Analyzing information leakage of updates to natural language models},
  author={Zanella-B{\'e}guelin, Santiago and Wutschitz, Lukas and Tople, Shruti and R{\"u}hle, Victor and Paverd, Andrew and Ohrimenko, Olga and K{\"o}pf, Boris and Brockschmidt, Marc},
  booktitle={Proceedings of the 2020 ACM SIGSAC Conference on Computer and Communications Security},
  pages={363--375},
  year={2020}
}

@inproceedings{li2020online,
  author    = {Yuantong Li and
               Chi{-}Hua Wang and
               Guang Cheng},
  editor    = {Arindam Banerjee and
               Kenji Fukumizu},
  title     = {Online Forgetting Process for Linear Regression Models},
  booktitle = {The 24th International Conference on Artificial Intelligence and Statistics,
               {AISTATS} 2021, April 13-15, 2021, Virtual Event},
  series    = {Proceedings of Machine Learning Research},
  volume    = {130},
  pages     = {217--225},
  publisher = {{PMLR}},
  year      = {2021},
  url       = {http://proceedings.mlr.press/v130/li21a.html},
  timestamp = {Wed, 14 Apr 2021 18:58:38 +0200},
  biburl    = {https://dblp.org/rec/conf/aistats/LiWC21.bib},
  bibsource = {dblp computer science bibliography, https://dblp.org}
}

@article{chien2022certified,
  title={Certified Graph Unlearning},
  author={Chien, Eli and Pan, Chao and Milenkovic, Olgica},
  journal={arXiv preprint arXiv:2206.09140},
  year={2022}
}

@article{shchur2018pitfalls,
  title={Pitfalls of graph neural network evaluation},
  author={Shchur, Oleksandr and Mumme, Maximilian and Bojchevski, Aleksandar and G{\"u}nnemann, Stephan},
  journal={arXiv preprint arXiv:1811.05868},
  year={2018}
}

@inproceedings{mcauley2015image,
  title={Image-based recommendations on styles and substitutes},
  author={McAuley, Julian and Targett, Christopher and Shi, Qinfeng and Van Den Hengel, Anton},
  booktitle={Proceedings of the 38th international ACM SIGIR conference on research and development in information retrieval},
  pages={43--52},
  year={2015}
}

@article{hu2020open,
  title={Open graph benchmark: Datasets for machine learning on graphs},
  author={Hu, Weihua and Fey, Matthias and Zitnik, Marinka and Dong, Yuxiao and Ren, Hongyu and Liu, Bowen and Catasta, Michele and Leskovec, Jure},
  journal={Advances in neural information processing systems},
  volume={33},
  pages={22118--22133},
  year={2020}
}

@article{fey2019fast,
  title={Fast graph representation learning with PyTorch Geometric},
  author={Fey, Matthias and Lenssen, Jan Eric},
  journal={arXiv preprint arXiv:1903.02428},
  year={2019}
}

@inproceedings{yang2016revisiting,
  title={Revisiting semi-supervised learning with graph embeddings},
  author={Yang, Zhilin and Cohen, William and Salakhudinov, Ruslan},
  booktitle={International conference on machine learning},
  pages={40--48},
  year={2016},
  organization={PMLR}
}

@article{sen2008collective,
  title={Collective classification in network data},
  author={Sen, Prithviraj and Namata, Galileo and Bilgic, Mustafa and Getoor, Lise and Galligher, Brian and Eliassi-Rad, Tina},
  journal={AI magazine},
  volume={29},
  number={3},
  pages={93--93},
  year={2008}
}

@inproceedings{zheng2015scalable,
  title={Scalable person re-identification: A benchmark},
  author={Zheng, Liang and Shen, Liyue and Tian, Lu and Wang, Shengjin and Wang, Jingdong and Tian, Qi},
  booktitle={Proceedings of the IEEE international conference on computer vision},
  pages={1116--1124},
  year={2015}
}

@inproceedings{demidenko2004kolmogorov,
  title={Kolmogorov-smirnov test for image comparison},
  author={Demidenko, Eugene},
  booktitle={International Conference on Computational Science and Its Applications},
  pages={933--939},
  year={2004},
  organization={Springer}
}

@misc{bishop1992exact,
  title={Exact calculation of the Hessian matrix for the multilayer perceptron},
  author={Bishop, Chris},
  year={1992},
  publisher={MIT Press One Rogers Street, Cambridge, MA 02142-1209, USA journals-info~…}
}

@inproceedings{mehta2022deep,
  title={Deep Unlearning via Randomized Conditionally Independent Hessians},
  author={Mehta, Ronak and Pal, Sourav and Singh, Vikas and Ravi, Sathya N},
  booktitle={Proceedings of the IEEE/CVF Conference on Computer Vision and Pattern Recognition},
  pages={10422--10431},
  year={2022}
}

@article{kingma2016improved,
  title={Improved variational inference with inverse autoregressive flow},
  author={Kingma, Durk P and Salimans, Tim and Jozefowicz, Rafal and Chen, Xi and Sutskever, Ilya and Welling, Max},
  journal={Advances in neural information processing systems},
  volume={29},
  year={2016}
}

@article{mahdavinejad2018machine,
  title={Machine learning for Internet of Things data analysis: A survey},
  author={Mahdavinejad, Mohammad Saeid and Rezvan, Mohammadreza and Barekatain, Mohammadamin and Adibi, Peyman and Barnaghi, Payam and Sheth, Amit P},
  journal={Digital Communications and Networks},
  volume={4},
  number={3},
  pages={161--175},
  year={2018},
  publisher={Elsevier}
}


@article{mahadevan2021certifiable,
  title={Certifiable machine unlearning for linear models},
  author={Mahadevan, Ananth and Mathioudakis, Michael},
  journal={arXiv preprint arXiv:2106.15093},
  year={2021}
}

@article{yu2019implicit,
  title={Implicit posterior variational inference for deep Gaussian processes},
  author={Yu, Haibin and Chen, Yizhou and Low, Bryan Kian Hsiang and Jaillet, Patrick and Dai, Zhongxiang},
  journal={Advances in Neural Information Processing Systems},
  volume={32},
  year={2019}
}

@article{blei2017variational,
  title={Variational inference: A review for statisticians},
  author={Blei, David M and Kucukelbir, Alp and McAuliffe, Jon D},
  journal={Journal of the American statistical Association},
  volume={112},
  number={518},
  pages={859--877},
  year={2017},
  publisher={Taylor \& Francis}
}

@article{ye2022learning,
  title={Learning with Recoverable Forgetting},
  author={Ye, Jingwen and Fu, Yifang and Song, Jie and Yang, Xingyi and Liu, Songhua and Jin, Xin and Song, Mingli and Wang, Xinchao},
  journal={arXiv preprint arXiv:2207.08224},
  year={2022}
}

@inproceedings{graves2021amnesiac,
  title={Amnesiac machine learning},
  author={Graves, Laura and Nagisetty, Vineel and Ganesh, Vijay},
  booktitle={Proceedings of the AAAI Conference on Artificial Intelligence},
  volume={35},
  number={13},
  pages={11516--11524},
  year={2021}
}

@inproceedings{ganhor2022unlearning,
  author    = {Christian Ganh{\"{o}}r and
               David Penz and
               Navid Rekabsaz and
               Oleg Lesota and
               Markus Schedl},
  editor    = {Enrique Amig{\'{o}} and
               Pablo Castells and
               Julio Gonzalo and
               Ben Carterette and
               J. Shane Culpepper and
               Gabriella Kazai},
  title     = {Unlearning Protected User Attributes in Recommendations with Adversarial
               Training},
  booktitle = {{SIGIR} '22: The 45th International {ACM} {SIGIR} Conference on Research
               and Development in Information Retrieval, Madrid, Spain, July 11 -
               15, 2022},
  pages     = {2142--2147},
  publisher = {{ACM}},
  year      = {2022},
  url       = {https://doi.org/10.1145/3477495.3531820},
  doi       = {10.1145/3477495.3531820},
  timestamp = {Sat, 09 Jul 2022 09:25:34 +0200},
  biburl    = {https://dblp.org/rec/conf/sigir/GanhorPRLS22.bib},
  bibsource = {dblp computer science bibliography, https://dblp.org}
}


@article{gao2022deletion,
  author    = {Ji Gao and
               Sanjam Garg and
               Mohammad Mahmoody and
               Prashant Nalini Vasudevan},
  title     = {Deletion inference, reconstruction, and compliance in machine (un)learning},
  journal   = {Proc. Priv. Enhancing Technol.},
  volume    = {2022},
  number    = {3},
  pages     = {415--436},
  year      = {2022},
  url       = {https://doi.org/10.56553/popets-2022-0079},
  doi       = {10.56553/popets-2022-0079},
  timestamp = {Wed, 27 Jul 2022 22:16:25 +0200},
  biburl    = {https://dblp.org/rec/journals/popets/GaoGMV22.bib},
  bibsource = {dblp computer science bibliography, https://dblp.org}
}


@article{baumhauer2022machine,
  title={Machine unlearning: Linear filtration for logit-based classifiers},
  author={Baumhauer, Thomas and Sch{\"o}ttle, Pascal and Zeppelzauer, Matthias},
  journal={Machine Learning},
  pages={1--24},
  year={2022},
  publisher={Springer}
}

@article{mercuri2022introduction,
  title={An Introduction to Machine Unlearning},
  author={Mercuri, Salvatore and Khraishi, Raad and Okhrati, Ramin and Batra, Devesh and Hamill, Conor and Ghasempour, Taha and Nowlan, Andrew},
  journal={arXiv preprint arXiv:2209.00939},
  year={2022}
}

@inproceedings{kim2022efficient,
  title={Efficient two-stage model retraining for machine unlearning},
  author={Kim, Junyaup and Woo, Simon S},
  booktitle={Proceedings of the IEEE/CVF Conference on Computer Vision and Pattern Recognition},
  pages={4361--4369},
  year={2022}
}

@incollection{joyce2011kullback,
  title={Kullback-leibler divergence},
  author={Joyce, James M},
  booktitle={International encyclopedia of statistical science},
  pages={720--722},
  year={2011},
  publisher={Springer}
}

@book{bernardo2009bayesian,
  title={Bayesian theory},
  author={Bernardo, Jos{\'e} M and Smith, Adrian FM},
  volume={405},
  year={2009},
  publisher={John Wiley \& Sons}
}

@article{nguyen2022survey,
  title={A Survey of Machine Unlearning},
  author={Nguyen, Thanh Tam and Huynh, Thanh Trung and Nguyen, Phi Le and Liew, Alan Wee-Chung and Yin, Hongzhi and Nguyen, Quoc Viet Hung},
  journal={arXiv preprint arXiv:2209.02299},
  year={2022}
}

@article{sze2017efficient,
  title={Efficient processing of deep neural networks: A tutorial and survey},
  author={Sze, Vivienne and Chen, Yu-Hsin and Yang, Tien-Ju and Emer, Joel S},
  journal={Proceedings of the IEEE},
  volume={105},
  number={12},
  pages={2295--2329},
  year={2017},
  publisher={Ieee}
}

@article{gu2018recent,
  title={Recent advances in convolutional neural networks},
  author={Gu, Jiuxiang and Wang, Zhenhua and Kuen, Jason and Ma, Lianyang and Shahroudy, Amir and Shuai, Bing and Liu, Ting and Wang, Xingxing and Wang, Gang and Cai, Jianfei and others},
  journal={Pattern recognition},
  volume={77},
  pages={354--377},
  year={2018},
  publisher={Elsevier}
}

@inproceedings{koh2017understanding,
  title={Understanding black-box predictions via influence functions},
  author={Koh, Pang Wei and Liang, Percy},
  booktitle={International conference on machine learning},
  pages={1885--1894},
  year={2017},
  organization={PMLR}
}

@article{liu2024model,
  title={Model sparsity can simplify machine unlearning},
  author={Liu, Jiancheng and Ram, Parikshit and Yao, Yuguang and Liu, Gaowen and Liu, Yang and SHARMA, PRANAY and Liu, Sijia and others},
  journal={Advances in Neural Information Processing Systems},
  volume={36},
  year={2024}
}

@inproceedings{fan2023salun,
  author       = {Chongyu Fan and
                  Jiancheng Liu and
                  Yihua Zhang and
                  Eric Wong and
                  Dennis Wei and
                  Sijia Liu},
  title        = {SalUn: Empowering Machine Unlearning via Gradient-based Weight Saliency
                  in Both Image Classification and Generation},
  booktitle    = {The Twelfth International Conference on Learning Representations,
                  {ICLR} 2024, Vienna, Austria, May 7-11, 2024},
  publisher    = {OpenReview.net},
  year         = {2024}
}

@article{kurmanji2024towards,
  title={Towards unbounded machine unlearning},
  author={Kurmanji, Meghdad and Triantafillou, Peter and Hayes, Jamie and Triantafillou, Eleni},
  journal={Advances in neural information processing systems},
  volume={36},
  year={2024}
}

@inproceedings{chundawat2023can,
  title={Can bad teaching induce forgetting? unlearning in deep networks using an incompetent teacher},
  author={Chundawat, Vikram S and Tarun, Ayush K and Mandal, Murari and Kankanhalli, Mohan},
  booktitle={Proceedings of the AAAI Conference on Artificial Intelligence},
  volume={37},
  number={6},
  pages={7210--7217},
  year={2023}
}

@article{wang2023machine,
  title={Machine unlearning via representation forgetting with parameter self-sharing},
  author={Wang, Weiqi and Zhang, Chenhan and Tian, Zhiyi and Yu, Shui},
  journal={IEEE Transactions on Information Forensics and Security},
  year={2023},
  publisher={IEEE}
}

@inproceedings{bertram2019five,
  title={Five years of the right to be forgotten},
  author={Bertram, Theo and Bursztein, Elie and Caro, Stephanie and Chao, Hubert and Chin Feman, Rutledge and Fleischer, Peter and Gustafsson, Albin and Hemerly, Jess and Hibbert, Chris and Invernizzi, Luca and others},
  booktitle={Proceedings of the 2019 ACM SIGSAC Conference on Computer and Communications Security},
  pages={959--972},
  year={2019}
}

@inproceedings{bourtoule2021machine,
  title={Machine unlearning},
  author={Bourtoule, Lucas and Chandrasekaran, Varun and Choquette-Choo, Christopher A and Jia, Hengrui and Travers, Adelin and Zhang, Baiwu and Lie, David and Papernot, Nicolas},
  booktitle={2021 IEEE Symposium on Security and Privacy (SP)},
  pages={141--159},
  year={2021},
  organization={IEEE}
}


@inproceedings{ma2022continual,
  author    = {Yuhang Ma and
               Zhongle Xie and
               Jue Wang and
               Ke Chen and
               Lidan Shou},
  editor    = {Luc De Raedt},
  title     = {Continual Federated Learning Based on Knowledge Distillation},
  booktitle = {Proceedings of the Thirty-First International Joint Conference on
               Artificial Intelligence, {IJCAI} 2022, Vienna, Austria, 23-29 July
               2022},
  pages     = {2182--2188},
  publisher = {ijcai.org},
  year      = {2022},
  url       = {https://doi.org/10.24963/ijcai.2022/303},
  doi       = {10.24963/ijcai.2022/303},
  timestamp = {Wed, 27 Jul 2022 16:43:00 +0200},
  biburl    = {https://dblp.org/rec/conf/ijcai/MaX00S22.bib},
  bibsource = {dblp computer science bibliography, https://dblp.org}
}

@inproceedings{wu2020deltagrad,
  title={Deltagrad: Rapid retraining of machine learning models},
  author={Wu, Yinjun and Dobriban, Edgar and Davidson, Susan},
  booktitle={International Conference on Machine Learning},
  pages={10355--10366},
  year={2020},
  organization={PMLR}
}

@article{chen2021graph,
  title={Graph unlearning},
  author={Chen, Min and Zhang, Zhikun and Wang, Tianhao and Backes, Michael and Humbert, Mathias and Zhang, Yang},
  journal={arXiv preprint arXiv:2103.14991},
  year={2021}
}

@article{lecun1989optimal,
  title={Optimal brain damage},
  author={LeCun, Yann and Denker, John and Solla, Sara},
  journal={Advances in neural information processing systems},
  volume={2},
  year={1989}
}

@article{kirkpatrick2017overcoming,
  title={Overcoming catastrophic forgetting in neural networks},
  author={Kirkpatrick, James and Pascanu, Razvan and Rabinowitz, Neil and Veness, Joel and Desjardins, Guillaume and Rusu, Andrei A and Milan, Kieran and Quan, John and Ramalho, Tiago and Grabska-Barwinska, Agnieszka and others},
  journal={Proceedings of the national academy of sciences},
  volume={114},
  number={13},
  pages={3521--3526},
  year={2017},
  publisher={National Acad Sciences}
}

@article{ginart2019making,
  title={Making ai forget you: Data deletion in machine learning},
  author={Ginart, Antonio and Guan, Melody and Valiant, Gregory and Zou, James Y},
  journal={Advances in Neural Information Processing Systems},
  volume={32},
  year={2019}
}

@article{wu2020graph,
  title={Graph information bottleneck},
  author={Wu, Tailin and Ren, Hongyu and Li, Pan and Leskovec, Jure},
  journal={Advances in Neural Information Processing Systems},
  volume={33},
  pages={20437--20448},
  year={2020}
}


@article{mantelero2013eu,
  author    = {Alessandro Mantelero},
  title     = {The {EU} Proposal for a General Data Protection Regulation and the
               roots of the 'right to be forgotten'},
  journal   = {Comput. Law Secur. Rev.},
  volume    = {29},
  number    = {3},
  pages     = {229--235},
  year      = {2013}
}



@article{de2018guide,
  title={A guide to the california consumer privacy act of 2018},
  author={de la Torre, Lydia},
  journal={Available at SSRN 3275571},
  year={2018}
}


@article{canada2018,
  title={Announcement: Privacy commissioner seeks federal court determination on key issue for canadians’ online reputation},
  author={O. of the Privacy Commissioner of Canada,},
  url={https://www.priv.gc.ca/en/opc-news/news-and-announcements/2018/an 181010/,},
  year={2018}
}

@inproceedings{shastri2019seven,
  title={The Seven Sins of $\{$Personal-Data$\}$ Processing Systems under $\{$GDPR$\}$},
  author={Shastri, Supreeth and Wasserman, Melissa and Chidambaram, Vijay},
  booktitle={11th USENIX Workshop on Hot Topics in Cloud Computing (HotCloud 19)},
  year={2019}
}


@inproceedings{liu2021rate,
  title={A rate-distortion framework for characterizing semantic information},
  author={Liu, Jiakun and Zhang, Wenyi and Poor, H Vincent},
  booktitle={2021 IEEE International Symposium on Information Theory (ISIT)},
  pages={2894--2899},
  year={2021},
  organization={IEEE}
}

@article{khosla2020supervised,
  title={Supervised contrastive learning},
  author={Khosla, Prannay and Teterwak, Piotr and Wang, Chen and Sarna, Aaron and Tian, Yonglong and Isola, Phillip and Maschinot, Aaron and Liu, Ce and Krishnan, Dilip},
  journal={Advances in neural information processing systems},
  volume={33},
  pages={18661--18673},
  year={2020}
}

@article{fox2012tutorial,
  title={A tutorial on variational Bayesian inference},
  author={Fox, Charles W and Roberts, Stephen J},
  journal={Artificial intelligence review},
  volume={38},
  pages={85--95},
  year={2012},
  publisher={Springer}
}

@article{hu2023robust,
  title={Robust semantic communications with masked VQ-VAE enabled codebook},
  author={Hu, Qiyu and Zhang, Guangyi and Qin, Zhijin and Cai, Yunlong and Yu, Guanding and Li, Geoffrey Ye},
  journal={IEEE Transactions on Wireless Communications},
  year={2023},
  publisher={IEEE}
}

@article{ma2023task,
  title={Task-oriented Explainable Semantic Communications},
  author={Ma, Shuai and Qiao, Weining and Wu, Youlong and Li, Hang and Shi, Guangming and Gao, Dahua and Shi, Yuanming and Li, Shiyin and Al-Dhahir, Naofal},
  journal={IEEE Transactions on Wireless Communications},
  year={2023},
  publisher={IEEE}
}

@article{li2022cross,
  title={Cross-modal semantic communications},
  author={Li, Ang and Wei, Xin and Wu, Dan and Zhou, Liang},
  journal={IEEE Wireless Communications},
  volume={29},
  number={6},
  pages={144--151},
  year={2022},
  publisher={IEEE}
}

@article{huang2022toward,
  title={Toward semantic communications: Deep learning-based image semantic coding},
  author={Huang, Danlan and Gao, Feifei and Tao, Xiaoming and Du, Qiyuan and Lu, Jianhua},
  journal={IEEE Journal on Selected Areas in Communications},
  volume={41},
  number={1},
  pages={55--71},
  year={2022},
  publisher={IEEE}
}

@article{nan2023physical,
  title={Physical-layer Adversarial Robustness for Deep Learning-based Semantic Communications},
  author={Nan, Guoshun and Li, Zhichun and Zhai, Jinli and Cui, Qimei and Chen, Gong and Du, Xin and Zhang, Xuefei and Tao, Xiaofeng and Han, Zhu and Quek, Tony QS},
  journal={IEEE Journal on Selected Areas in Communications},
  year={2023},
  publisher={IEEE}
}

@article{xie2021deep,
  title={Deep learning enabled semantic communication systems},
  author={Xie, Huiqiang and Qin, Zhijin and Li, Geoffrey Ye and Juang, Biing-Hwang},
  journal={IEEE Transactions on Signal Processing},
  volume={69},
  pages={2663--2675},
  year={2021},
  publisher={IEEE}
}

@article{xie2021task,
  title={Task-oriented multi-user semantic communications for VQA},
  author={Xie, Huiqiang and Qin, Zhijin and Li, Geoffrey Ye},
  journal={IEEE Wireless Communications Letters},
  volume={11},
  number={3},
  pages={553--557},
  year={2021},
  publisher={IEEE}
}

@article{xie2022task,
  title={Task-oriented multi-user semantic communications},
  author={Xie, Huiqiang and Qin, Zhijin and Tao, Xiaoming and Letaief, Khaled B},
  journal={IEEE Journal on Selected Areas in Communications},
  volume={40},
  number={9},
  pages={2584--2597},
  year={2022},
  publisher={IEEE}
}

@article{zhang2022deep,
  title={Deep learning-enabled semantic communication systems with task-unaware transmitter and dynamic data},
  author={Zhang, Hongwei and Shao, Shuo and Tao, Meixia and Bi, Xiaoyan and Letaief, Khaled B},
  journal={IEEE Journal on Selected Areas in Communications},
  volume={41},
  number={1},
  pages={170--185},
  year={2022},
  publisher={IEEE}
}

@article{du2023ai,
  title={AI-generated incentive mechanism and full-duplex semantic communications for information sharing},
  author={Du, Hongyang and Wang, Jiacheng and Niyato, Dusit and Kang, Jiawen and Xiong, Zehui and Kim, Dong In},
  journal={IEEE Journal on Selected Areas in Communications},
  year={2023},
  publisher={IEEE}
}

@article{du2023semantic,
  title={Semantic communications for wireless sensing: RIS-aided encoding and self-supervised decoding},
  author={Du, Hongyang and Wang, Jiacheng and Niyato, Dusit and Kang, Jiawen and Xiong, Zehui and Zhang, Junshan and Shen, Xuemin},
  journal={IEEE Journal on Selected Areas in Communications},
  year={2023},
  publisher={IEEE}
}

@article{weng2021semantic,
  title={Semantic communication systems for speech transmission},
  author={Weng, Zhenzi and Qin, Zhijin},
  journal={IEEE Journal on Selected Areas in Communications},
  volume={39},
  number={8},
  pages={2434--2444},
  year={2021},
  publisher={IEEE}
}

@article{zhang2023predictive,
  title={Predictive and adaptive deep coding for wireless image transmission in semantic communication},
  author={Zhang, Wenyu and Zhang, Haijun and Ma, Hui and Shao, Hua and Wang, Ning and Leung, Victor CM},
  journal={IEEE Transactions on Wireless Communications},
  year={2023},
  publisher={IEEE}
}

@article{lan2021semantic,
  title={What is semantic communication? A view on conveying meaning in the era of machine intelligence},
  author={Lan, Qiao and Wen, Dingzhu and Zhang, Zezhong and Zeng, Qunsong and Chen, Xu and Popovski, Petar and Huang, Kaibin},
  journal={Journal of Communications and Information Networks},
  volume={6},
  number={4},
  pages={336--371},
  year={2021},
  publisher={PTP}
}

@inproceedings{alemi2016deep,
  author    = {Alexander A. Alemi and
               Ian Fischer and
               Joshua V. Dillon and
               Kevin Murphy},
  title     = {Deep Variational Information Bottleneck},
  booktitle = {5th International Conference on Learning Representations, {ICLR} 2017,
               Toulon, France, April 24-26, 2017, Conference Track Proceedings},
  publisher = {OpenReview.net},
  year      = {2017}
}

@inproceedings{stallkamp2011german,
  title={The German traffic sign recognition benchmark: a multi-class classification competition},
  author={Stallkamp, Johannes and Schlipsing, Marc and Salmen, Jan and Igel, Christian},
  booktitle={The 2011 international joint conference on neural networks},
  pages={1453--1460},
  year={2011},
  organization={IEEE}
}

@article{wu2022federated,
  title={Federated Unlearning with Knowledge Distillation},
  author={Wu, Chen and Zhu, Sencun and Mitra, Prasenjit},
  journal={arXiv preprint arXiv:2201.09441},
  year={2022}
}

@inproceedings{zhang2022personalized,
  title={Personalized federated learning via variational bayesian inference},
  author={Zhang, Xu and Li, Yinchuan and Li, Wenpeng and Guo, Kaiyang and Shao, Yunfeng},
  booktitle={International Conference on Machine Learning},
  pages={26293--26310},
  year={2022},
  organization={PMLR}
}

@article{halimi2022federated,
  title={Federated Unlearning: How to Efficiently Erase a Client in FL?},
  author={Halimi, Anisa and Kadhe, Swanand and Rawat, Ambrish and Baracaldo, Nathalie},
  journal={arXiv preprint arXiv:2207.05521},
  year={2022}
}

@article{liu2020federated,
  title={Federated unlearning},
  author={Liu, Gaoyang and Ma, Xiaoqiang and Yang, Yang and Wang, Chen and Liu, Jiangchuan},
  journal={arXiv preprint arXiv:2012.13891},
  year={2020}
}

@article{warnecke2021machine,
  title={Machine Unlearning of Features and Labels},
  author={Warnecke, Alexander and Pirch, Lukas and Wressnegger, Christian and Rieck, Konrad},
  journal={arXiv preprint arXiv:2108.11577},
  year={2021}
}

@article{cong2022privacy,
  title={Privacy Matters! Efficient Graph Representation Unlearning with Data Removal Guarantee},
  author={Cong, Weilin and Mahdavi, Mehrdad},
  year={2022}
}

@article{wei2020federated,
  title={Federated learning with differential privacy: Algorithms and performance analysis},
  author={Wei, Kang and Li, Jun and Ding, Ming and Ma, Chuan and Yang, Howard H and Farokhi, Farhad and Jin, Shi and Quek, Tony QS and Poor, H Vincent},
  journal={IEEE Transactions on Information Forensics and Security},
  volume={15},
  pages={3454--3469},
  year={2020},
  publisher={IEEE}
}


@article{ McMahanMRA16,
  title={Federated learning of deep networks using model averaging},
  author={McMahan, H Brendan and Moore, Eider and Ramage, Daniel and y Arcas, Blaise Ag{\"u}era},
  journal={arXiv preprint arXiv:1602.05629},
  year={2016},
  publisher={Technical report}
}


@article{ kung2017compressive,
  author    = {Sun{-}Yuan Kung},
  title     = {Compressive Privacy: From Information Estimation Theory to Machine
               Learning [Lecture Notes]},
  journal   = {{IEEE} Signal Process. Mag.},
  volume    = {34},
  number    = {1},
  pages     = {94--112},
  year      = {2017}
}

@inproceedings{zhang2020secret,
  title={The secret revealer: Generative model-inversion attacks against deep neural networks},
  author={Zhang, Yuheng and Jia, Ruoxi and Pei, Hengzhi and Wang, Wenxiao and Li, Bo and Song, Dawn},
  booktitle={Proceedings of the IEEE/CVF Conference on Computer Vision and Pattern Recognition},
  pages={253--261},
  year={2020}
}


@inproceedings{liu2022backdoor,
  author    = {Yang Liu and
               Mingyuan Fan and
               Cen Chen and
               Ximeng Liu and
               Zhuo Ma and
               Li Wang and
               Jianfeng Ma},
  title     = {Backdoor Defense with Machine Unlearning},
  booktitle = {{IEEE} {INFOCOM} 2022 - {IEEE} Conference on Computer Communications,
               London, United Kingdom, May 2-5, 2022},
  pages     = {280--289},
  publisher = {{IEEE}},
  year      = {2022},
  url       = {https://doi.org/10.1109/INFOCOM48880.2022.9796974},
  doi       = {10.1109/INFOCOM48880.2022.9796974},
  timestamp = {Tue, 28 Jun 2022 08:49:15 +0200},
  biburl    = {https://dblp.org/rec/conf/infocom/LiuFCLMWM22.bib},
  bibsource = {dblp computer science bibliography, https://dblp.org}
}

@article{ tseng2020compressive,
  title={Compressive privacy generative adversarial network},
  author={Tseng, Bo-Wei and Wu, Pei-Yuan},
  journal={IEEE Transactions on Information Forensics and Security},
  volume={15},
  pages={2499--2513},
  year={2020},
  publisher={IEEE}
}

@inproceedings{ Liu0CGY21,
  title={Flame: Differentially private federated learning in the shuffle model},
  author={Liu, Ruixuan and Cao, Yang and Chen, Hong and Guo, Ruoyang and Yoshikawa, Masatoshi},
  booktitle={AAAI},
  year={2020}
}


@Article{ SunQC21,
  title={Ldp-fl: Practical private aggregation in federated learning with local differential privacy},
  author={Sun, Lichao and Qian, Jianwei and Chen, Xun and Yu, Philip S},
  journal={arXiv preprint arXiv:2007.15789},
  year={2020}
}

@inproceedings{bagdasaryan2020backdoor,
  title={How to backdoor federated learning},
  author={Bagdasaryan, Eugene and Veit, Andreas and Hua, Yiqing and Estrin, Deborah and Shmatikov, Vitaly},
  booktitle={International Conference on Artificial Intelligence and Statistics},
  pages={2938--2948},
  year={2020},
  organization={PMLR}
}

@book{bishop2006pattern,
  title={Pattern recognition and machine learning},
  author={Bishop, Christopher M and Nasrabadi, Nasser M},
  volume={4},
  number={4},
  year={2006},
  publisher={Springer}
}

@inproceedings{cao2015towards,
  title={Towards making systems forget with machine unlearning},
  author={Cao, Yinzhi and Yang, Junfeng},
  booktitle={2015 IEEE Symposium on Security and Privacy},
  pages={463--480},
  year={2015},
  organization={IEEE}
}

@inproceedings{izzo2021approximate,
  title={Approximate data deletion from machine learning models},
  author={Izzo, Zachary and Smart, Mary Anne and Chaudhuri, Kamalika and Zou, James},
  booktitle={International Conference on Artificial Intelligence and Statistics},
  pages={2008--2016},
  year={2021},
  organization={PMLR}
}

@article{kung2018compressive,
  title={A compressive privacy approach to generalized information bottleneck and privacy funnel problems},
  author={Kung, Sun-Yuan},
  journal={Journal of the Franklin Institute},
  volume={355},
  number={4},
  pages={1846--1872},
  year={2018},
  publisher={Elsevier}
}

@Article{DworkR14,
  title={The algorithmic foundations of differential privacy.},
  author={Dwork, Cynthia and Roth, Aaron and others},
  journal={Found. Trends Theor. Comput. Sci.},
  volume={9},
  number={3-4},
  pages={211--407},
  year={2014}
}

@inproceedings{ LiuCYC20,
  title={Fedsel: Federated sgd under local differential privacy with top-k dimension selection},
  author={Liu, Ruixuan and Cao, Yang and Yoshikawa, Masatoshi and Chen, Hong},
  booktitle={International Conference on Database Systems for Advanced Applications},
  pages={485--501},
  year={2020},
  organization={Springer}
}

@inproceedings{ BonawitzIKMMPRS17,
  title={Practical secure aggregation for privacy-preserving machine learning},
  author={Bonawitz, Keith and Ivanov, Vladimir and Kreuter, Ben and Marcedone, Antonio and McMahan, H Brendan and Patel, Sarvar and Ramage, Daniel and Segal, Aaron and Seth, Karn},
  booktitle={proceedings of the 2017 ACM SIGSAC Conference on Computer and Communications Security},
  pages={1175--1191},
  year={2017}
}

@inproceedings{ melis2019exploiting,
  title={Exploiting unintended feature leakage in collaborative learning},
  author={Melis, Luca and Song, Congzheng and De Cristofaro, Emiliano and Shmatikov, Vitaly},
  booktitle={2019 IEEE Symposium on Security and Privacy (SP)},
  pages={691--706},
  year={2019},
  organization={IEEE}
}



@article{ wang2018atomo,
  title={Atomo: Communication-efficient learning via atomic sparsification},
  author={Wang, Hongyi and Sievert, Scott and Charles, Zachary and Liu, Shengchao and Wright, Stephen and Papailiopoulos, Dimitris},
  journal={arXiv preprint arXiv:1806.04090},
  year={2018}
}

@inproceedings{mcmahan2017communication,
  title={Communication-efficient learning of deep networks from decentralized data},
  author={McMahan, Brendan and Moore, Eider and Ramage, Daniel and Hampson, Seth and y Arcas, Blaise Aguera},
  booktitle={Artificial intelligence and statistics},
  pages={1273--1282},
  year={2017},
  organization={PMLR}
}

@article{ wangni2017gradient,
  title={Gradient sparsification for communication-efficient distributed optimization},
  author={Wangni, Jianqiao and Wang, Jialei and Liu, Ji and Zhang, Tong},
  journal={arXiv preprint arXiv:1710.09854},
  year={2017}
}

@article{ wen2017terngrad,
  title={TernGrad: Ternary Gradients to Reduce Communication in Distributed Deep Learning},
  author={Wen, Wei and Xu, Cong and Yan, Feng and Wu, Chunpeng and Wang, Yandan and Chen, Yiran and Li, Hai},
  journal={Advances in Neural Information Processing Systems},
  volume={30},
  year={2017}
}

@article{ vogels2019powersgd,
  title={PowerSGD: Practical low-rank gradient compression for distributed optimization},
  author={Vogels, Thijs and Karinireddy, Sai Praneeth and Jaggi, Martin},
  journal={Advances In Neural Information Processing Systems 32 (Nips 2019)},
  volume={32},
  number={CONF},
  year={2019},
  publisher={NEURAL INFORMATION PROCESSING SYSTEMS (NIPS)}
}

@book{ abelson-et-al:scheme,
  author = "Harold Abelson and Gerald~Jay Sussman and Julie Sussman",
  title = "Structure and Interpretation of Computer Programs",
  publisher = "MIT Press",
  address = "Cambridge, Massachusetts",
  year = "1985"
}

@inproceedings{ bgf:Lixto,
  author = "Robert Baumgartner and Georg Gottlob and Sergio Flesca",
  title = "Visual Information Extraction with {Lixto}",
  booktitle = "Proceedings of the 27th International Conference on Very Large Databases",
  pages = "119--128",
  publisher = "Morgan Kaufmann",
  address = "Rome, Italy",
  month = "September",
  year = "2001"
}

@article{ brachman-schmolze:kl-one,
  author = "Ronald~J. Brachman and James~G. Schmolze",
  title = "An overview of the {KL-ONE} knowledge representation system",
  journal = "Cognitive Science",
  volume = "9",
  number = "2",
  pages = "171--216",
  month = "April--June",
  year = "1985"
}

@article{ gottlob:nonmon,
  author = "Georg Gottlob",
  title = "Complexity results for nonmonotonic logics",
  journal = "Journal of Logic and Computation",
  volume = "2",
  number = "3",
  pages = "397--425",
  month = "June",
  year = "1992"
}

@article{ gls:hypertrees,
  author = "Georg Gottlob and Nicola Leone and Francesco Scarcello",
  title = "Hypertree Decompositions and Tractable Queries",
  journal = "Journal of Computer and System Sciences",
  volume = "64",
  number = "3",
  pages = "579--627",
  month = "May",
  year = "2002"
}

@article{ levesque:functional-foundations,
  author = "Hector~J. Levesque",
  title = "Foundations of a functional approach to knowledge representation",
  journal = "Artificial Intelligence",
  volume = "23",
  number = "2",
  pages = "155--212",
  month = "July",
  year = "1984"
}

@inproceedings{ levesque:belief,
  author = "Hector~J. Levesque",
  title = "A logic of implicit and explicit belief",
  booktitle = "Proceedings of the Fourth National Conference on Artificial Intelligence",
  publisher = "American Association for Artificial Intelligence",
  pages = "198--202",
  address = "Austin, Texas",
  month = "August",
  year = "1984"
}

@article{ nebel:jair-2000,
  author = "Bernhard Nebel",
  title = "On the compilability and expressive power of propositional planning formalisms",
  journal = "Journal of Artificial Intelligence Research",
  volume = "12",
  pages = "271--315",
  year = "2000"
}

 @misc{proceedings,
  author = {{IJCAI Proceedings}},
  title = {{IJCAI} Camera Ready Submission},
  howpublished = {\url{https://proceedings.ijcai.org/info}},
}
