@article{attaran2023,
  author = {Attaran, M. and Celik, B.G.},
  title = {Digital Twin: Benefits, use cases, challenges, and opportunities},
  journal = {Decision Analytics Journal},
  volume = {6},
  pages = {100165},
  year = {2023},
  doi = {https://doi.org/10.1016/j.dajour.2023.100165}
}

@article{bakr2017distributed,
  title={Distributed Multisensor Data Fusion under Unknown Correlation and Data Inconsistency},
  author={Bakr, Mahmoud A and Lee, Seungchul},
  journal={Sensors},
  volume={17},
  number={11},
  pages={2472},
  year={2017},
  publisher={MDPI},
  doi={10.3390/s17112472}
}

@inproceedings{blasch2010high,
  author    = {E. Blasch and others},
  title     = {High Level Information Fusion developments, issues, and grand challenges: Fusion 2010 panel discussion},
  booktitle = {2010 13th International Conference on Information Fusion},
  year      = {2010},
  pages     = {1--8},
  doi       = {10.1109/ICIF.2010.5712116},
  url       = {https://doi.org/10.1109/ICIF.2010.5712116}
}

@article{castanedo2013,
  author = {Castanedo, F.},
  title = {A Review of Data Fusion Techniques},
  journal = {The Scientific World Journal},
  volume = {2013},
  pages = {1--19},
  year = {2013},
  doi = {https://doi.org/10.1155/2013/704504}
}

@article{jeong2022,
  author = {Jeong, D.-Y. et al.},
  title = {Digital Twin: Technology Evolution Stages and Implementation Layers With Technology Elements},
  journal = {IEEE Access},
  volume = {10},
  pages = {52609--52620},
  year = {2022},
  doi = {https://doi.org/10.1109/ACCESS.2022.3174220}
}

@article{jones2020,
  author = {Jones, D. et al.},
  title = {Characterising the Digital Twin: A systematic literature review},
  journal = {CIRP Journal of Manufacturing Science and Technology},
  volume = {29},
  pages = {36--52},
  year = {2020},
  doi = {https://doi.org/10.1016/j.cirpj.2020.02.002}
}

@article{khaleghi2013multisensor,
  title={Multisensor data fusion: A review of the state-of-the-art},
  author={Khaleghi, Bahador and Khamis, Alaa and Karray, Fakhri O and Razavi, Saiedeh N},
  journal={Information Fusion},
  volume={14},
  number={1},
  pages={28--44},
  year={2013},
  publisher={Elsevier},
  doi={10.1016/j.inffus.2011.08.001}
}

@article{kritzinger2018,
  author = {Kritzinger, W. et al.},
  title = {Digital Twin in manufacturing: A categorical literature review and classification},
  journal = {IFAC-PapersOnLine},
  volume = {51},
  number = {11},
  pages = {1016--1022},
  year = {2018},
  doi = {https://doi.org/10.1016/j.ifacol.2018.08.474}
}

@book{liggins2009handbook,
  title     = {Handbook of Multisensor Data Fusion: Theory and Practice},
  editor    = {Martin E. Liggins and James Llinas and David L. Hall},
  edition   = {2nd ed},
  series    = {The Electrical Engineering and Applied Signal Processing Series},
  year      = {2009},
  publisher = {CRC Press},
  address   = {Boca Raton, FL},
  pages     = {849},
  isbn      = {978-1-4200-5308-1},
  oclc      = {144220355},
  callnumber = {TK102.9.H355 2009}
}

@article{macias2024,
  author = {Macías, A. and others},
  title = {Data fabric and digital twins: An integrated approach for data fusion design and evaluation of pervasive systems},
  journal = {Information Fusion},
  volume = {103},
  pages = {102139},
  year = {2024},
  doi = {https://doi.org/10.1016/j.inffus.2023.102139},
  url = {https://doi.org/10.1016/j.inffus.2023.102139}
}

@article{meng2020survey,
  author    = {T. Meng and others},
  title     = {A survey on machine learning for data fusion},
  journal   = {Information Fusion},
  year      = {2020},
  volume    = {57},
  pages     = {115--129},
  doi       = {10.1016/j.inffus.2019.12.001},
  url       = {https://doi.org/10.1016/j.inffus.2019.12.001}
}

@article{mengyan2024digitaltwin,
  author    = {Mengyan, H. and others},
  title     = {Current status of digital twin architecture and application in nuclear energy field},
  journal   = {Annals of Nuclear Energy},
  volume    = {202},
  year      = {2024},
  pages     = {110491},
  doi       = {10.1016/j.anucene.2024.110491},
  url       = {https://doi.org/10.1016/j.anucene.2024.110491}
}

@incollection{wang2020digital,
  author    = {Z. Wang},
  title     = {Digital Twin Technology},
  booktitle = {Industry 4.0 - Impact on Intelligent Logistics and Manufacturing},
  editor    = {T. Bányai and A. Petrillo and Fabio De Felice},
  year      = {2020},
  publisher = {IntechOpen},
  chapter   = {1},
  doi       = {10.5772/intechopen.80974},
  url       = {https://doi.org/10.5772/intechopen.80974}
}

@inproceedings{wu2020,
  author = {Wu, J. and others},
  title = {The Development of Digital Twin Technology Review},
  booktitle = {2020 Chinese Automation Congress (CAC)},
  year = {2020},
  pages = {4901--4906},
  publisher = {IEEE},
  address = {Shanghai, China},
  doi = {10.1109/CAC51589.2020.9327756},
  url = {https://doi.org/10.1109/CAC51589.2020.9327756}
}

@inproceedings{xiong2022,
  author = {Xiong, H.},
  title = {Digital Twin Oriented Visual Saliency Analysis on 360-Degree Panoramic Image},
  booktitle = {2022 IEEE 12th International Conference on Electronics Information and Emergency Communication (ICEIEC)},
  year = {2022},
  pages = {220--223},
  publisher = {IEEE},
  address = {Beijing, China},
  doi = {10.1109/ICEIEC54567.2022.9835071},
  url = {https://doi.org/10.1109/ICEIEC54567.2022.9835071}
}

