@article{attaran2023,
  author = {Attaran, M. and Celik, B.G.},
  title = {Digital Twin: Benefits, use cases, challenges, and opportunities},
  journal = {Decision Analytics Journal},
  volume = {6},
  pages = {100165},
  year = {2023},
  doi = {https://doi.org/10.1016/j.dajour.2023.100165}
}

@article{biesinger2019,
  author = {Biesinger, F. et al.},
  title = {A digital twin for production planning based on cyber-physical systems: A Case Study for a Cyber-Physical System-Based Creation of a Digital Twin},
  journal = {Procedia CIRP},
  volume = {79},
  pages = {355--360},
  year = {2019},
  doi = {https://doi.org/10.1016/j.procir.2019.02.087}
}

@article{castanedo2013,
  author = {Castanedo, F.},
  title = {A Review of Data Fusion Techniques},
  journal = {The Scientific World Journal},
  volume = {2013},
  pages = {1--19},
  year = {2013},
  doi = {https://doi.org/10.1155/2013/704504}
}

@article{kerckhove2021,
  author = {De Kerckhove, D.},
  title = {The personal digital twin, ethical considerations},
  journal = {Philosophical Transactions of the Royal Society A: Mathematical, Physical and Engineering Sciences},
  volume = {379},
  number = {2207},
  pages = {20200367},
  year = {2021},
  doi = {https://doi.org/10.1098/rsta.2020.0367}
}

@article{gan2001,
  author = {Gan, Q. and Harris, C.J.},
  title = {Comparison of two measurement fusion methods for Kalman-filter-based multisensor data fusion},
  journal = {IEEE Transactions on Aerospace and Electronic Systems},
  volume = {37},
  number = {1},
  pages = {273--279},
  year = {2001},
  doi = {https://doi.org/10.1109/7.913685}
}

@article{jeong2022,
  author = {Jeong, D.-Y. et al.},
  title = {Digital Twin: Technology Evolution Stages and Implementation Layers With Technology Elements},
  journal = {IEEE Access},
  volume = {10},
  pages = {52609--52620},
  year = {2022},
  doi = {https://doi.org/10.1109/ACCESS.2022.3174220}
}

@article{jones2020,
  author = {Jones, D. et al.},
  title = {Characterising the Digital Twin: A systematic literature review},
  journal = {CIRP Journal of Manufacturing Science and Technology},
  volume = {29},
  pages = {36--52},
  year = {2020},
  doi = {https://doi.org/10.1016/j.cirpj.2020.02.002}
}

@incollection{jorgensen2023,
  author = {Jørgensen, B.N. et al.},
  title = {Digital Twins: Benefits, Applications and Development Process},
  booktitle = {Progress in Artificial Intelligence},
  editor = {Moniz, N. et al.},
  pages = {511--522},
  publisher = {Springer Nature Switzerland},
  year = {2023},
  doi = {https://doi.org/10.1007/978-3-031-49011-8_40}
}

@article{kritzinger2018,
  author = {Kritzinger, W. et al.},
  title = {Digital Twin in manufacturing: A categorical literature review and classification},
  journal = {IFAC-PapersOnLine},
  volume = {51},
  number = {11},
  pages = {1016--1022},
  year = {2018},
  doi = {https://doi.org/10.1016/j.ifacol.2018.08.474}
}

@article{liu2024,
  author = {Liu, X. et al.},
  title = {Fusion method for digital twin model of a production line},
  journal = {Available online},
  year = {2024},
  doi = {https://doi.org/10.21203/rs.3.rs-3902232/v1}
}

@article{macias2024,
  author = {Macías, A. and others},
  title = {Data fabric and digital twins: An integrated approach for data fusion design and evaluation of pervasive systems},
  journal = {Information Fusion},
  volume = {103},
  pages = {102139},
  year = {2024},
  doi = {https://doi.org/10.1016/j.inffus.2023.102139},
  url = {https://doi.org/10.1016/j.inffus.2023.102139}
}

@article{mihai2022,
  author = {Mihai, Stefan},
  title = {Digital twin: a survey on enabling technologies, challenges, trends and future prospects},
  journal = {IEEE},
  year = {2022},
  volume = {24},
  pages = {2255--2289}
}

@incollection{singh2023,
  author = {Singh, A. and others},
  title = {Potential applications of digital twin technology in virtual factory},
  booktitle = {Digital Twin for Smart Manufacturing},
  editor = {Bányai, T. and Petrillo, A. and De Felice, F.},
  publisher = {Elsevier},
  year = {2023},
  pages = {221--241},
  doi = {10.1016/B978-0-323-99205-3.00011-0},
  url = {https://doi.org/10.1016/B978-0-323-99205-3.00011-0}
}

@inproceedings{wu2020,
  author = {Wu, J. and others},
  title = {The Development of Digital Twin Technology Review},
  booktitle = {2020 Chinese Automation Congress (CAC)},
  year = {2020},
  pages = {4901--4906},
  publisher = {IEEE},
  address = {Shanghai, China},
  doi = {10.1109/CAC51589.2020.9327756},
  url = {https://doi.org/10.1109/CAC51589.2020.9327756}
}

@inproceedings{xiong2022,
  author = {Xiong, H.},
  title = {Digital Twin Oriented Visual Saliency Analysis on 360-Degree Panoramic Image},
  booktitle = {2022 IEEE 12th International Conference on Electronics Information and Emergency Communication (ICEIEC)},
  year = {2022},
  pages = {220--223},
  publisher = {IEEE},
  address = {Beijing, China},
  doi = {10.1109/ICEIEC54567.2022.9835071},
  url = {https://doi.org/10.1109/ICEIEC54567.2022.9835071}
}

@inproceedings{sasiadek2000,
  author = {Sasiadek, J.Z. and Hartana, P.},
  title = {Sensor data fusion using Kalman filter},
  booktitle = {Proceedings of the Third International Conference on Information Fusion},
  year = {2000},
  pages = {WED5/19-WED5/25},
  publisher = {IEEE},
  address = {Paris, France},
  doi = {10.1109/IFIC.2000.859866},
  url = {https://doi.org/10.1109/IFIC.2000.859866}
}

@article{he2021data,
  author    = {B. He and X. Cao and Y. Hua},
  title     = {Data fusion-based sustainable digital twin system of intelligent detection robotics},
  journal   = {Journal of Cleaner Production},
  year      = {2021},
  volume    = {280},
  pages     = {124181},
  doi       = {10.1016/j.jclepro.2020.124181},
  url       = {https://doi.org/10.1016/j.jclepro.2020.124181}
}

@incollection{wang2020digital,
  author    = {Z. Wang},
  title     = {Digital Twin Technology},
  booktitle = {Industry 4.0 - Impact on Intelligent Logistics and Manufacturing},
  editor    = {T. Bányai and A. Petrillo and Fabio De Felice},
  year      = {2020},
  publisher = {IntechOpen},
  chapter   = {1},
  doi       = {10.5772/intechopen.80974},
  url       = {https://doi.org/10.5772/intechopen.80974}
}

@article{meng2020survey,
  author    = {T. Meng and others},
  title     = {A survey on machine learning for data fusion},
  journal   = {Information Fusion},
  year      = {2020},
  volume    = {57},
  pages     = {115--129},
  doi       = {10.1016/j.inffus.2019.12.001},
  url       = {https://doi.org/10.1016/j.inffus.2019.12.001}
}

@inproceedings{blasch2010high,
  author    = {E. Blasch and others},
  title     = {High Level Information Fusion developments, issues, and grand challenges: Fusion 2010 panel discussion},
  booktitle = {2010 13th International Conference on Information Fusion},
  year      = {2010},
  pages     = {1--8},
  doi       = {10.1109/ICIF.2010.5712116},
  url       = {https://doi.org/10.1109/ICIF.2010.5712116}
}

@book{liggins2009handbook,
  title     = {Handbook of Multisensor Data Fusion: Theory and Practice},
  editor    = {Martin E. Liggins and James Llinas and David L. Hall},
  edition   = {2nd ed},
  series    = {The Electrical Engineering and Applied Signal Processing Series},
  year      = {2009},
  publisher = {CRC Press},
  address   = {Boca Raton, FL},
  pages     = {849},
  isbn      = {978-1-4200-5308-1},
  oclc      = {144220355},
  callnumber = {TK102.9.H355 2009}
}

@article{mengyan2024digitaltwin,
  author    = {Mengyan, H. and others},
  title     = {Current status of digital twin architecture and application in nuclear energy field},
  journal   = {Annals of Nuclear Energy},
  volume    = {202},
  year      = {2024},
  pages     = {110491},
  doi       = {10.1016/j.anucene.2024.110491},
  url       = {https://doi.org/10.1016/j.anucene.2024.110491}
}

@article{khaleghi2013multisensor,
  title={Multisensor data fusion: A review of the state-of-the-art},
  author={Khaleghi, Bahador and Khamis, Alaa and Karray, Fakhri O and Razavi, Saiedeh N},
  journal={Information Fusion},
  volume={14},
  number={1},
  pages={28--44},
  year={2013},
  publisher={Elsevier},
  doi={10.1016/j.inffus.2011.08.001}
}

@article{bakr2017distributed,
  title={Distributed Multisensor Data Fusion under Unknown Correlation and Data Inconsistency},
  author={Bakr, Mahmoud A and Lee, Seungchul},
  journal={Sensors},
  volume={17},
  number={11},
  pages={2472},
  year={2017},
  publisher={MDPI},
  doi={10.3390/s17112472}
}


@misc{pires2020,
  author = {Pires, I.},
  title = {Raw dataset with accelerometer, gyroscope and magnetometer data for activities with motion},
  year = {2020},
  publisher = {Mendeley},
  url = {https://doi.org/10.17632/XKNHPZ5T96.2},
  note = {Available at: \url{https://doi.org/10.17632/XKNHPZ5T96.2}}
}

