@inproceedings{fanscalable,
  title={Scalable Computation of Monge Maps with General Costs},
  author={Fan, Jiaojiao and Liu, Shu and Ma, Shaojun and Chen, Yongxin and Zhou, Hao-Min},
  booktitle={ICLR Workshop on Deep Generative Models for Highly Structured Data},
  year={2022},
}

@inproceedings{not,
    title={Neural Optimal Transport},
    author={Alexander Korotin and Daniil Selikhanovych and Evgeny Burnaev},
    booktitle={The Eleventh International Conference on Learning Representations },
    year={2023}
}

@inproceedings{otm,
  title={Generative Modeling with Optimal Transport Maps},
  author={Rout, Litu and Korotin, Alexander and Burnaev, Evgeny},
  booktitle={International Conference on Learning Representations},
  year={2022}
}

