%%%% Entropic OT
@article{EOT,
  title={Sinkhorn distances: Lightspeed computation of optimal transport},
  author={Cuturi, Marco},
  journal={Advances in neural information processing systems},
  volume={26},
  year={2013}
}

@book{fokker-planck,
  title={Fokker-planck equation},
  author={Risken, Hannes and Risken, Hannes},
  year={1996},
  publisher={Springer}
}

@book{girsanov,
  title={Applied Stochastic Differential Equations},
  author={S{\"a}rkk{\"a}, Simo and Solin, Arno},
  volume={10},
  year={2019},
  publisher={Cambridge University Press}
}

@article{zhang2021diffusion,
  title={Diffusion normalizing flow},
  author={Zhang, Qinsheng and Chen, Yongxin},
  journal={Advances in neural information processing systems},
  volume={34},
  pages={16280--16291},
  year={2021}
}

@article{reciprocal,
  title={Reciprocal processes. A measure-theoretical point of view},
  author={L{\'e}onard, Christian and R{\oe}lly, Sylvie and Zambrini, Jean-Claude},
  journal={Probability Surveys},
  volume={11},
  pages={237--269},
  year={2014}
}

@article{weakOT,
  title={Existence, duality, and cyclical monotonicity for weak transport costs},
  author={Backhoff-Veraguas, Julio and Beiglb{\"o}ck, Mathias and Pammer, Gudmun},
  journal={Calculus of Variations and Partial Differential Equations},
  volume={58},
  number={6},
  pages={203},
  year={2019},
  publisher={Springer}
}

@article{fenchel-rockafellar,
  title={A Fenchel-Rockafellar type duality theorem for maximization},
  author={Singer, Ivan},
  journal={Bulletin of the Australian Mathematical Society},
  volume={20},
  number={2},
  pages={193--198},
  year={1979},
  publisher={Cambridge University Press}
}

@article{sb1,
  title={Stochastic control liaisons: Richard sinkhorn meets gaspard monge on a schrodinger bridge},
  author={Chen, Yongxin and Georgiou, Tryphon T and Pavon, Michele},
  journal={Siam Review},
  volume={63},
  number={2},
  pages={249--313},
  year={2021},
  publisher={SIAM}
}
@article{sb2,
  title={A survey of the schr$\backslash$" odinger problem and some of its connections with optimal transport},
  author={L{\'e}onard, Christian},
  journal={arXiv preprint arXiv:1308.0215},
  year={2013}
}

@article{enotdiffusion,
  title={Entropic neural optimal transport via diffusion processes},
  author={Gushchin, Nikita and Kolesov, Alexander and Korotin, Alexander and Vetrov, Dmitry P and Burnaev, Evgeny},
  journal={Advances in Neural Information Processing Systems},
  volume={36},
  year={2024}
}


@article{wlf,
  title={A computational framework for solving Wasserstein Lagrangian flows},
  author={Neklyudov, Kirill and Brekelmans, Rob and Tong, Alexander and Atanackovic, Lazar and Liu, Qiang and Makhzani, Alireza},
  journal={arXiv preprint arXiv:2310.10649},
  year={2023}
}


@inproceedings{ipf,
  title={Likelihood Training of Schr{\"o}dinger Bridge using Forward-Backward SDEs Theory},
  author={Chen, Tianrong and Liu, Guan-Horng and Theodorou, Evangelos},
  booktitle={International Conference on Learning Representations},
  year={2021}
}

@article{imf,
  title={Diffusion Schr{\"o}dinger bridge matching},
  author={Shi, Yuyang and De Bortoli, Valentin and Campbell, Andrew and Doucet, Arnaud},
  journal={Advances in Neural Information Processing Systems},
  volume={36},
  year={2024}
}

@article{asbm,
  title={Adversarial Schr$\backslash$" odinger Bridge Matching},
  author={Gushchin, Nikita and Selikhanovych, Daniil and Kholkin, Sergei and Burnaev, Evgeny and Korotin, Alexander},
  journal={arXiv preprint arXiv:2405.14449},
  year={2024}
}

@book{hjb,
  title={Stochastic controls: Hamiltonian systems and HJB equations},
  author={Yong, Jiongmin and Zhou, Xun Yu},
  volume={43},
  year={2012},
  publisher={Springer Science \& Business Media}
}

@article{highdimhjb,
  title={Solving high-dimensional Hamilton--Jacobi--Bellman PDEs using neural networks: perspectives from the theory of controlled diffusions and measures on path space},
  author={N{\"u}sken, Nikolas and Richter, Lorenz},
  journal={Partial differential equations and applications},
  volume={2},
  number={4},
  pages={48},
  year={2021},
  publisher={Springer}
}

@article{proof1,
  title={Kantorovich duality for general transport costs and applications},
  author={Gozlan, Nathael and Roberto, Cyril and Samson, Paul-Marie and Tetali, Prasad},
  journal={Journal of Functional Analysis},
  volume={273},
  number={11},
  pages={3327--3405},
  year={2017},
  publisher={Elsevier}
}

@article{actor-critic,
  title={Actor-critic algorithms},
  author={Konda, Vijay and Tsitsiklis, John},
  journal={Advances in neural information processing systems},
  volume={12},
  year={1999}
}

@book{sutton,
  title={Reinforcement learning: An introduction},
  author={Sutton, Richard S and Barto, Andrew G},
  year={2018},
  publisher={MIT press}
}

@article{hutchinson,
  title={A stochastic estimator of the trace of the influence matrix for Laplacian smoothing splines},
  author={Hutchinson, Michael F},
  journal={Communications in Statistics-Simulation and Computation},
  volume={18},
  number={3},
  pages={1059--1076},
  year={1989},
  publisher={Taylor \& Francis}
}

@article{skilling,
  title={The eigenvalues of mega-dimensional matrices},
  author={Skilling, John},
  journal={Maximum Entropy and Bayesian Methods: Cambridge, England, 1988},
  pages={455--466},
  year={1989},
  publisher={Springer}
}

%%%% Wasserstein Gradient Flow %%%%
@article{Fillippo,
  title={$\{$Euclidean, metric, and Wasserstein$\}$ gradient flows: an overview},
  author={Santambrogio, Filippo},
  journal={Bulletin of Mathematical Sciences},
  volume={7},
  pages={87--154},
  year={2017},
  publisher={Springer}
}

@article{carlier2017convergence,
  title={Convergence of entropic schemes for optimal transport and gradient flows},
  author={Carlier, Guillaume and Duval, Vincent and Peyr{\'e}, Gabriel and Schmitzer, Bernhard},
  journal={SIAM Journal on Mathematical Analysis},
  volume={49},
  number={2},
  pages={1385--1418},
  year={2017},
  publisher={SIAM}
}

@article{carrillo2022primal,
  title={Primal dual methods for Wasserstein gradient flows},
  author={Carrillo, Jos{\'e} A and Craig, Katy and Wang, Li and Wei, Chaozhen},
  journal={Foundations of Computational Mathematics},
  pages={1--55},
  year={2022},
  publisher={Springer}
}

@article{adams2011large,
  title={From a large-deviations principle to the Wasserstein gradient flow: a new micro-macro passage},
  author={Adams, Stefan and Dirr, Nicolas and Peletier, Mark A and Zimmer, Johannes},
  journal={Communications in Mathematical Physics},
  volume={307},
  pages={791--815},
  year={2011},
  publisher={Springer}
}

@inproceedings{lin2021wasserstein,
  title={Wasserstein proximal of GANs},
  author={Lin, Alex Tong and Li, Wuchen and Osher, Stanley and Mont{\'u}far, Guido},
  booktitle={International Conference on Geometric Science of Information},
  pages={524--533},
  year={2021},
  organization={Springer}
}

@inproceedings{bernton2018langevin,
  title={Langevin monte carlo and jko splitting},
  author={Bernton, Espen},
  booktitle={Conference on learning theory},
  pages={1777--1798},
  year={2018},
  organization={PMLR}
}

@article{frogner1806approximate,
  title={Approximate inference with Wasserstein gradient flows (2018)},
  author={Frogner, Charlie and Poggio, Tomaso},
  journal={arXiv preprint arXiv:1806.04542},
  year={1806}
}

@article{jko,
  title={The variational formulation of the Fokker--Planck equation},
  author={Jordan, Richard and Kinderlehrer, David and Otto, Felix},
  journal={SIAM journal on mathematical analysis},
  volume={29},
  number={1},
  pages={1--17},
  year={1998},
  publisher={SIAM}
}

@article{vidal2023taming,
  title={Taming hyperparameter tuning in continuous normalizing flows using the JKO scheme},
  author={Vidal, Alexander and Wu Fung, Samy and Tenorio, Luis and Osher, Stanley and Nurbekyan, Levon},
  journal={Scientific Reports},
  volume={13},
  number={1},
  pages={4501},
  year={2023},
  publisher={Nature Publishing Group UK London}
}

@article{park2023deep,
  title={The deep minimizing movement scheme},
  author={Park, Min Sue and Kim, Cheolhyeong and Son, Hwijae and Hwang, Hyung Ju},
  journal={Journal of Computational Physics},
  volume={494},
  pages={112518},
  year={2023},
  publisher={Elsevier}
}

@article{lee2023deep,
  title={Deep JKO: time-implicit particle methods for general nonlinear gradient flows},
  author={Lee, Wonjun and Wang, Li and Li, Wuchen},
  journal={arXiv preprint arXiv:2311.06700},
  year={2023}
}

@article{jkoex1,
  title={Optimizing Functionals on the Space of Probabilities with Input Convex Neural Networks},
  author={Alvarez-Melis, David and Schiff, Yair and Mroueh, Youssef},
  journal={Transactions on Machine Learning Research},
  year={2022}
}

@inproceedings{jkoex2,
  title={Deep generative learning via variational gradient flow},
  author={Gao, Yuan and Jiao, Yuling and Wang, Yang and Wang, Yao and Yang, Can and Zhang, Shunkang},
  booktitle={International Conference on Machine Learning},
  pages={2093--2101},
  year={2019},
  organization={PMLR}
}

@inproceedings{population,
  title={Proximal optimal transport modeling of population dynamics},
  author={Bunne, Charlotte and Papaxanthos, Laetitia and Krause, Andreas and Cuturi, Marco},
  booktitle={International Conference on Artificial Intelligence and Statistics},
  pages={6511--6528},
  year={2022},
  organization={PMLR}
}

@book{ambrosio,
  title={Gradient flows: in metric spaces and in the space of probability measures},
  author={Ambrosio, Luigi and Gigli, Nicola and Savar{\'e}, Giuseppe},
  year={2005},
  publisher={Springer Science \& Business Media}
}

@article{svgd,
  title={Stein variational gradient descent: A general purpose bayesian inference algorithm},
  author={Liu, Qiang and Wang, Dilin},
  journal={Advances in neural information processing systems},
  volume={29},
  year={2016}
}

@article{svgdchi,
  title={SVGD as a kernelized Wasserstein gradient flow of the chi-squared divergence},
  author={Chewi, Sinho and Le Gouic, Thibaut and Lu, Chen and Maunu, Tyler and Rigollet, Philippe},
  journal={Advances in Neural Information Processing Systems},
  volume={33},
  pages={2098--2109},
  year={2020}
}

@article{kale,
  title={Kale flow: A relaxed kl gradient flow for probabilities with disjoint support},
  author={Glaser, Pierre and Arbel, Michael and Gretton, Arthur},
  journal={Advances in Neural Information Processing Systems},
  volume={34},
  pages={8018--8031},
  year={2021}
}

@inproceedings{particle,
  title={Particle-based Variational Inference with Generalized Wasserstein Gradient Flow},
  author={Cheng, Ziheng and Zhang, Shiyue and Yu, Longlin and Zhang, Cheng},
  booktitle={Thirty-seventh Conference on Neural Information Processing Systems},
  year={2023}
}

@inproceedings{nfjko,
    title={Normalizing flow neural networks by {JKO} scheme},
    author={Chen Xu and Xiuyuan Cheng and Yao Xie},
    booktitle={Thirty-seventh Conference on Neural Information Processing Systems},
    year={2023},
    url={https://openreview.net/forum?id=ZQMlfNijY5}
}


@article{nfjko2,
  title={Convergence of flow-based generative models via proximal gradient descent in Wasserstein space},
  author={Cheng, Xiuyuan and Lu, Jianfeng and Tan, Yixin and Xie, Yao},
  journal={arXiv preprint arXiv:2310.17582},
  year={2023}
}

@article{riesz,
  title={Neural Wasserstein Gradient Flows for Discrepancies with Riesz Kernels},
  author={Altekr{\"u}ger, Fabian and Hertrich, Johannes and Steidl, Gabriele},
  booktitle={International conference on machine learning},
  year={2023}
}

@article{wgfkorotin,
  title={Large-scale wasserstein gradient flows},
  author={Mokrov, Petr and Korotin, Alexander and Li, Lingxiao and Genevay, Aude and Solomon, Justin M and Burnaev, Evgeny},
  journal={Advances in Neural Information Processing Systems},
  volume={34},
  pages={15243--15256},
  year={2021}
}

@inproceedings{vwgf,
  title={Variational Wasserstein gradient flow},
  author={Fan, Jiaojiao and Zhang, Qinsheng and Taghvaei, Amirhossein and Chen, Yongxin},
  booktitle={proceedings of international conference on machine learning},
  year={2022}
}

@inproceedings{uotmsd,
  title={Analyzing and Improving Optimal-Transport-based Adversarial Networks},
  author={Choi, Jaemoo and Choi, Jaewoong and Kang, Myungjoo},
  booktitle={The Twelfth International Conference on Learning Representations},
  year={2024}
}

@InProceedings{sjko,
  title = 	 {Scalable {W}asserstein Gradient Flow for Generative Modeling through Unbalanced Optimal Transport},
  author =       {Choi, Jaemoo and Choi, Jaewoong and Kang, Myungjoo},
  booktitle = 	 {Proceedings of the 41st International Conference on Machine Learning},
  year = 	 {2024},
  volume = 	 {235},
  series = 	 {Proceedings of Machine Learning Research},
  month = 	 {21--27 Jul},
  publisher =    {PMLR},
}

%%%% GAN family%%%%%
% GAN
@article{gan,
  title={Generative adversarial networks},
  author={Goodfellow, Ian and Pouget-Abadie, Jean and Mirza, Mehdi and Xu, Bing and Warde-Farley, David and Ozair, Sherjil and Courville, Aaron and Bengio, Yoshua},
  journal={Communications of the ACM},
  volume={63},
  number={11},
  pages={139--144},
  year={2020},
  publisher={ACM New York, NY, USA}
}

% f-GAN
@article{fgan,
  title={f-gan: Training generative neural samplers using variational divergence minimization},
  author={Nowozin, Sebastian and Cseke, Botond and Tomioka, Ryota},
  journal={Advances in neural information processing systems},
  volume={29},
  year={2016}
}

%%%%% WGAN families %%%%%
% WGAN
@inproceedings{wgan,
  title={Wasserstein generative adversarial networks},
  author={Arjovsky, Martin and Chintala, Soumith and Bottou, L{\'e}on},
  booktitle={International conference on machine learning},
  pages={214--223},
  year={2017},
  organization={PMLR}
}

% WGAN-GP
@article{wgan-gp,
  title={Improved training of wasserstein gans},
  author={Gulrajani, Ishaan and Ahmed, Faruk and Arjovsky, Martin and Dumoulin, Vincent and Courville, Aaron C},
  journal={Advances in neural information processing systems},
  volume={30},
  year={2017}
}

% WGAN-LP
@inproceedings{wgan-lp,
  title={On the regularization of Wasserstein GANs},
  author={Petzka, Henning and Fischer, Asja and Lukovnikov, Denis},
  booktitle={International Conference on Learning Representations},
  year={2018}
}

% WGAN-QC
@inproceedings{wgan-qc,
  title={Wasserstein GAN with quadratic transport cost},
  author={Liu, Huidong and Gu, Xianfeng and Samaras, Dimitris},
  booktitle={Proceedings of the IEEE/CVF international conference on computer vision},
  pages={4832--4841},
  year={2019}
}

% SNGAN
@inproceedings{sngan,
  title={Spectral Normalization for Generative Adversarial Networks},
  author={Miyato, Takeru and Kataoka, Toshiki and Koyama, Masanori and Yoshida, Yuichi},
  booktitle={International Conference on Learning Representations},
  year={2018}
}

% local-stab
@article{local-stability,
  title={Local stability of wasserstein GANs with abstract gradient penalty},
  author={Kim, Cheolhyeong and Park, Seungtae and Hwang, Hyung Ju},
  journal={IEEE Transactions on Neural Networks and Learning Systems},
  volume={33},
  number={9},
  pages={4527--4537},
  year={2021},
  publisher={IEEE}
}


%%%%% OT families %%%%%
% LSOT
@inproceedings{lsot,
  title={Large-Scale Optimal Transport and Mapping Estimation},
  author={Seguy, Vivien and Damodaran, Bharath Bhushan and Flamary, Remi and Courty, Nicolas and Rolet, Antoine and Blondel, Mathieu},
  booktitle={ICLR 2018-International Conference on Learning Representations},
  pages={1--15},
  year={2018}
}

% AE-OT
@article{ae-ot,
  title={AE-OT: A new generative model based on extended semi-discrete optimal transport},
  author={An, Dongsheng and Guo, Yang and Lei, Na and Luo, Zhongxuan and Yau, Shing-Tung and Gu, Xianfeng},
  journal={ICLR},
  year={2020}
}

% AE-OT-GAN
@inproceedings{ae-ot-gan,
  title={AE-OT-GAN: Training GANs from data specific latent distribution},
  author={An, Dongsheng and Guo, Yang and Zhang, Min and Qi, Xin and Lei, Na and Gu, Xianfang},
  booktitle={Computer Vision--ECCV 2020: 16th European Conference, Glasgow, UK, August 23--28, 2020, Proceedings, Part XXVI 16},
  pages={548--564},
  year={2020},
  organization={Springer}
}

% ICNN-OT
@inproceedings{icnn-ot,
  title={Optimal transport mapping via input convex neural networks},
  author={Makkuva, Ashok and Taghvaei, Amirhossein and Oh, Sewoong and Lee, Jason},
  booktitle={International Conference on Machine Learning},
  pages={6672--6681},
  year={2020},
  organization={PMLR}
}

% W2GN
@article{w2gn,
  title={Wasserstein-2 generative networks},
  author={Korotin, Alexander and Egiazarian, Vage and Asadulaev, Arip and Safin, Alexander and Burnaev, Evgeny},
  journal={arXiv preprint arXiv:1909.13082},
  year={2019}
}

@inproceedings{w2gn,
    title={Wasserstein-2 Generative Networks},
    author={Alexander Korotin and Vage Egiazarian and Arip Asadulaev and Alexander Safin and Evgeny Burnaev},
    booktitle={International Conference on Learning Representations},
    year={2021}
}

% OTM
@inproceedings{otm,
  title={Generative Modeling with Optimal Transport Maps},
  author={Rout, Litu and Korotin, Alexander and Burnaev, Evgeny},
  booktitle={International Conference on Learning Representations},
  year={2022}
}

@inproceedings{otmICNN,
  title={Optimal transport mapping via input convex neural networks},
  author={Makkuva, Ashok and Taghvaei, Amirhossein and Oh, Sewoong and Lee, Jason},
  booktitle={International Conference on Machine Learning},
  pages={6672--6681},
  year={2020},
  organization={PMLR}
}

@article{
    fanTMLR,
    title={Neural Monge Map estimation and its applications},
    author={Jiaojiao Fan and Shu Liu and Shaojun Ma and Hao-Min Zhou and Yongxin Chen},
    journal={Transactions on Machine Learning Research},
    issn={2835-8856},
    year={2023},
    url={https://openreview.net/forum?id=2mZSlQscj3},
    note={Featured Certification}
}

@inproceedings{uotm,
    title={Generative Modeling through the Semi-dual Formulation of Unbalanced Optimal Transport},
    author={Jaemoo Choi and Jaewoong Choi and Myungjoo Kang},
    booktitle={Thirty-seventh Conference on Neural Information Processing Systems},
    year={2023}
}

%%%%% Critics of WGAN %%%%%
% r1_reg
@article{r1_reg,
  title={Stabilizing training of generative adversarial networks through regularization},
  author={Roth, Kevin and Lucchi, Aurelien and Nowozin, Sebastian and Hofmann, Thomas},
  journal={Advances in neural information processing systems},
  volume={30},
  year={2017}
}

% Which Converge?
@inproceedings{which-converge,
  title={Which training methods for GANs do actually converge?},
  author={Mescheder, Lars and Geiger, Andreas and Nowozin, Sebastian},
  booktitle={International conference on machine learning},
  pages={3481--3490},
  year={2018},
  organization={PMLR}
}

% Convergence and Robustness
@article{convergence-robustness,
  title={On the convergence and robustness of training gans with regularized optimal transport},
  author={Sanjabi, Maziar and Ba, Jimmy and Razaviyayn, Meisam and Lee, Jason D},
  journal={Advances in Neural Information Processing Systems},
  volume={31},
  year={2018}
}


%%%%% UOT %%%%%
% Scalable UOT
@inproceedings{scalable-uot,
  title={Scalable unbalanced optimal transport using generative adversarial networks},
  author={Yang, KD and Uhler, C},
  booktitle={International Conference on Learning Representations},
  year={2019}
}

% Robust OT
@article{robust-ot,
  title={Robust optimal transport with applications in generative modeling and domain adaptation},
  author={Balaji, Yogesh and Chellappa, Rama and Feizi, Soheil},
  journal={Advances in Neural Information Processing Systems},
  volume={33},
  pages={12934--12944},
  year={2020}
}

% Discrete UOT1: Neural Unbalanced Optimal Transport via Cycle-Consistent Semi-Couplings
@inproceedings{cycle-uot,
  title={Neural Unbalanced Optimal Transport via Cycle-Consistent Semi-Couplings},
  author={L{\"u}beck, Frederike and Bunne, Charlotte and Gut, Gabriele and del Castillo, Jacobo Sarabia and Pelkmans, Lucas and Alvarez-Melis, David},
  booktitle={NeurIPS 2022 AI for Science: Progress and Promises}
}

% Discrete UOT2: On UOT: An Analysis of Sinkhorn Algorithm
@inproceedings{sinkhorn-uot,
  title={On unbalanced optimal transport: An analysis of sinkhorn algorithm},
  author={Pham, Khiem and Le, Khang and Ho, Nhat and Pham, Tung and Bui, Hung},
  booktitle={International Conference on Machine Learning},
  pages={7673--7682},
  year={2020},
  organization={PMLR}
}

% Discrete UOT3: Unbalanced minibatch OT
@inproceedings{minibatch-ot,
  title={Unbalanced minibatch optimal transport; applications to domain adaptation},
  author={Fatras, Kilian and S{\'e}journ{\'e}, Thibault and Flamary, R{\'e}mi and Courty, Nicolas},
  booktitle={International Conference on Machine Learning},
  pages={3186--3197},
  year={2021},
  organization={PMLR}
}

% Discrete UOT4
@article{regression-uot,
  title={Unbalanced optimal transport through non-negative penalized linear regression},
  author={Chapel, Laetitia and Flamary, R{\'e}mi and Wu, Haoran and F{\'e}votte, C{\'e}dric and Gasso, Gilles},
  journal={Advances in Neural Information Processing Systems},
  volume={34},
  pages={23270--23282},
  year={2021}
}

%%%%% UOT theory %%%%%
% UOT start1: UOT: Dynamic and Kantorovich Formulations
@article{uot1,
  title={Unbalanced optimal transport: Dynamic and Kantorovich formulations},
  author={Chizat, Lenaic and Peyr{\'e}, Gabriel and Schmitzer, Bernhard and Vialard, Fran{\c{c}}ois-Xavier},
  journal={Journal of Functional Analysis},
  volume={274},
  number={11},
  pages={3090--3123},
  year={2018},
  publisher={Elsevier}
}

% UOT start2: 
@article{uot2,
  title={Optimal entropy-transport problems and a new Hellinger--Kantorovich distance between positive measures},
  author={Liero, Matthias and Mielke, Alexander and Savar{\'e}, Giuseppe},
  journal={Inventiones mathematicae},
  volume={211},
  number={3},
  pages={969--1117},
  year={2018},
  publisher={Springer}
}


% UOT robustness: UOT, from Theory to Numerics
@article{uot-robust,
  title={Unbalanced Optimal Transport, from theory to numerics},
  author={S{\'e}journ{\'e}, Thibault and Peyr{\'e}, Gabriel and Vialard, Fran{\c{c}}ois-Xavier},
  journal={arXiv preprint arXiv:2211.08775},
  year={2022}
}

% Semi-dual1: Stability of Semi-Dual Unbalanced Optimal Transport: fast statistical rates and convergent algorithm
@article{semi-dual1,
  title={Stability of Semi-Dual Unbalanced Optimal Transport: fast statistical rates and convergent algorithm.},
  author={Vacher, Adrien and Vialard, Fran{\c{c}}ois-Xavier},
  year={2022}
}

% Semi-dual2: Stability and upper bounds for statistical estimation of unbalanced transport potentials
@article{semi-dual2,
  title={Stability and upper bounds for statistical estimation of unbalanced transport potentials},
  author={Vacher, Adrien and Vialard, Fran{\c{c}}ois-Xavier},
  year={2022}
}

% Semi-dual3: Stability and upper bounds for statistical estimation of unbalanced transport potentials
@article{semi-dual3,
  title={Regularity theory and geometry of unbalanced optimal transport},
  author={Gallou{\"e}t, Thomas and Ghezzi, Roberta and Vialard, Fran{\c{c}}ois-Xavier},
  journal={arXiv preprint arXiv:2112.11056},
  year={2021}
}


%%%%% OT theory %%%%%
% Monge
@article{monge1781memoire,
  title={M{\'e}moire sur la th{\'e}orie des d{\'e}blais et des remblais},
  author={Monge, Gaspard},
  journal={Mem. Math. Phys. Acad. Royale Sci.},
  pages={666--704},
  year={1781}
}

% Kantorovich
@article{Kantorovich1948,
  title={On a problem of Monge},
  author={Kantorovich, Leonid Vitalevich},
  journal={Uspekhi Mat. Nauk},
  pages={225--226},
  year={1948}
}

% OT: old and new
@book{villani,
  title={Optimal transport: old and new},
  author={Villani, C{\'e}dric and others},
  volume={338},
  year={2009},
  publisher={Springer}
}

% Computational OT
@article{ComputationalOT,
  title={Computational optimal transport: With applications to data science},
  author={Peyr{\'e}, Gabriel and Cuturi, Marco and others},
  journal={Foundations and Trends{\textregistered} in Machine Learning},
  volume={11},
  number={5-6},
  pages={355--607},
  year={2019},
  publisher={Now Publishers, Inc.}
}

% OT blueprint
@phdthesis{OTblueprint,
  title={Entropy-regularized optimal transport for machine learning},
  author={Genevay, Aude},
  year={2019},
  school={Paris Sciences et Lettres (ComUE)}
}

% Optimal transport with f-divergence regularization and generalized Sinkhorn algorithm
@inproceedings{f-div,
  title={Optimal transport with $ f $-divergence regularization and generalized Sinkhorn algorithm},
  author={Terj{\'e}k, D{\'a}vid and Gonz{\'a}lez-S{\'a}nchez, Diego},
  booktitle={International Conference on Artificial Intelligence and Statistics},
  pages={5135--5165},
  year={2022},
  organization={PMLR}
}

% entropy function -> non-decreasing dual
@article{csiszar,
  title={Sinkhorn Divergences for Unbalanced Optimal Transport},
  author={S{\'e}journ{\'e}, Thibault and Feydy, Jean and Vialard, Fran{\c{c}}ois-Xavier and Trouv{\'e}, Alain and Peyr{\'e}, Gabriel},
  journal={arXiv e-prints},
  pages={arXiv--1910},
  year={2019}
}

% Convex LSC -> Involutive
@article{involution,
  title={The concept of duality in convex analysis, and the characterization of the Legendre transform},
  author={Artstein-Avidan, Shiri and Milman, Vitali},
  journal={Annals of mathematics},
  pages={661--674},
  year={2009},
  publisher={JSTOR}
}

%%%% Related works %%%%
@article{particle-ot,
  title={Non-asymptotic convergence bounds for Wasserstein approximation using point clouds},
  author={M{\'e}rigot, Quentin and Santambrogio, Filippo and Sarrazin, Cl{\'e}ment},
  journal={Advances in Neural Information Processing Systems},
  volume={34},
  pages={12810--12821},
  year={2021}
}

@article{da-ot,
  title={Optimal transport for domain adaptation},
  author={Flamary, R and Courty, N and Tuia, D and Rakotomamonjy, A},
  journal={IEEE Trans. Pattern Anal. Mach. Intell},
  volume={1},
  year={2016}
}

@inproceedings{primal-ot,
  title={On scalable and efficient computation of large scale optimal transport},
  author={Xie, Yujia and Chen, Minshuo and Jiang, Haoming and Zhao, Tuo and Zha, Hongyuan},
  booktitle={International Conference on Machine Learning},
  pages={6882--6892},
  year={2019},
  organization={PMLR}
}

@article{primal-ot2,
  title={Large-scale optimal transport via adversarial training with cycle-consistency},
  author={Lu, Guansong and Zhou, Zhiming and Shen, Jian and Chen, Cheng and Zhang, Weinan and Yu, Yong},
  journal={arXiv preprint arXiv:2003.06635},
  year={2020}
}

@inproceedings{dual-ot,
    title={Large Scale Optimal Transport and Mapping Estimation},
    author={Vivien Seguy and Bharath Bhushan Damodaran and Remi Flamary and Nicolas Courty and Antoine Rolet and Mathieu Blondel},
    booktitle={International Conference on Learning Representations},
    year={2018}
}

@inproceedings{icnn-korotin,
  title={Wasserstein-2 Generative Networks},
  author={Korotin, Alexander and Egiazarian, Vage and Asadulaev, Arip and Safin, Alexander and Burnaev, Evgeny},
  booktitle={International Conference on Learning Representations},
  year={2021}
}

@inproceedings{icnn,
  title={Input convex neural networks},
  author={Amos, Brandon and Xu, Lei and Kolter, J Zico},
  booktitle={International Conference on Machine Learning},
  pages={146--155},
  year={2017},
  organization={PMLR}
}

@inproceedings{strikes,
  title={Kantorovich Strikes Back! Wasserstein GANs are not Optimal Transport?},
  author={Korotin, Alexander and Kolesov, Alexander and Burnaev, Evgeny},
  booktitle={Thirty-sixth Conference on Neural Information Processing Systems Datasets and Benchmarks Track},
  year={2022}
}

@inproceedings{fanscalable,
  title={Scalable Computation of Monge Maps with General Costs},
  author={Fan, Jiaojiao and Liu, Shu and Ma, Shaojun and Chen, Yongxin and Zhou, Hao-Min},
  booktitle={ICLR Workshop on Deep Generative Models for Highly Structured Data},
  year={2022},
}

@inproceedings{not,
    title={Neural Optimal Transport},
    author={Alexander Korotin and Daniil Selikhanovych and Evgeny Burnaev},
    booktitle={The Eleventh International Conference on Learning Representations },
    year={2023}
}

@inproceedings{
    knot,
    title={Kernel Neural Optimal Transport},
    author={Alexander Korotin and Daniil Selikhanovych and Evgeny Burnaev},
    booktitle={The Eleventh International Conference on Learning Representations },
    year={2023}
}

%%%%% 
@article{gozlan2017kantorovich,
  title={Kantorovich duality for general transport costs and applications},
  author={Gozlan, Nathael and Roberto, Cyril and Samson, Paul-Marie and Tetali, Prasad},
  journal={Journal of Functional Analysis},
  volume={273},
  number={11},
  pages={3327--3405},
  year={2017},
  publisher={Elsevier}
}

%%%%% comparisons %%%%%
%% DDPM
@article{ddpm,
  title={Denoising diffusion probabilistic models},
  author={Ho, Jonathan and Jain, Ajay and Abbeel, Pieter},
  journal={Advances in Neural Information Processing Systems},
  volume={33},
  pages={6840--6851},
  year={2020}
}
%% DDIM
@article{ddim,
  title={Denoising diffusion implicit models},
  author={Song, Jiaming and Meng, Chenlin and Ermon, Stefano},
  journal={Advances in Neural Information Processing Systems},
  year={2021}
}

%% Score SDE
@article{scoresde,
  title={Score-based generative modeling through stochastic differential equations},
  author={Song, Yang and Sohl-Dickstein, Jascha and Kingma, Diederik P and Kumar, Abhishek and Ermon, Stefano and Poole, Ben},
  journal={The International Conference on Learning Representations},
  year={2021}
}

% Subspace diffusion
@article{subspace,
  title={Subspace diffusion generative models},
  author={Jing, Bowen and Corso, Gabriele and Berlinghieri, Renato and Jaakkola, Tommi},
  journal={arXiv preprint arXiv:2205.01490},
  year={2022}
}

%% Recovery Likelihood
@article{recovery,
  title={Learning Energy-Based Models by Diffusion Recovery Likelihood},
  author={Gao, Ruiqi and Song, Yang and Poole, Ben and Wu, Ying Nian and Kingma, Diederik P},
  journal={Advances in neural information processing systems},
  year={2021}
}

% Progressive GAN
@article{progan,
  title={Progressive growing of gans for improved quality, stability, and variation},
  author={Karras, Tero and Aila, Timo and Laine, Samuli and Lehtinen, Jaakko},
  journal={arXiv preprint arXiv:1710.10196},
  year={2017}
}

% Style GAN
@inproceedings{stylegan,
  title={A style-based generator architecture for generative adversarial networks},
  author={Karras, Tero and Laine, Samuli and Aila, Timo},
  booktitle={Proceedings of the IEEE/CVF conference on computer vision and pattern recognition},
  pages={4401--4410},
  year={2019}
}

% StyleGAN-ada
@article{karras2020training,
  title={Training generative adversarial networks with limited data},
  author={Karras, Tero and Aittala, Miika and Hellsten, Janne and Laine, Samuli and Lehtinen, Jaakko and Aila, Timo},
  journal={Advances in Neural Information Processing Systems},
  volume={33},
  pages={12104--12114},
  year={2020}
}

% TransGAN
@article{jiang2021transgan,
  title={Transgan: Two transformers can make one strong gan},
  author={Jiang, Yifan and Chang, Shiyu and Wang, Zhangyang},
  journal={arXiv preprint arXiv:2102.07074},
  volume={1},
  number={3},
  year={2021}
}

% Big GAN
@article{biggan,
  title={Large scale GAN training for high fidelity natural image synthesis},
  author={Brock, Andrew and Donahue, Jeff and Simonyan, Karen},
  journal={arXiv preprint arXiv:1809.11096},
  year={2018}
}

% NCSN
@article{song2019generative,
  title={Generative modeling by estimating gradients of the data distribution},
  author={Song, Yang and Ermon, Stefano},
  journal={Advances in Neural Information Processing Systems},
  volume={32},
  year={2019}
}

% Fast DDPM
@article{kong2021fast,
  title={On fast sampling of diffusion probabilistic models},
  author={Kong, Zhifeng and Ping, Wei},
  journal={arXiv preprint arXiv:2106.00132},
  year={2021}
}

% LSGM
@article{vahdat2021score,
  title={Score-based generative modeling in latent space},
  author={Vahdat, Arash and Kreis, Karsten and Kautz, Jan},
  journal={Advances in Neural Information Processing Systems},
  volume={34},
  pages={11287--11302},
  year={2021}
}

% VDM
@article{kingma2021variational,
  title={Variational diffusion models},
  author={Kingma, Diederik and Salimans, Tim and Poole, Ben and Ho, Jonathan},
  journal={Advances in neural information processing systems},
  volume={34},
  pages={21696--21707},
  year={2021}
}

% Hamilton score sde
@article{dockhorn2021score,
  title={Score-based generative modeling with critically-damped langevin diffusion},
  author={Dockhorn, Tim and Vahdat, Arash and Kreis, Karsten},
  journal={The International Conference on Learning Representations},
  year={2022}
}

% UDM
@article{kim2021score,
  title={Score matching model for unbounded data score},
  author={Kim, Dongjun and Shin, Seungjae and Song, Kyungwoo and Kang, Wanmo and Moon, Il-Chul},
  journal={arXiv preprint arXiv:2106.05527},
  year={2021}
}

% Subspace Diffusion
@article{jing2022subspace,
  title={Subspace diffusion generative models},
  author={Jing, Bowen and Corso, Gabriele and Berlinghieri, Renato and Jaakkola, Tommi},
  journal={arXiv preprint arXiv:2205.01490},
  year={2022}
}

% DDGAN
@article{ddgan,
  title={Tackling the generative learning trilemma with denoising diffusion gans},
  author={Xiao, Zhisheng and Kreis, Karsten and Vahdat, Arash},
  journal={arXiv preprint arXiv:2112.07804},
  year={2021}
}

% RGM
@InProceedings{rgm,
  title = 	 {Restoration based Generative Models},
  author =       {Choi, Jaemoo and Park, Yesom and Kang, Myungjoo},
  booktitle = 	 {Proceedings of the 40th International Conference on Machine Learning},
  year = 	 {2023},
  volume = 	 {202},
  publisher =    {PMLR}
}


% AutoGAN
@inproceedings{gong2019autogan,
  title={Autogan: Neural architecture search for generative adversarial networks},
  author={Gong, Xinyu and Chang, Shiyu and Jiang, Yifan and Wang, Zhangyang},
  booktitle={Proceedings of the IEEE/CVF International Conference on Computer Vision},
  pages={3224--3234},
  year={2019}
}

% Glow
@article{kingma2018glow,
  title={Glow: Generative flow with invertible 1x1 convolutions},
  author={Kingma, Durk P and Dhariwal, Prafulla},
  journal={Advances in neural information processing systems},
  volume={31},
  year={2018}
}

% PixelCNN
@inproceedings{van2016pixel,
  title={Pixel recurrent neural networks},
  author={Van Oord, Aaron and Kalchbrenner, Nal and Kavukcuoglu, Koray},
  booktitle={International conference on machine learning},
  pages={1747--1756},
  year={2016},
  organization={PMLR}
}

% NVAE
@inproceedings{kingma2013auto,
  author    = {Diederik P. Kingma and
               Max Welling},
  editor    = {Yoshua Bengio and
               Yann LeCun},
  title     = {Auto-Encoding Variational Bayes},
  booktitle = {2nd International Conference on Learning Representations, {ICLR} 2014,
               Banff, AB, Canada, April 14-16, 2014, Conference Track Proceedings},
  year      = {2014},
  timestamp = {Thu, 04 Apr 2019 13:20:07 +0200},
  bibsource = {dblp computer science bibliography, https://dblp.org}
}

@article{vahdat2020nvae,
  title={NVAE: A deep hierarchical variational autoencoder},
  author={Vahdat, Arash and Kautz, Jan},
  journal={Advances in Neural Information Processing Systems},
  volume={33},
  pages={19667--19679},
  year={2020}
}

% VAEBM
@article{xiao2020vaebm,
  title={Vaebm: A symbiosis between variational autoencoders and energy-based models},
  author={Xiao, Zhisheng and Kreis, Karsten and Kautz, Jan and Vahdat, Arash},
  journal={arXiv preprint arXiv:2010.00654},
  year={2020}
}

% DGFlow
@article{ansari2020refining,
  title={Refining deep generative models via discriminator gradient flow},
  author={Ansari, Abdul Fatir and Ang, Ming Liang and Soh, Harold},
  journal={arXiv preprint arXiv:2012.00780},
  year={2020}
}

% GENIE
@article{dockhorn2022genie,
  title={GENIE: Higher-order denoising diffusion solvers},
  author={Dockhorn, Tim and Vahdat, Arash and Kreis, Karsten},
  journal={Advances in Neural Information Processing Systems},
  year={2022}
}

@article{karras2017progressive,
  title={Progressive growing of gans for improved quality, stability, and variation},
  author={Karras, Tero and Aila, Timo and Laine, Samuli and Lehtinen, Jaakko},
  journal={arXiv preprint arXiv:1710.10196},
  year={2017}
}

@inproceedings{pidhorskyi2020adversarial,
  title={Adversarial latent autoencoders},
  author={Pidhorskyi, Stanislav and Adjeroh, Donald A and Doretto, Gianfranco},
  booktitle={Proceedings of the IEEE/CVF Conference on Computer Vision and Pattern Recognition},
  pages={14104--14113},
  year={2020}
}

@inproceedings{esser2021taming,
  title={Taming transformers for high-resolution image synthesis},
  author={Esser, Patrick and Rombach, Robin and Ommer, Bjorn},
  booktitle={Proceedings of the IEEE/CVF conference on computer vision and pattern recognition},
  pages={12873--12883},
  year={2021}
}

@inproceedings{parmar2021dual,
  title={Dual contradistinctive generative autoencoder},
  author={Parmar, Gaurav and Li, Dacheng and Lee, Kwonjoon and Tu, Zhuowen},
  booktitle={Proceedings of the IEEE/CVF Conference on Computer Vision and Pattern Recognition},
  pages={823--832},
  year={2021}
}

@inproceedings{zhang2022styleswin,
  title={Styleswin: Transformer-based gan for high-resolution image generation},
  author={Zhang, Bowen and Gu, Shuyang and Zhang, Bo and Bao, Jianmin and Chen, Dong and Wen, Fang and Wang, Yong and Guo, Baining},
  booktitle={Proceedings of the IEEE/CVF Conference on Computer Vision and Pattern Recognition},
  pages={11304--11314},
  year={2022}
}

@article{aneja2021contrastive,
  title={A contrastive learning approach for training variational autoencoder priors},
  author={Aneja, Jyoti and Schwing, Alex and Kautz, Jan and Vahdat, Arash},
  journal={Advances in neural information processing systems},
  volume={34},
  pages={480--493},
  year={2021}
}


% Flow Matching
@inproceedings{dinh2016density,
  author    = {Laurent Dinh and
               Jascha Sohl{-}Dickstein and
               Samy Bengio},
  title     = {Density estimation using Real {NVP}},
  booktitle = {5th International Conference on Learning Representations, {ICLR} 2017,
               Toulon, France, April 24-26, 2017, Conference Track Proceedings},
  publisher = {OpenReview.net},
  year      = {2017},
  timestamp = {Thu, 25 Jul 2019 14:25:58 +0200},
bibsource = {dblp computer science bibliography, https://dblp.org}
}


@inproceedings{
    lipman2022flow,
    title={Flow Matching for Generative Modeling},
    author={Yaron Lipman and Ricky T. Q. Chen and Heli Ben-Hamu and Maximilian Nickel and Matthew Le},
    booktitle={The Eleventh International Conference on Learning Representations },
    year={2023},
    url={https://openreview.net/forum?id=PqvMRDCJT9t}
}

@article{
    tong2024improving,
    title={Improving and generalizing flow-based generative models with minibatch optimal transport},
    author={Alexander Tong and Kilian FATRAS and Nikolay Malkin and Guillaume Huguet and Yanlei Zhang and Jarrid Rector-Brooks and Guy Wolf and Yoshua Bengio},
    journal={Transactions on Machine Learning Research},
    issn={2835-8856},
    year={2024},
    url={https://openreview.net/forum?id=CD9Snc73AW},
    note={Expert Certification}
}

@article{tong2023conditional,
  title={Conditional flow matching: Simulation-free dynamic optimal transport},
  author={Tong, Alexander and Malkin, Nikolay and Huguet, Guillaume and Zhang, Yanlei and Rector-Brooks, Jarrid and Fatras, Kilian and Wolf, Guy and Bengio, Yoshua},
  journal={arXiv preprint arXiv:2302.00482},
  volume={2},
  number={3},
  year={2023}
}

% kl divergence calculation
@article{kl-div,
  title={Divergence estimation for multidimensional densities via $ k $-Nearest-Neighbor distances},
  author={Wang, Qing and Kulkarni, Sanjeev R and Verd{\'u}, Sergio},
  journal={IEEE Transactions on Information Theory},
  volume={55},
  number={5},
  pages={2392--2405},
  year={2009},
  publisher={IEEE}
}

%%%%% datasets %%%%%
% MNIST
@article{deng2012mnist,
  title={The mnist database of handwritten digit images for machine learning research},
  author={Deng, Li},
  journal={IEEE Signal Processing Magazine},
  volume={29},
  number={6},
  pages={141--142},
  year={2012},
  publisher={IEEE}
}

% CIFAR10
@article{cifar10,
  title={Learning multiple layers of features from tiny images},
  author={Krizhevsky, Alex and Hinton, Geoffrey and others},
  year={2009},
  publisher={Citeseer}
}

% CelebA
@inproceedings{celeba,
  title={Deep learning face attributes in the wild},
  author={Liu, Ziwei and Luo, Ping and Wang, Xiaogang and Tang, Xiaoou},
  booktitle={Proceedings of the IEEE international conference on computer vision},
  pages={3730--3738},
  year={2015}
}


@book{cvxopt,
  title={Convex optimization theory},
  author={Bertsekas, Dimitri},
  volume={1},
  year={2009},
  publisher={Athena Scientific}
}

%FID
@article{fid,
  title={Gans trained by a two time-scale update rule converge to a local nash equilibrium},
  author={Heusel, Martin and Ramsauer, Hubert and Unterthiner, Thomas and Nessler, Bernhard and Hochreiter, Sepp},
  journal={Advances in neural information processing systems},
  volume={30},
  year={2017}
}

%Inception Score
@inproceedings{inceptionscore,
 author = {Salimans, Tim and Goodfellow, Ian and Zaremba, Wojciech and Cheung, Vicki and Radford, Alec and Chen, Xi and Chen, Xi},
 booktitle = {Advances in Neural Information Processing Systems},
 editor = {D. Lee and M. Sugiyama and U. Luxburg and I. Guyon and R. Garnett},
 pages = {},
 title = {Improved Techniques for Training GANs},
 volume = {29},
 year = {2016}
}

@inproceedings{lpips,
  title={The unreasonable effectiveness of deep features as a perceptual metric},
  author={Zhang, Richard and Isola, Phillip and Efros, Alexei A and Shechtman, Eli and Wang, Oliver},
  booktitle={Proceedings of the IEEE conference on computer vision and pattern recognition},
  pages={586--595},
  year={2018}
}

@article{pushforward,
  title={Can Push-forward Generative Models Fit Multimodal Distributions?},
  author={Salmona, Antoine and De Bortoli, Valentin and Delon, Julie and Desolneux, Agn{\`e}s},
  journal={Advances in Neural Information Processing Systems},
  volume={35},
  pages={10766--10779},
  year={2022}
}

@inproceedings{isgenerator,
  title={Is generator conditioning causally related to GAN performance?},
  author={Odena, Augustus and Buckman, Jacob and Olsson, Catherine and Brown, Tom and Olah, Christopher and Raffel, Colin and Goodfellow, Ian},
  booktitle={International conference on machine learning},
  pages={3849--3858},
  year={2018},
  organization={PMLR}
}

@inproceedings{combatmodecollapse,
  title={Combating Mode Collapse in GAN training: An Empirical Analysis using Hessian Eigenvalues},
  author={Durall Lopez, Ricard and Chatzimichailidis, Avraam and Labus, Peter and Keuper, Janis},
  booktitle={Proceedings of the 16th International Joint Conference on Computer Vision, Imaging and Computer Graphics Theory and Applications},
  volume={4},
  pages={211--218},
  year={2021},
  organization={SciTePress}
}

@article{disconnectedGAN,
  title={Disconnected manifold learning for generative adversarial networks},
  author={Khayatkhoei, Mahyar and Singh, Maneesh K and Elgammal, Ahmed},
  journal={Advances in Neural Information Processing Systems},
  volume={31},
  year={2018}
}

@article{GANlocallystable,
  title={Gradient descent GAN optimization is locally stable},
  author={Nagarajan, Vaishnavh and Kolter, J Zico},
  journal={Advances in neural information processing systems},
  volume={30},
  year={2017}
}

@article{numericGAN,
  title={The numerics of gans},
  author={Mescheder, Lars and Nowozin, Sebastian and Geiger, Andreas},
  journal={Advances in neural information processing systems},
  volume={30},
  year={2017}
}

@INPROCEEDINGS{inception_v3,
  author={Szegedy, Christian and Vanhoucke, Vincent and Ioffe, Sergey and Shlens, Jon and Wojna, Zbigniew},
  booktitle={2016 IEEE Conference on Computer Vision and Pattern Recognition (CVPR)}, 
  title={Rethinking the Inception Architecture for Computer Vision}, 
  year={2016},
  volume={},
  number={},
  pages={2818-2826},
  doi={10.1109/CVPR.2016.308}}

% applications
@article{xie2019scalable,
  title={On scalable and efficient computation of large scale optimal transport. volume 97 of Proceedings of Machine Learning Research},
  author={Xie, Yujia and Chen, Minshuo and Jiang, Haoming and Zhao, Tuo and Zha, Hongyuan},
  journal={Long Beach, California, USA},
  pages={09--15},
  year={2019}
}

%% data augmentation
@article{alvarez2020geometric,
  title={Geometric dataset distances via optimal transport},
  author={Alvarez-Melis, David and Fusi, Nicolo},
  journal={Advances in Neural Information Processing Systems},
  volume={33},
  pages={21428--21439},
  year={2020}
}

%% domain adaptation
@inproceedings{guan2021multi,
  title={Multi-source domain adaptation via optimal transport for brain dementia identification},
  author={Guan, Hao and Wang, Li and Liu, Mingxia},
  booktitle={2021 IEEE 18th International Symposium on Biomedical Imaging (ISBI)},
  pages={1514--1517},
  year={2021},
  organization={IEEE}
}

@inproceedings{shen2018wasserstein,
  title={Wasserstein distance guided representation learning for domain adaptation},
  author={Shen, Jian and Qu, Yanru and Zhang, Weinan and Yu, Yong},
  booktitle={Proceedings of the AAAI Conference on Artificial Intelligence},
  volume={32},
  number={1},
  year={2018}
}

% popular dynamics
@inproceedings{ma2021learning,
  title={Learning stochastic behaviour from aggregate data},
  author={Ma, Shaojun and Liu, Shu and Zha, Hongyuan and Zhou, Haomin},
  booktitle={International Conference on Machine Learning},
  pages={7258--7267},
  year={2021},
  organization={PMLR}
}

@article{dcgan,
  title={Unsupervised representation learning with deep convolutional generative adversarial networks},
  author={Radford, Alec and Metz, Luke and Chintala, Soumith},
  journal={arXiv preprint arXiv:1511.06434},
  year={2015}
}

@inproceedings{cosineAnneal,
    title={{SGDR}: Stochastic Gradient Descent with Warm Restarts},
    author={Ilya Loshchilov and Frank Hutter},
    booktitle={International Conference on Learning Representations},
    year={2017},
    url={https://openreview.net/forum?id=Skq89Scxx}
}

@inproceedings{StepLR,
  title={Deep residual learning for image recognition},
  author={He, Kaiming and Zhang, Xiangyu and Ren, Shaoqing and Sun, Jian},
  booktitle={Proceedings of the IEEE conference on computer vision and pattern recognition},
  pages={770--778},
  year={2016}
}

@book{nash,
  Author = {Martin J. Osborne and Ariel Rubinstein},
  Title = {A Course in Game Theory},
  Publisher = {The MIT Press},
  Year = {1994},
  ISBN = {0262150417}, 
}

@inproceedings{cyclegan,
  title={Unpaired image-to-image translation using cycle-consistent adversarial networks},
  author={Zhu, Jun-Yan and Park, Taesung and Isola, Phillip and Efros, Alexei A},
  booktitle={Proceedings of the IEEE international conference on computer vision},
  pages={2223--2232},
  year={2017}
}

@article{fdivIneq1,
  title={$ f $-divergence Inequalities},
  author={Sason, Igal and Verd{\'u}, Sergio},
  journal={IEEE Transactions on Information Theory},
  volume={62},
  number={11},
  pages={5973--6006},
  year={2016},
  publisher={IEEE}
}

@article{fdivIneq2,
  title={A class of measures of informativity of observation channels},
  author={Csisz{\'a}r, Imre},
  journal={Periodica Mathematica Hungarica},
  volume={2},
  number={1-4},
  pages={191--213},
  year={1972},
  publisher={Akad{\'e}miai Kiad{\'o}, co-published with Springer Science+ Business Media BV~…}
}

@article{santambrogio,
  title={Optimal transport for applied mathematicians},
  author={Santambrogio, Filippo},
  journal={Birk{\"a}user, NY},
  volume={55},
  number={58-63},
  pages={94},
  year={2015},
  publisher={Springer}
}

@article{pot,
  author  = {R{\'e}mi Flamary and Nicolas Courty and Alexandre Gramfort and Mokhtar Z. Alaya and Aur{\'e}lie Boisbunon and Stanislas Chambon and Laetitia Chapel and Adrien Corenflos and Kilian Fatras and Nemo Fournier and L{\'e}o Gautheron and Nathalie T.H. Gayraud and Hicham Janati and Alain Rakotomamonjy and Ievgen Redko and Antoine Rolet and Antony Schutz and Vivien Seguy and Danica J. Sutherland and Romain Tavenard and Alexander Tong and Titouan Vayer},
  title   = {POT: Python Optimal Transport},
  journal = {Journal of Machine Learning Research},
  year    = {2021},
  volume  = {22},
  number  = {78},
  pages   = {1-8},
  url     = {http://jmlr.org/papers/v22/20-451.html}
}

%% NSGF
@article{NSGF,
  title={Neural Sinkhorn Gradient Flow},
  author={Zhu, Huminhao and Wang, Fangyikang and Zhang, Chao and Zhao, Hanbin and Qian, Hui},
  journal={arXiv preprint arXiv:2401.14069},
  year={2024}
}

%% Langevin MCMC
@article{LangevinMC,
  title={Correlation functions and computer simulations},
  author={Parisi, Giorgio},
  journal={Nuclear Physics B},
  volume={180},
  number={3},
  pages={378--384},
  year={1981},
  publisher={Elsevier}
}

% EBM
@inproceedings{ebm,
  title={Energy-based Generative Adversarial Networks},
  author={Zhao, Junbo and Mathieu, Michael and LeCun, Yann},
  booktitle={International Conference on Learning Representations},
  year={2016}
}

@article{implicitebm,
  title={Implicit generation and modeling with energy based models},
  author={Du, Yilun and Mordatch, Igor},
  journal={Advances in Neural Information Processing Systems},
  volume={32},
  year={2019}
}

@article{
    SWGF,
    title={Efficient Gradient Flows in Sliced-Wasserstein Space},
    author={Cl{\'e}ment Bonet and Nicolas Courty and Fran{\c{c}}ois Septier and Lucas Drumetz},
    journal={Transactions on Machine Learning Research},
    issn={2835-8856},
    year={2022},
    url={https://openreview.net/forum?id=Au1LNKmRvh},
    note={}
}

@inproceedings{
    unsb,
    title={Unpaired Image-to-Image Translation via Neural Schr\"odinger Bridge},
    author={Beomsu Kim and Gihyun Kwon and Kwanyoung Kim and Jong Chul Ye},
    booktitle={The Twelfth International Conference on Learning Representations},
    year={2024},
    url={https://openreview.net/forum?id=uQBW7ELXfO}
}

@article{cellot,
  title={Learning single-cell perturbation responses using neural optimal transport},
  author={Bunne, Charlotte and Stark, Stefan G and Gut, Gabriele and Del Castillo, Jacobo Sarabia and Levesque, Mitch and Lehmann, Kjong-Van and Pelkmans, Lucas and Krause, Andreas and R{\"a}tsch, Gunnar},
  journal={Nature Methods},
  volume={20},
  number={11},
  pages={1759--1768},
  year={2023},
  publisher={Nature Publishing Group US New York}
}

@article{sinkhorn,
  title={Diagonal equivalence to matrices with prescribed row and column sums},
  author={Sinkhorn, Richard},
  journal={The American Mathematical Monthly},
  volume={74},
  number={4},
  pages={402--405},
  year={1967},
  publisher={JSTOR}
}

@inproceedings{
    bortoli2021diffusion,
    title={Diffusion Schr\"odinger Bridge with Applications to Score-Based Generative Modeling},
    author={Valentin De Bortoli and James Thornton and Jeremy Heng and Arnaud Doucet},
    booktitle={Advances in Neural Information Processing Systems},
    editor={A. Beygelzimer and Y. Dauphin and P. Liang and J. Wortman Vaughan},
    year={2021},
    url={https://openreview.net/forum?id=9BnCwiXB0ty}
}


@InProceedings{sb_toy1,
  title = 	 {Sampling From a Schrödinger Bridge},
  author =       {Stromme, Austin},
  booktitle = 	 {Proceedings of The 26th International Conference on Artificial Intelligence and Statistics},
  pages = 	 {4058--4067},
  year = 	 {2023},
  editor = 	 {Ruiz, Francisco and Dy, Jennifer and van de Meent, Jan-Willem},
  volume = 	 {206},
  series = 	 {Proceedings of Machine Learning Research},
  month = 	 {25--27 Apr},
  publisher =    {PMLR}
}

@article{sb_toy2,
  title={Learning normalizing flows from Entropy-Kantorovich potentials},
  author={Finlay, Chris and Gerolin, Augusto and Oberman, Adam M and Pooladian, Aram-Alexandre},
  journal={arXiv preprint arXiv:2006.06033},
  year={2020}
}

@article{pinn,
author = {Li, Zongyi and Zheng, Hongkai and Kovachki, Nikola and Jin, David and Chen, Haoxuan and Liu, Burigede and Azizzadenesheli, Kamyar and Anandkumar, Anima},
title = {Physics-Informed Neural Operator for Learning Partial Differential Equations},
year = {2024},
issue_date = {July 2024},
publisher = {Association for Computing Machinery},
address = {New York, NY, USA},
volume = {1},
number = {3},
url = {https://doi.org/10.1145/3648506},
doi = {10.1145/3648506},
journal = {ACM / IMS J. Data Sci.},
month = {may},
articleno = {9},
numpages = {27},
keywords = {Neural operators, physics informed learning, partial differential equations}
}

@misc{pinn2,
      title={On Residual Minimization for PDEs: Failure of PINN, Modified Equation, and Implicit Bias}, 
      author={Tao Luo and Qixuan Zhou},
      year={2023},
      eprint={2310.18201},
      archivePrefix={arXiv},
      primaryClass={math.AP}
}

@book{soc,
  title={Deterministic and stochastic optimal control},
  author={Wendell H. Fleming and Raymond W. Rishel},
  volume={1},
  year={2012},
  publisher={Springer}
}

@phdthesis{eot_dual,
  TITLE = {{Entropy-Regularized Optimal Transport for Machine Learning}},
  AUTHOR = {Genevay, Aude},
  URL = {https://theses.hal.science/tel-02319318},
  SCHOOL = {{PSL University}},
  YEAR = {2019},
  MONTH = Mar,
  KEYWORDS = {Optimal transport ; Machine learning ; Transport optimal ; Apprentissage statistique},
  TYPE = {Theses},
  PDF = {https://theses.hal.science/tel-02319318/file/these_aude.pdf},
  HAL_ID = {tel-02319318},
  HAL_VERSION = {v1},
}

@inproceedings{sb_gtsol,
  title={The schr{\"o}dinger bridge between gaussian measures has a closed form},
  author={Bunne, Charlotte and Hsieh, Ya-Ping and Cuturi, Marco and Krause, Andreas},
  booktitle={International Conference on Artificial Intelligence and Statistics},
  pages={5802--5833},
  year={2023},
  organization={PMLR}
}

@inproceedings{
    eyring2024unbalancedness,
    title={Unbalancedness in Neural Monge Maps Improves Unpaired Domain Translation},
    author={Luca Eyring and Dominik Klein and Th{\'e}o Uscidda and Giovanni Palla and Niki Kilbertus and Zeynep Akata and Fabian J Theis},
    booktitle={The Twelfth International Conference on Learning Representations},
    year={2024}
}

@article{consistencyModel,
  title={Consistency models},
  author={Song, Yang and Dhariwal, Prafulla and Chen, Mark and Sutskever, Ilya},
  journal={arXiv preprint arXiv:2303.01469},
  year={2023}
}

@article{rectifiedFlow,
  title={Flow straight and fast: Learning to generate and transfer data with rectified flow},
  author={Liu, Xingchao and Gong, Chengyue and Liu, Qiang},
  journal={arXiv preprint arXiv:2209.03003},
  year={2022}
}

@inproceedings{instaflow,
  title={Instaflow: One step is enough for high-quality diffusion-based text-to-image generation},
  author={Liu, Xingchao and Zhang, Xiwen and Ma, Jianzhu and Peng, Jian and others},
  booktitle={The Twelfth International Conference on Learning Representations},
  year={2024}
}

@article{dsbm,
  title={Diffusion Schr{\"o}dinger bridge matching},
  author={Shi, Yuyang and De Bortoli, Valentin and Campbell, Andrew and Doucet, Arnaud},
  journal={Advances in Neural Information Processing Systems},
  volume={36},
  year={2024}
}

@inproceedings{gsbm,
  title={Generalized Schr{\"o}dinger Bridge Matching},
  author={Liu, Guan-Horng and Lipman, Yaron and Nickel, Maximilian and Karrer, Brian and Theodorou, Evangelos and Chen, Ricky TQ},
  booktitle={The Twelfth International Conference on Learning Representations},
    year={2024}
}

@article{lightUOT,
  title={Unbalanced and Light Optimal Transport},
  author={Gazdieva, Milena and Asadulaev, Arip and Korotin, Alexander and Burnaev, Evgeny},
  journal={arXiv preprint arXiv:2303.07988},
  year={2023}
}

@article{sinkhorn2,
  title={Generative Entropic Neural Optimal Transport To Map Within and Across Spaces},
  author={Klein, Dominik and Uscidda, Th{\'e}o and Theis, Fabian and Cuturi, Marco},
  journal={arXiv preprint arXiv:2310.09254},
  year={2023}
}


@article{benamou,
  title={A computational fluid mechanics solution to the Monge-Kantorovich mass transfer problem},
  author={Benamou, Jean-David and Brenier, Yann},
  journal={Numerische Mathematik},
  volume={84},
  number={3},
  pages={375--393},
  year={2000},
  publisher={Springer-Verlag Berlin/Heidelberg}
}

@inproceedings{afhq,
  title={Stargan v2: Diverse image synthesis for multiple domains},
  author={Choi, Yunjey and Uh, Youngjung and Yoo, Jaejun and Ha, Jung-Woo},
  booktitle={Proceedings of the IEEE/CVF conference on computer vision and pattern recognition},
  pages={8188--8197},
  year={2020}
}

@inproceedings{shoes,
  title={Fine-grained visual comparisons with local learning},
  author={Yu, Aron and Grauman, Kristen},
  booktitle={Proceedings of the IEEE conference on computer vision and pattern recognition},
  pages={192--199},
  year={2014}
}

@article{handbags,
  title={Generative Visual Manipulation on the Natural Image Manifold},
  author={Zhu, Jun-Yan and Kr{\"a}henb{\"u}hl, Philipp and Shechtman, Eli and Efros, Alexei A},
  journal={Computer Vision--ECCV 2016},
  pages={597--613},
  year={2016},
  publisher={Springer International Publishing}
}

@book{sion,
  title={General Minimax Theorems},
  author={Sion, Maurice},
  year={1957},
  publisher={United States Air Force, Office of Scientific Research}
}

@article{barycenter_win,
  title={Wasserstein iterative networks for barycenter estimation},
  author={Korotin, Alexander and Egiazarian, Vage and Li, Lingxiao and Burnaev, Evgeny},
  journal={Advances in Neural Information Processing Systems},
  volume={35},
  pages={15672--15686},
  year={2022}
}

@inproceedings{barycenter_not,
  title={Estimating Barycenters of Distributions with Neural Optimal Transport},
  author={Kolesov, Alexander and Mokrov, Petr and Udovichenko, Igor and Gazdieva, Milena and Pammer, Gudmund and Burnaev, Evgeny and Korotin, Alexander},
  booktitle={Forty-first International Conference on Machine Learning},
  year={2024}
}

@article{kantorovich-unique,
  title={On the Uniqueness of Kantorovich Potentials},
  author={Staudt, Thomas and Hundrieser, Shayan and Munk, Axel},
  journal={Contributions to the Theory of Statistical Optimal Transport},
  volume={49},
  pages={101},
  year={2022},
  publisher={University of G{\"o}ttingen}
}

@article{mccann,
  title={A convexity principle for interacting gases},
  author={McCann, Robert J},
  journal={Advances in mathematics},
  volume={128},
  number={1},
  pages={153--179},
  year={1997},
  publisher={Elsevier}
}

@article{SB-flow,
  title={Schr$\backslash$" odinger Bridge Flow for Unpaired Data Translation},
  author={De Bortoli, Valentin and Korshunova, Iryna and Mnih, Andriy and Doucet, Arnaud},
  journal={arXiv preprint arXiv:2409.09347},
  year={2024}
}

@article{diotm,
  title={Improving Neural Optimal Transport via Displacement Interpolation},
  author={Choi, Jaemoo and Chen, Yongxin and Choi, Jaewoong},
  journal={arXiv preprint arXiv:2410.03783},
  year={2024}
}

@article{uot-upc,
  title={Unsupervised Point Cloud Completion through Unbalanced Optimal Transport},
  author={Lee, Taekyung and Choi, Jaemoo and Choi, Jaewoong and Kang, Myungjoo},
  journal={arXiv preprint arXiv:2410.02671},
  year={2024}
}

@article{choi2024scalable,
  title={Scalable Simulation-free Entropic Unbalanced Optimal Transport},
  author={Choi, Jaemoo and Choi, Jaewoong},
  journal={arXiv preprint arXiv:2410.02656},
  year={2024}
}

@article{gangbo1996geometry,
  title={The geometry of optimal transportation},
  author={Gangbo, Wilfrid and McCann, Robert J},
  year={1996}
}

@article{staudt2022c,
  title={C On the Uniqueness of Kantorovich Potentials},
  author={Staudt, Thomas and Hundrieser, Shayan and Munk, Axel},
  journal={Contributions to the Theory of Statistical Optimal Transport},
  volume={49},
  pages={101},
  year={2022},
  publisher={University of G{\"o}ttingen}
}