@misc{Satoshi:bitcoin,
    AUTHOR = {Satoshi Nakamoto},
	TITLE = {Bitcoin: A Peer-to-Peer Electronic Cash System},
	howpublished = "\url{https://bitcoin.org/bitcoin.pdf}",
    year = {2008}
}

@inproceedings{Ricardian,
    AUTHOR = {Ian Grigg},
	TITLE = {The Ricardian Contract },
	booktitle={The 1st IEEE International Workshop on Electronic Contracting (WEC2004)},
	Pages={25-31}, 
    numpages = {6},
    publisher = {IEEE},
    address = {San Diego, California},
    year = {2004}
}

@InProceedings{Guido:legalcontract,
    author={Florian Idelberger and Guido Governatori and R{\'e}gis Riveret and Giovanni Sartor}, 
    title={Evaluation of Logic-Based Smart Contracts for Blockchain Systems},
    booktitle={Rule Technologies. Research, Tools, and Applications},
    year={2016},
    publisher={Springer},
    pages={167--183},
    address = {Stony Brook, NY, USA},
    isbn={978-3-319-42019-6}
}


@techreport{ukreport,
  title = {Distributed Ledger Technology: beyond blockchain},
  author = {{UK Government Chief Scientific Adviser}},
  institution = {UK Government},
  year = {2016}
}

@article{meszaros1998pattern,
  title={{A Pattern Language for Pattern Writing}},
  author={Meszaros, Gerard and others},
  year={1998},
  xauthor={Meszaros, Gerard and Doble, Jim},
  journal={Pattern languages of program design},
  volume={3},
  pages={529--574}
}

@inproceedings{sherry2016,
    title={The Blockchain as a Software Connector},
    author={Xiwei Xu and Cesare Pautasso and Liming Zhu and Vincent Gramoli and Alexander Ponomarev  and An Binh Tran and Shiping Chen},
    booktitle={13th Working IEEE/IFIP Conference on Software Architecture (WICSA2016)},
    Pages={182-191}, 
    numpages = {10},
    publisher = {IEEE},
    address = {Gothenburg, Sweden},
    year = {2016}
}

@inproceedings{Beck1987,
  author = {Beck, Kent and Cunningham, Ward},
  booktitle = {Conference on Object-Oriented Programming, Systems, Languages, and Applications (OOPSLA)},
  title = {Using Pattern Languages for Object Oriented Programs},
  publisher = {ACM},
  address = {Orlando, FL, USA},
  year = 1987
}

@misc{barrclays1,
    author = {Christopher D. Clack and Vikram A. Bakshi and Lee Braine},
    title = "{Smart Contract Templates: essential requirements and design options}",
    journal = {ArXiv e-prints},
    archivePrefix = "arXiv",
    eprint = {1612.04496},
    keywords = {Computer Science - Computers and Society, K.4.3, K.4.4},  
    year = 2016,
    month = dec,
    adsurl = {http://adsabs.harvard.edu/abs/2016arXiv161204496C},
    adsnote = {Provided by the SAO/NASA Astrophysics Data System}
}

@misc{barrclays2,
    author = {Christopher D. Clack and Vikram A. Bakshi and Lee Braine},
    title = "{Smart Contract Templates: foundations, design landscape and research directions}",
    journal = {ArXiv e-prints},
    archivePrefix = "arXiv",
    eprint = {1608.00771},
    keywords = {Computer Science - Computers and Society, K.4.3, K.4.4},
    year = 2016,
    month = aug,
    adsurl = {http://adsabs.harvard.edu/abs/2016arXiv160800771C},
    adsnote = {Provided by the SAO/NASA Astrophysics Data System}
}

@inproceedings{factorypattern,
author = {Zhang, Peng and White, Jules and Schmidt, Douglas C. and Lenz, Gunther},
title = {Design of Blockchain-Based Apps Using Familiar Software Patterns with a Healthcare Focus},
year = {2017},
isbn = {9781941652060},
publisher = {The Hillside Group},
address = {USA},
booktitle = {Proceedings of the 24th Conference on Pattern Languages of Programs},
articleno = {19},
numpages = {14},
keywords = {interoperability, software patterns, DApps, blockchain, healthcare},
location = {Vancouver, British Columbia, Canada},
series = {PLoP '17}
}





@inproceedings{SRDS2017,
    author = {Ingo Weber and Vincent Gramoli and Mark Staples and Alex Ponomarev and Ralph Holz and {An Binh} Tran and Paul Rimba},
    month = sep,
    year = {2017},
    title = {On Availability for Blockchain-Based Systems},
    publisher = {IEEE},
    booktitle = {SRDS'17: IEEE International Symposium on Reliable Distributed Systems},
    Pages={64-73}, 
    numpages = {10},
    address = {Hong Kong, China}
}


@inproceedings{blockstack2016,
    title = {Blockstack: A Global Naming and Storage System Secured by Blockchains},
    author = {Muneeb Ali and Jude Nelson and Ryan Shea and Michael J. Freedman},
    booktitle = {USENIX ATC},
    address = {Santa Clara, CA},
    pages = {181-194},
    numpages = {14},
    publisher = {USENIX Association},
    year = 2016
}

@book{Swan:blockchain,
    title = {Blockchain: Blueprint for a New Economy},
    author = {Melanie Swan},
    year = {2015},	
    publisher = {O'Reilly},
    address = {US}
}

@article{Omohundro:2014,
    author = {Steve Omohundro},
    title = {Cryptocurrencies, Smart Contracts, and Artificial Intelligence},
    journal = {AI Matters},
    issue_date = {December 2014},
    volume = {1},
    number = {2},
    month = dec,
    year = {2014},
    issn = {2372-3483},
    pages = {19--21},
    numpages = {3},
    url = {http://doi.acm.org/10.1145/2685328.2685334},
    doi = {10.1145/2685328.2685334},
    eid = {2685334},
    publisher = {ACM},
    address = {New York, NY, USA},
}

@inproceedings{Weber:BPM2016,
    author = {Ingo Weber and Xiwei Xu and Regis Riveret and Guido Governatori and Alexander Ponomarev and Jan Mendling},
    month = sep,
    year = {2016},
    title = {Untrusted Business Process Monitoring and Execution Using Blockchain},
    booktitle = {BPM},
    pages = {329-347},
    numpages = {19},
    address = {Rio de Janeiro, Brazil},
    publisher = {Springer}
}

@inproceedings{Garcia:BPM2017,
  author = {Luciano Garc{\'i}a{-}Ba{\~{n}}uelos and Alexander Ponomarev and Marlon Dumas and Ingo Weber},
  month = sep,
  year = {2017},
  title = {Optimized Execution of Business Processes on Blockchain},
  booktitle = {BPM'17: International Conference on Business Process Management},
  address = {Barcelona, Spain},
  url = {https://www.researchgate.net/publication/311573669_Optimized_Execution_of_Business_Processes_on_Blockchain}
}

@inproceedings{Lopez:BPM2017,
  author = {Orlenys L{\'o}pez-Pintado and Luciano Garc{\'i}a{-}Ba{\~{n}}uelos and Marlon Dumas and Ingo Weber},
  month = sep,
  year = {2017},
  title = {Caterpillar: A Blockchain-Based Business Process Management System},
  booktitle = {BPM'17: International Conference on Business Process Management, Demo track},
  address = {Barcelona, Spain},
  comment = {demo},
  url = {http://www.imweber.de/downloads/Caterpillar-ABlockchain-BasedBusinessProcessManagementSystem-BPMDemo2017--authors-copy.pdf}
}


@inproceedings{Sherry:ICSA2017,
    author = {Xiwei Xu and Ingo Weber and Mark Staples and Liming Zhu and Jan Bosch and Len Bass and Cesare Pautasso and Paul Rimba},
    month = apr,
    year = {2017},
    title = {A Taxonomy of blockchain-based systems for architecture design},
    booktitle = {ICSA2017},
    pages = {243-252},
    numpages = {10},
    address = {Gothenburg, Sweden},
    publisher = {IEEE}
}

@techreport{ethyellow,
    title = {Ethereum: A Secure Decentralized Generalised Transaction Ledger --- Homestead Draft},
    author = {Gavin Wood},
    institution = {Ethereum},
    year = {2016}
}


@book{SHA2,
    author = {{}U.S. Department of Commerce and National Institute of Standards and Technology}},
    title = {Secure Hash Standard - SHS: Federal Information Processing Standards Publication 180-4},
    year = {2012},
    isbn = {1478178078, 9781478178071},
    publisher = {CreateSpace Independent Publishing Platform},
    address = {USA},
} 


%%%%Related Works%%%%%%%
@inproceedings{Eberhardt2017,
  author= {Jacob Eberhardt and Stefan Tai},
  title= {On or Off the Blockchain? Insights on Off-Chaining Computation and Data},
  bookTitle={6th European Conference on Service-Oriented and Cloud Computing (ESOCC2017)},
  year="2017",
  publisher="Springer",
  address="Oslo, Norway",
  pages={3-15}
}

@InProceedings{designPatterns1,
author="Bartoletti, Massimo and Pompianu, Livio",
title="An Empirical Analysis of Smart Contracts: Platforms, Applications, and Design Patterns",
booktitle="Financial Cryptography and Data Security",
year="2017",
publisher="Springer International Publishing",
address="Cham",
pages="494--509"
}

@INPROCEEDINGS{Hawk, 
    author={Ahmed Kosba and Andrew Miller and Elaine Shi and Zikai Wen and Charalampos Papamanthou}, 
    booktitle={ 37th IEEE Symposium on Security and Privacy (S\&P2016)}, 
    title={Hawk: The Blockchain Model of Cryptography and Privacy-Preserving Smart Contracts}, 
    year={2016}, 
    pages={839-858}, 
    doi={10.1109/SP.2016.55}, 
    ISSN={}, 
    month={May},
    publisher={IEEE},
    Address={Fairmont, SAN JOSE, CA}
}

@inproceedings{bitcoin2013,
  title = {Information propagation in the {B}itcoin network},
  author = {Decker, Christian and Wattenhofer, Roger},
  booktitle={P2P},
  address = {Trento, Italy},
  publisher={IEEE},
  pages={1-10}, 
  year = {2013}
}

@INPROCEEDINGS{patternICSA2018, 
  author={F. Wessling and V. Gruhn}, 
  booktitle={2018 IEEE International Conference on Software Architecture Companion (ICSA-C)}, 
  title={Engineering Software Architectures of Blockchain-Oriented Applications}, 
  year={2018}, 
  volume={}, 
  number={}, 
  pages={45-46}, 
  address={Seattle, USA},
  month={April},
 }
 
 @book{securitypatterns,
  title={Security patterns in practice: designing secure architectures using software patterns},
  author={Fernandez-Buglioni, Eduardo},
  year={2013},
  publisher={John Wiley \& Sons}
}

@INPROCEEDINGS{Zdun:patterns,
  author={M.  W{\"o}hrer and U. {Zdun}},
  booktitle={2018 IEEE Int. Conf. on Internet of Things (iThings) and IEEE Green Computing and Communications (GreenCom) and IEEE Cyber, Physical and Social Computing (CPSCom) and IEEE Smart Data (SmartData)}, 
  title={Design Patterns for Smart Contracts in the {E}thereum Ecosystem}, 
  year={2018},
  volume={},
  number={},
  pages={1513-1520},}
  
@inproceedings{Zdun:patterns2,
title={Smart contracts: {S}ecurity patterns in the {E}thereum ecosystem and {S}olidity},
  author={W{\"o}hrer, Maximilian and Zdun, Uwe},
  booktitle={Intl. Workshop on Blockchain Oriented Software Engineering (IWBOSE)},
  pages={2--8},
  year={2018},
}

@article{lo2020reliability,
  title={Reliability analysis for blockchain oracles},
  author={Lo, Sin Kuang and Xu, Xiwei and Staples, Mark and Yao, Lina},
  journal={Computers \& Electrical Engineering},
  volume={83},
  pages={106582},
  year={2020},
  publisher={Elsevier}
}

@inproceedings{2020-Muehlberger-BPM-BC,
  author = {M{\"u}hlberger, Roman and Bachhofner, Stefan and Di Ciccio, Claudio and Weber, Ingo and W{\"o}hrer, Maximilian and Zdun, Uwe},
  title = {Foundational Oracle Patterns: Connecting Blockchain to the Off-chain World},
  booktitle = {Blockchain Forum of the Intl. Conf. on Business Process Management (BPM)},
  year = {2020},
  month = {Sep.},
  curl = {}
}

@inproceedings{securityblockchainpattern,
author = {Moreno, Julio and Fernandez, Eduardo B. and Fernandez-Medina, Eduardo and Serrano, Manuel A.},
title = {BlockBD: A Security Pattern to Incorporate Blockchain in Big Data Ecosystems},
year = {2019},
isbn = {9781450362061},
publisher = {Association for Computing Machinery},
address = {New York, NY, USA},
url = {https://doi.org/10.1145/3361149.3361166},
doi = {10.1145/3361149.3361166},
booktitle = {Proceedings of the 24th European Conference on Pattern Languages of Programs},
articleno = {17},
numpages = {8},
keywords = {big data, security pattern, blockchain},
location = {Irsee, Germany},
series = {EuroPLop '19}
}

@InProceedings{Dilum:migrationpattern,
    title={Patterns for Blockchain Data Migration},
    author={H. M. N. Dilum Bandara and Xiwei Xu and Ingo Weber},
	booktitle = "Proc. 25th European Conf. on Pattern Languages of Programs ({EuroPLoP} '20)",
	year = "2020"
}


@InProceedings{Lu:patterns,
	author = "Yue Liu and Qinghua Lu and Hye-Young Paik and Xiwei Xu",
	title = "Design Patterns for Blockchain-based Self-Sovereign Identity",
	booktitle = "Proc. 25th European Conf. on Pattern Languages of Programs ({EuroPLoP} '20)",
	year = "2020"
} 

 
