@inproceedings{2020-Muehlberger-BPM-BC,
  author = {M{\"u}hlberger, Roman and Bachhofner, Stefan and Di Ciccio, Claudio and Weber, Ingo and W{\"o}hrer, Maximilian and Zdun, Uwe},
  title = {Foundational Oracle Patterns: Connecting Blockchain to the Off-chain World},
  booktitle = {Blockchain Forum of the Intl. Conf. on Business Process Management (BPM)},
  year = {2020},
  month = {Sep.},
  curl = {}
}

@InProceedings{Dilum:migrationpattern,
    title={Patterns for Blockchain Data Migration},
    author={H. M. N. Dilum Bandara and Xiwei Xu and Ingo Weber},
	booktitle = "Proc. 25th European Conf. on Pattern Languages of Programs ({EuroPLoP} '20)",
	year = "2020"
}

@inproceedings{Eberhardt2017,
  author= {Jacob Eberhardt and Stefan Tai},
  title= {On or Off the Blockchain? Insights on Off-Chaining Computation and Data},
  bookTitle={6th European Conference on Service-Oriented and Cloud Computing (ESOCC2017)},
  year="2017",
  publisher="Springer",
  address="Oslo, Norway",
  pages={3-15}
}

@InProceedings{Lu:patterns,
	author = "Yue Liu and Qinghua Lu and Hye-Young Paik and Xiwei Xu",
	title = "Design Patterns for Blockchain-based Self-Sovereign Identity",
	booktitle = "Proc. 25th European Conf. on Pattern Languages of Programs ({EuroPLoP} '20)",
	year = "2020"
}

@INPROCEEDINGS{Zdun:patterns,
  author={M.  W{\"o}hrer and U. {Zdun}},
  booktitle={2018 IEEE Int. Conf. on Internet of Things (iThings) and IEEE Green Computing and Communications (GreenCom) and IEEE Cyber, Physical and Social Computing (CPSCom) and IEEE Smart Data (SmartData)}, 
  title={Design Patterns for Smart Contracts in the {E}thereum Ecosystem}, 
  year={2018},
  volume={},
  number={},
  pages={1513-1520},}

@inproceedings{Zdun:patterns2,
title={Smart contracts: {S}ecurity patterns in the {E}thereum ecosystem and {S}olidity},
  author={W{\"o}hrer, Maximilian and Zdun, Uwe},
  booktitle={Intl. Workshop on Blockchain Oriented Software Engineering (IWBOSE)},
  pages={2--8},
  year={2018},
}

@InProceedings{designPatterns1,
author="Bartoletti, Massimo and Pompianu, Livio",
title="An Empirical Analysis of Smart Contracts: Platforms, Applications, and Design Patterns",
booktitle="Financial Cryptography and Data Security",
year="2017",
publisher="Springer International Publishing",
address="Cham",
pages="494--509"
}

@inproceedings{factorypattern,
author = {Zhang, Peng and White, Jules and Schmidt, Douglas C. and Lenz, Gunther},
title = {Design of Blockchain-Based Apps Using Familiar Software Patterns with a Healthcare Focus},
year = {2017},
isbn = {9781941652060},
publisher = {The Hillside Group},
address = {USA},
booktitle = {Proceedings of the 24th Conference on Pattern Languages of Programs},
articleno = {19},
numpages = {14},
keywords = {interoperability, software patterns, DApps, blockchain, healthcare},
location = {Vancouver, British Columbia, Canada},
series = {PLoP '17}
}

@INPROCEEDINGS{patternICSA2018, 
  author={F. Wessling and V. Gruhn}, 
  booktitle={2018 IEEE International Conference on Software Architecture Companion (ICSA-C)}, 
  title={Engineering Software Architectures of Blockchain-Oriented Applications}, 
  year={2018}, 
  volume={}, 
  number={}, 
  pages={45-46}, 
  address={Seattle, USA},
  month={April},
 }

@inproceedings{securityblockchainpattern,
author = {Moreno, Julio and Fernandez, Eduardo B. and Fernandez-Medina, Eduardo and Serrano, Manuel A.},
title = {BlockBD: A Security Pattern to Incorporate Blockchain in Big Data Ecosystems},
year = {2019},
isbn = {9781450362061},
publisher = {Association for Computing Machinery},
address = {New York, NY, USA},
url = {https://doi.org/10.1145/3361149.3361166},
doi = {10.1145/3361149.3361166},
booktitle = {Proceedings of the 24th European Conference on Pattern Languages of Programs},
articleno = {17},
numpages = {8},
keywords = {big data, security pattern, blockchain},
location = {Irsee, Germany},
series = {EuroPLop '19}
}

