@article{BT,
  title={Rank analysis of incomplete block designs: I. The method of paired comparisons},
  author={Bradley, Ralph Allan and Terry, Milton E},
  journal={Biometrika},
  volume={39},
  number={3/4},
  pages={324--345},
  year={1952},
  publisher={JSTOR}
}

@inproceedings{BTapp,
  author       = {Julien Fageot and
                  Sadegh Farhadkhani and
                  L{\^{e}}{-}Nguy{\^{e}}n Hoang and
                  Oscar Villemaud},
  title        = {Generalized Bradley-Terry Models for Score Estimation from Paired
                  Comparisons},
  booktitle    = {Thirty-Eighth {AAAI} Conference on Artificial Intelligence, {AAAI}
                  2024, Thirty-Sixth Conference on Innovative Applications of Artificial
                  Intelligence, {IAAI} 2024, Fourteenth Symposium on Educational Advances
                  in Artificial Intelligence, {EAAI} 2014, February 20-27, 2024, Vancouver,
                  Canada},
  pages        = {20379--20386},
  publisher    = {{AAAI} Press},
  year         = {2024},
  url          = {https://doi.org/10.1609/aaai.v38i18.30020},
  doi          = {10.1609/AAAI.V38I18.30020},
  timestamp    = {Tue, 02 Apr 2024 16:32:09 +0200},
  biburl       = {https://dblp.org/rec/conf/aaai/FageotFHV24.bib},
  bibsource    = {dblp computer science bibliography, https://dblp.org}
}

@inproceedings{allpair,
  author       = {Zhen Qin and
                  Rolf Jagerman and
                  Kai Hui and
                  Honglei Zhuang and
                  Junru Wu and
                  Le Yan and
                  Jiaming Shen and
                  Tianqi Liu and
                  Jialu Liu and
                  Donald Metzler and
                  Xuanhui Wang and
                  Michael Bendersky},
  title        = {Large Language Models are Effective Text Rankers with Pairwise Ranking
                  Prompting},
  booktitle    = {Findings of the Association for Computational Linguistics: {NAACL}
                  2024, Mexico City, Mexico, June 16-21, 2024},
  pages        = {1504--1518},
  publisher    = {Association for Computational Linguistics},
  year         = {2024},
  url          = {https://doi.org/10.18653/v1/2024.findings-naacl.97},
  doi          = {10.18653/V1/2024.FINDINGS-NAACL.97},
  timestamp    = {Thu, 12 Sep 2024 13:29:32 +0200},
  biburl       = {https://dblp.org/rec/conf/naacl/QinJHZWYSLLMWB24.bib},
  bibsource    = {dblp computer science bibliography, https://dblp.org}
}

@article{alpacaeval,
  author       = {Yann Dubois and
                  Bal{\'{a}}zs Galambosi and
                  Percy Liang and
                  Tatsunori B. Hashimoto},
  title        = {Length-Controlled AlpacaEval: {A} Simple Way to Debias Automatic Evaluators},
  journal      = {CoRR},
  volume       = {abs/2404.04475},
  year         = {2024},
  url          = {https://doi.org/10.48550/arXiv.2404.04475},
  doi          = {10.48550/ARXIV.2404.04475},
  eprinttype    = {arXiv},
  eprint       = {2404.04475},
  timestamp    = {Wed, 15 May 2024 08:47:08 +0200},
  biburl       = {https://dblp.org/rec/journals/corr/abs-2404-04475.bib},
  bibsource    = {dblp computer science bibliography, https://dblp.org}
}

@inproceedings{arena,
  author       = {Wei{-}Lin Chiang and
                  Lianmin Zheng and
                  Ying Sheng and
                  Anastasios Nikolas Angelopoulos and
                  Tianle Li and
                  Dacheng Li and
                  Banghua Zhu and
                  Hao Zhang and
                  Michael I. Jordan and
                  Joseph E. Gonzalez and
                  Ion Stoica},
  title        = {Chatbot Arena: An Open Platform for Evaluating LLMs by Human Preference},
  booktitle    = {Forty-first International Conference on Machine Learning, {ICML} 2024,
                  Vienna, Austria, July 21-27, 2024},
  publisher    = {OpenReview.net},
  year         = {2024},
  url          = {https://openreview.net/forum?id=3MW8GKNyzI},
  timestamp    = {Mon, 02 Sep 2024 16:55:26 +0200},
  biburl       = {https://dblp.org/rec/conf/icml/ChiangZ0ALLZ0JG24.bib},
  bibsource    = {dblp computer science bibliography, https://dblp.org}
}

@inproceedings{batcheval,
  author       = {Peiwen Yuan and
                  Shaoxiong Feng and
                  Yiwei Li and
                  Xinglin Wang and
                  Boyuan Pan and
                  Heda Wang and
                  Yao Hu and
                  Kan Li},
  title        = {BatchEval: Towards Human-like Text Evaluation},
  booktitle    = {Proceedings of the 62nd Annual Meeting of the Association for Computational
                  Linguistics (Volume 1: Long Papers), {ACL} 2024, Bangkok, Thailand,
                  August 11-16, 2024},
  pages        = {15940--15958},
  publisher    = {Association for Computational Linguistics},
  year         = {2024},
  url          = {https://aclanthology.org/2024.acl-long.846},
  timestamp    = {Tue, 03 Sep 2024 16:45:47 +0200},
  biburl       = {https://dblp.org/rec/conf/acl/YuanFLWPWH024a.bib},
  bibsource    = {dblp computer science bibliography, https://dblp.org}
}

@article{elo,
  title={The rating of chessplayers: Past and present},
  author={Elo, Arpad E and Sloan, Sam},
  journal={(No Title)},
  year={1978}
}

@article{elo1,
  author       = {Minghao Wu and
                  Alham Fikri Aji},
  title        = {Style Over Substance: Evaluation Biases for Large Language Models},
  journal      = {CoRR},
  volume       = {abs/2307.03025},
  year         = {2023},
  url          = {https://doi.org/10.48550/arXiv.2307.03025},
  doi          = {10.48550/ARXIV.2307.03025},
  eprinttype    = {arXiv},
  eprint       = {2307.03025},
  timestamp    = {Mon, 10 Jul 2023 17:27:00 +0200},
  biburl       = {https://dblp.org/rec/journals/corr/abs-2307-03025.bib},
  bibsource    = {dblp computer science bibliography, https://dblp.org}
}

@article{elo2,
  author       = {Kehua Feng and
                  Keyan Ding and
                  Kede Ma and
                  Zhihua Wang and
                  Qiang Zhang and
                  Huajun Chen},
  title        = {Sample-Efficient Human Evaluation of Large Language Models via Maximum
                  Discrepancy Competition},
  journal      = {CoRR},
  volume       = {abs/2404.08008},
  year         = {2024},
  url          = {https://doi.org/10.48550/arXiv.2404.08008},
  doi          = {10.48550/ARXIV.2404.08008},
  eprinttype    = {arXiv},
  eprint       = {2404.08008},
  timestamp    = {Thu, 18 Jul 2024 08:52:02 +0200},
  biburl       = {https://dblp.org/rec/journals/corr/abs-2404-08008.bib},
  bibsource    = {dblp computer science bibliography, https://dblp.org}
}

@inproceedings{insgpt,
  author       = {Long Ouyang and
                  Jeffrey Wu and
                  Xu Jiang and
                  Diogo Almeida and
                  Carroll L. Wainwright and
                  Pamela Mishkin and
                  Chong Zhang and
                  Sandhini Agarwal and
                  Katarina Slama and
                  Alex Ray and
                  John Schulman and
                  Jacob Hilton and
                  Fraser Kelton and
                  Luke Miller and
                  Maddie Simens and
                  Amanda Askell and
                  Peter Welinder and
                  Paul F. Christiano and
                  Jan Leike and
                  Ryan Lowe},
  title        = {Training language models to follow instructions with human feedback},
  booktitle    = {Advances in Neural Information Processing Systems 35: Annual Conference
                  on Neural Information Processing Systems 2022, NeurIPS 2022, New Orleans,
                  LA, USA, November 28 - December 9, 2022},
  year         = {2022},
  url          = {http://papers.nips.cc/paper\_files/paper/2022/hash/b1efde53be364a73914f58805a001731-Abstract-Conference.html},
  timestamp    = {Mon, 08 Jan 2024 16:31:36 +0100},
  biburl       = {https://dblp.org/rec/conf/nips/Ouyang0JAWMZASR22.bib},
  bibsource    = {dblp computer science bibliography, https://dblp.org}
}

@inproceedings{judging,
  author       = {Lianmin Zheng and
                  Wei{-}Lin Chiang and
                  Ying Sheng and
                  Siyuan Zhuang and
                  Zhanghao Wu and
                  Yonghao Zhuang and
                  Zi Lin and
                  Zhuohan Li and
                  Dacheng Li and
                  Eric P. Xing and
                  Hao Zhang and
                  Joseph E. Gonzalez and
                  Ion Stoica},
  title        = {Judging LLM-as-a-Judge with MT-Bench and Chatbot Arena},
  booktitle    = {Advances in Neural Information Processing Systems 36: Annual Conference
                  on Neural Information Processing Systems 2023, NeurIPS 2023, New Orleans,
                  LA, USA, December 10 - 16, 2023},
  year         = {2023},
  url          = {http://papers.nips.cc/paper\_files/paper/2023/hash/91f18a1287b398d378ef22505bf41832-Abstract-Datasets\_and\_Benchmarks.html},
  timestamp    = {Thu, 04 Jul 2024 21:53:01 +0200},
  biburl       = {https://dblp.org/rec/conf/nips/ZhengC00WZL0LXZ23.bib},
  bibsource    = {dblp computer science bibliography, https://dblp.org}
}

@article{llama2,
  author       = {Hugo Touvron and
                  Louis Martin and
                  Kevin Stone and
                  Peter Albert and
                  Amjad Almahairi and
                  Yasmine Babaei and
                  Nikolay Bashlykov and
                  Soumya Batra and
                  Prajjwal Bhargava and
                  Shruti Bhosale and
                  Dan Bikel and
                  Lukas Blecher and
                  Cristian Canton{-}Ferrer and
                  Moya Chen and
                  Guillem Cucurull and
                  David Esiobu and
                  Jude Fernandes and
                  Jeremy Fu and
                  Wenyin Fu and
                  Brian Fuller and
                  Cynthia Gao and
                  Vedanuj Goswami and
                  Naman Goyal and
                  Anthony Hartshorn and
                  Saghar Hosseini and
                  Rui Hou and
                  Hakan Inan and
                  Marcin Kardas and
                  Viktor Kerkez and
                  Madian Khabsa and
                  Isabel Kloumann and
                  Artem Korenev and
                  Punit Singh Koura and
                  Marie{-}Anne Lachaux and
                  Thibaut Lavril and
                  Jenya Lee and
                  Diana Liskovich and
                  Yinghai Lu and
                  Yuning Mao and
                  Xavier Martinet and
                  Todor Mihaylov and
                  Pushkar Mishra and
                  Igor Molybog and
                  Yixin Nie and
                  Andrew Poulton and
                  Jeremy Reizenstein and
                  Rashi Rungta and
                  Kalyan Saladi and
                  Alan Schelten and
                  Ruan Silva and
                  Eric Michael Smith and
                  Ranjan Subramanian and
                  Xiaoqing Ellen Tan and
                  Binh Tang and
                  Ross Taylor and
                  Adina Williams and
                  Jian Xiang Kuan and
                  Puxin Xu and
                  Zheng Yan and
                  Iliyan Zarov and
                  Yuchen Zhang and
                  Angela Fan and
                  Melanie Kambadur and
                  Sharan Narang and
                  Aur{\'{e}}lien Rodriguez and
                  Robert Stojnic and
                  Sergey Edunov and
                  Thomas Scialom},
  title        = {Llama 2: Open Foundation and Fine-Tuned Chat Models},
  journal      = {CoRR},
  volume       = {abs/2307.09288},
  year         = {2023},
  url          = {https://doi.org/10.48550/arXiv.2307.09288},
  doi          = {10.48550/ARXIV.2307.09288},
  eprinttype    = {arXiv},
  eprint       = {2307.09288},
  timestamp    = {Mon, 28 Aug 2023 21:26:22 +0200},
  biburl       = {https://dblp.org/rec/journals/corr/abs-2307-09288.bib},
  bibsource    = {dblp computer science bibliography, https://dblp.org}
}

