@inproceedings{allpair,
  author       = {Zhen Qin and
                  Rolf Jagerman and
                  Kai Hui and
                  Honglei Zhuang and
                  Junru Wu and
                  Le Yan and
                  Jiaming Shen and
                  Tianqi Liu and
                  Jialu Liu and
                  Donald Metzler and
                  Xuanhui Wang and
                  Michael Bendersky},
  title        = {Large Language Models are Effective Text Rankers with Pairwise Ranking
                  Prompting},
  booktitle    = {Findings of the Association for Computational Linguistics: {NAACL}
                  2024, Mexico City, Mexico, June 16-21, 2024},
  pages        = {1504--1518},
  publisher    = {Association for Computational Linguistics},
  year         = {2024},
  url          = {https://doi.org/10.18653/v1/2024.findings-naacl.97},
  doi          = {10.18653/V1/2024.FINDINGS-NAACL.97},
  timestamp    = {Thu, 12 Sep 2024 13:29:32 +0200},
  biburl       = {https://dblp.org/rec/conf/naacl/QinJHZWYSLLMWB24.bib},
  bibsource    = {dblp computer science bibliography, https://dblp.org}
}

@article{alpacaeval,
  author       = {Yann Dubois and
                  Bal{\'{a}}zs Galambosi and
                  Percy Liang and
                  Tatsunori B. Hashimoto},
  title        = {Length-Controlled AlpacaEval: {A} Simple Way to Debias Automatic Evaluators},
  journal      = {CoRR},
  volume       = {abs/2404.04475},
  year         = {2024},
  url          = {https://doi.org/10.48550/arXiv.2404.04475},
  doi          = {10.48550/ARXIV.2404.04475},
  eprinttype    = {arXiv},
  eprint       = {2404.04475},
  timestamp    = {Wed, 15 May 2024 08:47:08 +0200},
  biburl       = {https://dblp.org/rec/journals/corr/abs-2404-04475.bib},
  bibsource    = {dblp computer science bibliography, https://dblp.org}
}

@inproceedings{arena,
  author       = {Wei{-}Lin Chiang and
                  Lianmin Zheng and
                  Ying Sheng and
                  Anastasios Nikolas Angelopoulos and
                  Tianle Li and
                  Dacheng Li and
                  Banghua Zhu and
                  Hao Zhang and
                  Michael I. Jordan and
                  Joseph E. Gonzalez and
                  Ion Stoica},
  title        = {Chatbot Arena: An Open Platform for Evaluating LLMs by Human Preference},
  booktitle    = {Forty-first International Conference on Machine Learning, {ICML} 2024,
                  Vienna, Austria, July 21-27, 2024},
  publisher    = {OpenReview.net},
  year         = {2024},
  url          = {https://openreview.net/forum?id=3MW8GKNyzI},
  timestamp    = {Mon, 02 Sep 2024 16:55:26 +0200},
  biburl       = {https://dblp.org/rec/conf/icml/ChiangZ0ALLZ0JG24.bib},
  bibsource    = {dblp computer science bibliography, https://dblp.org}
}

@inproceedings{judging,
  author       = {Lianmin Zheng and
                  Wei{-}Lin Chiang and
                  Ying Sheng and
                  Siyuan Zhuang and
                  Zhanghao Wu and
                  Yonghao Zhuang and
                  Zi Lin and
                  Zhuohan Li and
                  Dacheng Li and
                  Eric P. Xing and
                  Hao Zhang and
                  Joseph E. Gonzalez and
                  Ion Stoica},
  title        = {Judging LLM-as-a-Judge with MT-Bench and Chatbot Arena},
  booktitle    = {Advances in Neural Information Processing Systems 36: Annual Conference
                  on Neural Information Processing Systems 2023, NeurIPS 2023, New Orleans,
                  LA, USA, December 10 - 16, 2023},
  year         = {2023},
  url          = {http://papers.nips.cc/paper\_files/paper/2023/hash/91f18a1287b398d378ef22505bf41832-Abstract-Datasets\_and\_Benchmarks.html},
  timestamp    = {Thu, 04 Jul 2024 21:53:01 +0200},
  biburl       = {https://dblp.org/rec/conf/nips/ZhengC00WZL0LXZ23.bib},
  bibsource    = {dblp computer science bibliography, https://dblp.org}
}

@article{role,
  author       = {Yinhong Liu and
                  Han Zhou and
                  Zhijiang Guo and
                  Ehsan Shareghi and
                  Ivan Vulic and
                  Anna Korhonen and
                  Nigel Collier},
  title        = {Aligning with Human Judgement: The Role of Pairwise Preference in
                  Large Language Model Evaluators},
  journal      = {CoRR},
  volume       = {abs/2403.16950},
  year         = {2024},
  url          = {https://doi.org/10.48550/arXiv.2403.16950},
  doi          = {10.48550/ARXIV.2403.16950},
  eprinttype    = {arXiv},
  eprint       = {2403.16950},
  timestamp    = {Tue, 09 Apr 2024 15:12:39 +0200},
  biburl       = {https://dblp.org/rec/journals/corr/abs-2403-16950.bib},
  bibsource    = {dblp computer science bibliography, https://dblp.org}
}

@article{speeding,
  author       = {Jin Peng Zhou and
                  Christian K. Belardi and
                  Ruihan Wu and
                  Travis Zhang and
                  Carla P. Gomes and
                  Wen Sun and
                  Kilian Q. Weinberger},
  title        = {On Speeding Up Language Model Evaluation},
  journal      = {CoRR},
  volume       = {abs/2407.06172},
  year         = {2024},
  url          = {https://doi.org/10.48550/arXiv.2407.06172},
  doi          = {10.48550/ARXIV.2407.06172},
  eprinttype    = {arXiv},
  eprint       = {2407.06172},
  timestamp    = {Mon, 12 Aug 2024 20:53:51 +0200},
  biburl       = {https://dblp.org/rec/journals/corr/abs-2407-06172.bib},
  bibsource    = {dblp computer science bibliography, https://dblp.org}
}

@inproceedings{safe,
  author       = {Jiaming Ji and
                  Mickel Liu and
                  Josef Dai and
                  Xuehai Pan and
                  Chi Zhang and
                  Ce Bian and
                  Boyuan Chen and
                  Ruiyang Sun and
                  Yizhou Wang and
                  Yaodong Yang},
  title        = {BeaverTails: Towards Improved Safety Alignment of {LLM} via a Human-Preference
                  Dataset},
  booktitle    = {Advances in Neural Information Processing Systems 36: Annual Conference
                  on Neural Information Processing Systems 2023, NeurIPS 2023, New Orleans,
                  LA, USA, December 10 - 16, 2023},
  year         = {2023},
  url          = {http://papers.nips.cc/paper\_files/paper/2023/hash/4dbb61cb68671edc4ca3712d70083b9f-Abstract-Datasets\_and\_Benchmarks.html},
  timestamp    = {Mon, 29 Jul 2024 16:18:15 +0200},
  biburl       = {https://dblp.org/rec/conf/nips/JiLDPZB0SW023.bib},
  bibsource    = {dblp computer science bibliography, https://dblp.org}
}

@article{survey,
  author       = {Ruili Jiang and
                  Kehai Chen and
                  Xuefeng Bai and
                  Zhixuan He and
                  Juntao Li and
                  Muyun Yang and
                  Tiejun Zhao and
                  Liqiang Nie and
                  Min Zhang},
  title        = {A Survey on Human Preference Learning for Large Language Models},
  journal      = {CoRR},
  volume       = {abs/2406.11191},
  year         = {2024},
  url          = {https://doi.org/10.48550/arXiv.2406.11191},
  doi          = {10.48550/ARXIV.2406.11191},
  eprinttype    = {arXiv},
  eprint       = {2406.11191},
  timestamp    = {Thu, 18 Jul 2024 15:01:26 +0200},
  biburl       = {https://dblp.org/rec/journals/corr/abs-2406-11191.bib},
  bibsource    = {dblp computer science bibliography, https://dblp.org}
}

@article{ultra,
  author       = {Ganqu Cui and
                  Lifan Yuan and
                  Ning Ding and
                  Guanming Yao and
                  Wei Zhu and
                  Yuan Ni and
                  Guotong Xie and
                  Zhiyuan Liu and
                  Maosong Sun},
  title        = {UltraFeedback: Boosting Language Models with High-quality Feedback},
  journal      = {CoRR},
  volume       = {abs/2310.01377},
  year         = {2023},
  url          = {https://doi.org/10.48550/arXiv.2310.01377},
  doi          = {10.48550/ARXIV.2310.01377},
  eprinttype    = {arXiv},
  eprint       = {2310.01377},
  timestamp    = {Sun, 04 Aug 2024 19:46:09 +0200},
  biburl       = {https://dblp.org/rec/journals/corr/abs-2310-01377.bib},
  bibsource    = {dblp computer science bibliography, https://dblp.org}
}

@article{pointwise,
  author       = {Tianchi Cai and
                  Xierui Song and
                  Jiyan Jiang and
                  Fei Teng and
                  Jinjie Gu and
                  Guannan Zhang},
  title        = {{ULMA:} Unified Language Model Alignment with Demonstration and Point-wise
                  Human Preference},
  journal      = {CoRR},
  volume       = {abs/2312.02554},
  year         = {2023},
  url          = {https://doi.org/10.48550/arXiv.2312.02554},
  doi          = {10.48550/ARXIV.2312.02554},
  eprinttype    = {arXiv},
  eprint       = {2312.02554},
  timestamp    = {Wed, 13 Dec 2023 14:37:56 +0100},
  biburl       = {https://dblp.org/rec/journals/corr/abs-2312-02554.bib},
  bibsource    = {dblp computer science bibliography, https://dblp.org}
}

@inproceedings{geval,
  author       = {Yang Liu and
                  Dan Iter and
                  Yichong Xu and
                  Shuohang Wang and
                  Ruochen Xu and
                  Chenguang Zhu},
  title        = {G-Eval: {NLG} Evaluation using Gpt-4 with Better Human Alignment},
  booktitle    = {Proceedings of the 2023 Conference on Empirical Methods in Natural
                  Language Processing, {EMNLP} 2023, Singapore, December 6-10, 2023},
  pages        = {2511--2522},
  publisher    = {Association for Computational Linguistics},
  year         = {2023},
  url          = {https://doi.org/10.18653/v1/2023.emnlp-main.153},
  doi          = {10.18653/V1/2023.EMNLP-MAIN.153},
  timestamp    = {Fri, 12 Apr 2024 13:11:55 +0200},
  biburl       = {https://dblp.org/rec/conf/emnlp/LiuIXWXZ23.bib},
  bibsource    = {dblp computer science bibliography, https://dblp.org}
}

@article{BT,
  title={Rank analysis of incomplete block designs: I. The method of paired comparisons},
  author={Bradley, Ralph Allan and Terry, Milton E},
  journal={Biometrika},
  volume={39},
  number={3/4},
  pages={324--345},
  year={1952},
  publisher={JSTOR}
}

@article{elo,
  title={The rating of chessplayers: Past and present},
  author={Elo, Arpad E and Sloan, Sam},
  journal={(No Title)},
  year={1978}
}

@article{llama2,
  author       = {Hugo Touvron and
                  Louis Martin and
                  Kevin Stone and
                  Peter Albert and
                  Amjad Almahairi and
                  Yasmine Babaei and
                  Nikolay Bashlykov and
                  Soumya Batra and
                  Prajjwal Bhargava and
                  Shruti Bhosale and
                  Dan Bikel and
                  Lukas Blecher and
                  Cristian Canton{-}Ferrer and
                  Moya Chen and
                  Guillem Cucurull and
                  David Esiobu and
                  Jude Fernandes and
                  Jeremy Fu and
                  Wenyin Fu and
                  Brian Fuller and
                  Cynthia Gao and
                  Vedanuj Goswami and
                  Naman Goyal and
                  Anthony Hartshorn and
                  Saghar Hosseini and
                  Rui Hou and
                  Hakan Inan and
                  Marcin Kardas and
                  Viktor Kerkez and
                  Madian Khabsa and
                  Isabel Kloumann and
                  Artem Korenev and
                  Punit Singh Koura and
                  Marie{-}Anne Lachaux and
                  Thibaut Lavril and
                  Jenya Lee and
                  Diana Liskovich and
                  Yinghai Lu and
                  Yuning Mao and
                  Xavier Martinet and
                  Todor Mihaylov and
                  Pushkar Mishra and
                  Igor Molybog and
                  Yixin Nie and
                  Andrew Poulton and
                  Jeremy Reizenstein and
                  Rashi Rungta and
                  Kalyan Saladi and
                  Alan Schelten and
                  Ruan Silva and
                  Eric Michael Smith and
                  Ranjan Subramanian and
                  Xiaoqing Ellen Tan and
                  Binh Tang and
                  Ross Taylor and
                  Adina Williams and
                  Jian Xiang Kuan and
                  Puxin Xu and
                  Zheng Yan and
                  Iliyan Zarov and
                  Yuchen Zhang and
                  Angela Fan and
                  Melanie Kambadur and
                  Sharan Narang and
                  Aur{\'{e}}lien Rodriguez and
                  Robert Stojnic and
                  Sergey Edunov and
                  Thomas Scialom},
  title        = {Llama 2: Open Foundation and Fine-Tuned Chat Models},
  journal      = {CoRR},
  volume       = {abs/2307.09288},
  year         = {2023},
  url          = {https://doi.org/10.48550/arXiv.2307.09288},
  doi          = {10.48550/ARXIV.2307.09288},
  eprinttype    = {arXiv},
  eprint       = {2307.09288},
  timestamp    = {Mon, 28 Aug 2023 21:26:22 +0200},
  biburl       = {https://dblp.org/rec/journals/corr/abs-2307-09288.bib},
  bibsource    = {dblp computer science bibliography, https://dblp.org}
}

@inproceedings{insgpt,
  author       = {Long Ouyang and
                  Jeffrey Wu and
                  Xu Jiang and
                  Diogo Almeida and
                  Carroll L. Wainwright and
                  Pamela Mishkin and
                  Chong Zhang and
                  Sandhini Agarwal and
                  Katarina Slama and
                  Alex Ray and
                  John Schulman and
                  Jacob Hilton and
                  Fraser Kelton and
                  Luke Miller and
                  Maddie Simens and
                  Amanda Askell and
                  Peter Welinder and
                  Paul F. Christiano and
                  Jan Leike and
                  Ryan Lowe},
  title        = {Training language models to follow instructions with human feedback},
  booktitle    = {Advances in Neural Information Processing Systems 35: Annual Conference
                  on Neural Information Processing Systems 2022, NeurIPS 2022, New Orleans,
                  LA, USA, November 28 - December 9, 2022},
  year         = {2022},
  url          = {http://papers.nips.cc/paper\_files/paper/2022/hash/b1efde53be364a73914f58805a001731-Abstract-Conference.html},
  timestamp    = {Mon, 08 Jan 2024 16:31:36 +0100},
  biburl       = {https://dblp.org/rec/conf/nips/Ouyang0JAWMZASR22.bib},
  bibsource    = {dblp computer science bibliography, https://dblp.org}
}

@inproceedings{batcheval,
  author       = {Peiwen Yuan and
                  Shaoxiong Feng and
                  Yiwei Li and
                  Xinglin Wang and
                  Boyuan Pan and
                  Heda Wang and
                  Yao Hu and
                  Kan Li},
  title        = {BatchEval: Towards Human-like Text Evaluation},
  booktitle    = {Proceedings of the 62nd Annual Meeting of the Association for Computational
                  Linguistics (Volume 1: Long Papers), {ACL} 2024, Bangkok, Thailand,
                  August 11-16, 2024},
  pages        = {15940--15958},
  publisher    = {Association for Computational Linguistics},
  year         = {2024},
  url          = {https://aclanthology.org/2024.acl-long.846},
  timestamp    = {Tue, 03 Sep 2024 16:45:47 +0200},
  biburl       = {https://dblp.org/rec/conf/acl/YuanFLWPWH024a.bib},
  bibsource    = {dblp computer science bibliography, https://dblp.org}
}

@article{elo1,
  author       = {Minghao Wu and
                  Alham Fikri Aji},
  title        = {Style Over Substance: Evaluation Biases for Large Language Models},
  journal      = {CoRR},
  volume       = {abs/2307.03025},
  year         = {2023},
  url          = {https://doi.org/10.48550/arXiv.2307.03025},
  doi          = {10.48550/ARXIV.2307.03025},
  eprinttype    = {arXiv},
  eprint       = {2307.03025},
  timestamp    = {Mon, 10 Jul 2023 17:27:00 +0200},
  biburl       = {https://dblp.org/rec/journals/corr/abs-2307-03025.bib},
  bibsource    = {dblp computer science bibliography, https://dblp.org}
}

@article{elo2,
  author       = {Kehua Feng and
                  Keyan Ding and
                  Kede Ma and
                  Zhihua Wang and
                  Qiang Zhang and
                  Huajun Chen},
  title        = {Sample-Efficient Human Evaluation of Large Language Models via Maximum
                  Discrepancy Competition},
  journal      = {CoRR},
  volume       = {abs/2404.08008},
  year         = {2024},
  url          = {https://doi.org/10.48550/arXiv.2404.08008},
  doi          = {10.48550/ARXIV.2404.08008},
  eprinttype    = {arXiv},
  eprint       = {2404.08008},
  timestamp    = {Thu, 18 Jul 2024 08:52:02 +0200},
  biburl       = {https://dblp.org/rec/journals/corr/abs-2404-08008.bib},
  bibsource    = {dblp computer science bibliography, https://dblp.org}
}

@inproceedings{BTapp,
  author       = {Julien Fageot and
                  Sadegh Farhadkhani and
                  L{\^{e}}{-}Nguy{\^{e}}n Hoang and
                  Oscar Villemaud},
  title        = {Generalized Bradley-Terry Models for Score Estimation from Paired
                  Comparisons},
  booktitle    = {Thirty-Eighth {AAAI} Conference on Artificial Intelligence, {AAAI}
                  2024, Thirty-Sixth Conference on Innovative Applications of Artificial
                  Intelligence, {IAAI} 2024, Fourteenth Symposium on Educational Advances
                  in Artificial Intelligence, {EAAI} 2014, February 20-27, 2024, Vancouver,
                  Canada},
  pages        = {20379--20386},
  publisher    = {{AAAI} Press},
  year         = {2024},
  url          = {https://doi.org/10.1609/aaai.v38i18.30020},
  doi          = {10.1609/AAAI.V38I18.30020},
  timestamp    = {Tue, 02 Apr 2024 16:32:09 +0200},
  biburl       = {https://dblp.org/rec/conf/aaai/FageotFHV24.bib},
  bibsource    = {dblp computer science bibliography, https://dblp.org}
}


@article{evalsurvey,
  author       = {Yupeng Chang and
                  Xu Wang and
                  Jindong Wang and
                  Yuan Wu and
                  Linyi Yang and
                  Kaijie Zhu and
                  Hao Chen and
                  Xiaoyuan Yi and
                  Cunxiang Wang and
                  Yidong Wang and
                  Wei Ye and
                  Yue Zhang and
                  Yi Chang and
                  Philip S. Yu and
                  Qiang Yang and
                  Xing Xie},
  title        = {A Survey on Evaluation of Large Language Models},
  journal      = {{ACM} Trans. Intell. Syst. Technol.},
  volume       = {15},
  number       = {3},
  pages        = {39:1--39:45},
  year         = {2024},
  url          = {https://doi.org/10.1145/3641289},
  doi          = {10.1145/3641289},
  timestamp    = {Thu, 25 Jul 2024 07:47:43 +0200},
  biburl       = {https://dblp.org/rec/journals/tist/ChangWWWYZCYWWYZCYYX24.bib},
  bibsource    = {dblp computer science bibliography, https://dblp.org}
}

@article{samplebias1,
  title={Machine learning algorithm validation with a limited sample size},
  author={Vabalas, Andrius and Gowen, Emma and Poliakoff, Ellen and Casson, Alexander J},
  journal={PloS one},
  volume={14},
  number={11},
  pages={e0224365},
  year={2019},
  publisher={Public Library of Science San Francisco, CA USA}
}

@inproceedings{samplebias2,
  author       = {Jannik Kossen and
                  Sebastian Farquhar and
                  Yarin Gal and
                  Tom Rainforth},
  title        = {Active Testing: Sample-Efficient Model Evaluation},
  booktitle    = {Proceedings of the 38th International Conference on Machine Learning,
                  {ICML} 2021, 18-24 July 2021, Virtual Event},
  series       = {Proceedings of Machine Learning Research},
  volume       = {139},
  pages        = {5753--5763},
  publisher    = {{PMLR}},
  year         = {2021},
  url          = {http://proceedings.mlr.press/v139/kossen21a.html},
  timestamp    = {Wed, 25 Aug 2021 17:11:17 +0200},
  biburl       = {https://dblp.org/rec/conf/icml/KossenFGR21.bib},
  bibsource    = {dblp computer science bibliography, https://dblp.org}
}

@misc{4o,
  author = {OpenAI},
  title = {Hello GPT-4o},
  howpublished = {\url{https://openai.com/index/hello-gpt-4o/}},
  year = {2024},
  note = {Accessed: 2024-05-26}
}

@inproceedings{paireval,
  author       = {Tsegaye Misikir Tashu and
                  Tom{\'{a}}s Horv{\'{a}}th},
  title        = {Pair-Wise: Automatic Essay Evaluation using Word Mover's Distance},
  booktitle    = {Proceedings of the 10th International Conference on Computer Supported
                  Education, {CSEDU} 2018, Funchal, Madeira, Portugal, March 15-17,
                  2018, Volume 1},
  pages        = {59--66},
  publisher    = {SciTePress},
  year         = {2018},
  url          = {https://doi.org/10.5220/0006679200590066},
  doi          = {10.5220/0006679200590066},
  timestamp    = {Tue, 07 May 2024 20:05:44 +0200},
  biburl       = {https://dblp.org/rec/conf/csedu/TashuH18.bib},
  bibsource    = {dblp computer science bibliography, https://dblp.org}
}

@article{eloun,
  author       = {Meriem Boubdir and
                  Edward Kim and
                  Beyza Ermis and
                  Sara Hooker and
                  Marzieh Fadaee},
  title        = {Elo Uncovered: Robustness and Best Practices in Language Model Evaluation},
  journal      = {CoRR},
  volume       = {abs/2311.17295},
  year         = {2023},
  url          = {https://doi.org/10.48550/arXiv.2311.17295},
  doi          = {10.48550/ARXIV.2311.17295},
  eprinttype    = {arXiv},
  eprint       = {2311.17295},
  timestamp    = {Tue, 05 Dec 2023 14:40:42 +0100},
  biburl       = {https://dblp.org/rec/journals/corr/abs-2311-17295.bib},
  bibsource    = {dblp computer science bibliography, https://dblp.org}
}

@article{listwise,
  author       = {Tianqi Liu and
                  Zhen Qin and
                  Junru Wu and
                  Jiaming Shen and
                  Misha Khalman and
                  Rishabh Joshi and
                  Yao Zhao and
                  Mohammad Saleh and
                  Simon Baumgartner and
                  Jialu Liu and
                  Peter J. Liu and
                  Xuanhui Wang},
  title        = {LiPO: Listwise Preference Optimization through Learning-to-Rank},
  journal      = {CoRR},
  volume       = {abs/2402.01878},
  year         = {2024},
  url          = {https://doi.org/10.48550/arXiv.2402.01878},
  doi          = {10.48550/ARXIV.2402.01878},
  eprinttype    = {arXiv},
  eprint       = {2402.01878},
  timestamp    = {Tue, 23 Jul 2024 08:23:08 +0200},
  biburl       = {https://dblp.org/rec/journals/corr/abs-2402-01878.bib},
  bibsource    = {dblp computer science bibliography, https://dblp.org}
}

@article{scalable,
  author       = {Steffi Chern and
                  Ethan Chern and
                  Graham Neubig and
                  Pengfei Liu},
  title        = {Can Large Language Models be Trusted for Evaluation? Scalable Meta-Evaluation
                  of LLMs as Evaluators via Agent Debate},
  journal      = {CoRR},
  volume       = {abs/2401.16788},
  year         = {2024},
  url          = {https://doi.org/10.48550/arXiv.2401.16788},
  doi          = {10.48550/ARXIV.2401.16788},
  eprinttype    = {arXiv},
  eprint       = {2401.16788},
  timestamp    = {Tue, 06 Feb 2024 14:15:49 +0100},
  biburl       = {https://dblp.org/rec/journals/corr/abs-2401-16788.bib},
  bibsource    = {dblp computer science bibliography, https://dblp.org}
}

@inproceedings{samplebias3,
  author       = {Sebastian Farquhar and
                  Yarin Gal and
                  Tom Rainforth},
  title        = {On Statistical Bias In Active Learning: How and When to Fix It},
  booktitle    = {9th International Conference on Learning Representations, {ICLR} 2021,
                  Virtual Event, Austria, May 3-7, 2021},
  publisher    = {OpenReview.net},
  year         = {2021},
  url          = {https://openreview.net/forum?id=JiYq3eqTKY},
  timestamp    = {Wed, 23 Jun 2021 17:36:39 +0200},
  biburl       = {https://dblp.org/rec/conf/iclr/FarquharGR21.bib},
  bibsource    = {dblp computer science bibliography, https://dblp.org}
}

@inproceedings{tiny,
  author       = {Felipe Maia Polo and
                  Lucas Weber and
                  Leshem Choshen and
                  Yuekai Sun and
                  Gongjun Xu and
                  Mikhail Yurochkin},
  title        = {tinyBenchmarks: evaluating LLMs with fewer examples},
  booktitle    = {Forty-first International Conference on Machine Learning, {ICML} 2024,
                  Vienna, Austria, July 21-27, 2024},
  publisher    = {OpenReview.net},
  year         = {2024},
  url          = {https://openreview.net/forum?id=qAml3FpfhG},
  timestamp    = {Mon, 02 Sep 2024 16:55:26 +0200},
  biburl       = {https://dblp.org/rec/conf/icml/PoloWCSXY24.bib},
  bibsource    = {dblp computer science bibliography, https://dblp.org}
}

@inproceedings{AP,
  author       = {Rajan Vivek and
                  Kawin Ethayarajh and
                  Diyi Yang and
                  Douwe Kiela},
  title        = {Anchor Points: Benchmarking Models with Much Fewer Examples},
  booktitle    = {Proceedings of the 18th Conference of the European Chapter of the
                  Association for Computational Linguistics, {EACL} 2024 - Volume 1:
                  Long Papers, St. Julian's, Malta, March 17-22, 2024},
  pages        = {1576--1601},
  publisher    = {Association for Computational Linguistics},
  year         = {2024},
  url          = {https://aclanthology.org/2024.eacl-long.95},
  timestamp    = {Tue, 02 Apr 2024 16:32:10 +0200},
  biburl       = {https://dblp.org/rec/conf/eacl/VivekEYK24.bib},
  bibsource    = {dblp computer science bibliography, https://dblp.org}
}

@book{irt,
  title={Statistical theories of mental test scores},
  author={Lord, Frederic M and Novick, Melvin R},
  year={2008},
  publisher={IAP}
}