%% Journal article
@article{bib1,
  author		= "Campbell, S. L. and Gear, C. W.",
  title			= "The index of general nonlinear {D}{A}{E}{S}",
  journal		= "Numer. {M}ath.",
  volume		= "72",
  number		= "2",
  pages			= "173--196",
  year			= "1995"
}

@article{seelandt2014assessing,
  title={Assessing distractors and teamwork during surgery: developing an event-based method for direct observation},
  author={Seelandt, Julia C and Tschan, Franziska and Keller, Sandra and Beldi, Guido and Jenni, Nadja and Kurmann, Anita and Candinas, Daniel and Semmer, Norbert K},
  journal={BMJ quality \& safety},
  volume={23},
  number={11},
  pages={918--929},
  year={2014},
  publisher={BMJ Publishing Group Ltd},
  doi = {10.1136/bmjqs-2014-002860}
}

@article{tschan2015impact,
  title={Impact of case-relevant and case-irrelevant communication within the surgical team on surgical-site infection},
  author={Tschan, Franziska and Seelandt, JC and Keller, S and Semmer, Norbert Karl and Kurmann, A and Candinas, D and Beldi, G},
  journal={Journal of British Surgery},
  volume={102},
  number={13},
  pages={1718--1725},
  year={2015},
  publisher={Oxford University Press}
}

@article{beldi2009impact,
  title={Impact of intraoperative behavior on surgical site infections},
  author={Beldi, Guido and Bisch-Knaden, Sonja and Banz, Vanessa and M{\"u}hlemann, Kathrin and Candinas, Daniel},
  journal={The American Journal of Surgery},
  volume={198},
  number={2},
  pages={157--162},
  year={2009},
  publisher={Elsevier},
  doi = {10.1016/j.amjsurg.2008.09.023}
}

%% Journal article with DOI
@article{bib2,
  author		= "Slifka, M. K. and Whitton, J. L.",
  title			= "Clinical implications of dysregulated cytokine production",
  journal		= "J. {M}ol. {M}ed.",
  volume		= "78",
  pages			= "74--80",
  year			= "2000",
  doi			= "10.1007/s001090000086"
}

%% Journal article
@article{bib3,
  author		= "Hamburger, C.",
  title			= "Quasimonotonicity, regularity and duality for nonlinear systems of 
					partial differential equations",
  journal		= "Ann. Mat. Pura. Appl.",
  volume		= "169",
  number		= "2",
  pages			= "321--354",
  year			= "1995"
}

%% book, authored
@book{bib4,
  author		= "Geddes, K. O. and Czapor, S. R. and Labahn, G.",
  title			= "Algorithms for {C}omputer {A}lgebra",
  address		= "Boston",
  publisher		= "Kluwer",
  year			= "1992"
}

%% Item 8. Book, chapter
@incollection{bib5,
  author		= "Broy, M.",
  title			= "Software engineering---from auxiliary to key technologies",
  editor		= "Broy, M. and Denert, E.",
  booktitle		= "Software Pioneers",
  pages			= "10--13",
  address		= "New {Y}ork",
  publisher		= "Springer",
  year			= "1992"
}

%% Book, edited
@book{bib6,
  editor		= "Seymour, R. S.",
  title			= "Conductive {P}olymers",
  address		= "New {Y}ork",
  publisher		= "Plenum",
  year			= "1981"
}

%% Chapter in a book in a series with volume titles
@inproceedings{bib7,
  author		= "Smith, S. E.",
  title			= "Neuromuscular blocking drugs in man",
  editor		= "Zaimis, E.",
  volume		= "42",
  booktitle		= "Neuromuscular junction. {H}andbook of experimental pharmacology",
  pages			= "593--660",
  address		= "Heidelberg",
  publisher		= "Springer",
  year			= "1976"
}

%% Paper presented at a conference
@misc{bib8,
  author		= "Chung, S. T. and Morris, R. L.",
  title			= "Isolation and characterization of plasmid deoxyribonucleic acid from 
					Streptomyces fradiae",
  year			= "1978",
  note			= "Paper presented at the 3rd international symposium on the genetics 
					of industrial microorganisms, University of {W}isconsin, {M}adison, 
					4--9 June 1978"
}

%% Data citation example
@misc{bib9,
  author		= "Hao, Z. and AghaKouchak, A. and Nakhjiri, N. and Farahmand, A.",
  title			= "Global integrated drought monitoring and prediction system (GIDMaPS) data sets", 
  year			= "2014",
  note			= "figshare \url{https://doi.org/10.6084/m9.figshare.853801}"
}

%% Preprint citation example
@misc{bib10, 
  author		= "Babichev, S. A. and Ries, J. and Lvovsky, A. I.",
  title			= "Quantum scissors: teleportation of single-mode optical states by means 
					of a nonlocal single photon", 
  year			= "2002",
  note			= "Preprint at \url{https://arxiv.org/abs/quant-ph/0208066v1}"
}

@article{bib11,
  author		= "Beneke, M. and Buchalla, G. and Dunietz, I.",
  title			= "Mixing induced {CP} asymmetries in inclusive {B} decays",
  journal		= "Phys. {L}ett.",
  volume		= "B393",
  year			= "1997",
  pages			= "132-142",
  archivePrefix		= "arXiv",
  eprint		= "0707.3168",
  primaryClass		= "gr-gc"
}

@softmisc{bib12,
  author		= "Stahl, B.",
  title			= "deep{SIP}: deep learning of {S}upernova {I}a {P}arameters",
  version		= "0.42",
  keywords		= "Software",
  howpublished		= "Astrophysics {S}ource {C}ode {L}ibrary",
  year			= "2020",
  month			= "Jun",
  eid			= "ascl:2006.023",
  pages			= "ascl:2006.023",
  archivePrefix		= "ascl",
  eprint		= "2006.023",
  adsurl		= "{https://ui.adsabs.harvard.edu/abs/2020ascl.soft06023S}",
  adsnote		= "Provided by the SAO/NASA Astrophysics Data System"
}

@article{bib13,
  author = "Abbott, T. M. C. and others",
  collaboration = "DES",
  title = "{Dark Energy Survey Year 1 Results: Constraints on Extended Cosmological Models from Galaxy Clustering and Weak Lensing}",
  eprint = "1810.02499",
  archivePrefix = "arXiv",
  primaryClass = "astro-ph.CO",
  reportNumber = "FERMILAB-PUB-18-507-PPD",
  doi = "10.1103/PhysRevD.99.123505",
  journal = "Phys. Rev. D",
  volume = "99",
  number = "12",
  pages = "123505",
  year = "2019"
}

%%============================================================================%%
%% while using chicago reference style, both abbreviated and expanded form of %%
%% author name format is acceptable. Refer below example for expanded form    %%
%%============================================================================%%

%%  author		= "{Cameron, Deborah}", - single author
%%  author		= "{Saito, Yukio} and {Hyuga, Hiroyuki}", - double author 

%%======================================%%
%% Example for author names with suffix %%
%%======================================%%

%%  author		= "{Price, R. A. Jr} and {Curry, N. {III}} and McCann, K. E. and 
%%					Fielding, J. L. and {Abercrombie, E. Jr}",

@article{padoy2019machine,
  title={Machine and deep learning for workflow recognition during surgery},
  author={Padoy, Nicolas},
  journal={Minimally Invasive Therapy \& Allied Technologies},
  volume={28},
  number={2},
  pages={82--90},
  year={2019},
  publisher={Taylor \& Francis},
  doi = {10.1080/13645706.2019.1584116}
}

@article{mascagni2021or,
  title={OR black box and surgical control tower: recording and streaming data and analytics to improve surgical care},
  author={Mascagni, Pietro and Padoy, Nicolas},
  journal={Journal of Visceral Surgery},
  volume={158},
  number={3},
  pages={S18--S25},
  year={2021},
  publisher={Elsevier},
  doi = {10.1016/j.jviscsurg.2021.01.004}
}

@article{kurmann2014impact,
  title={Impact of team familiarity in the operating room on surgical complications},
  author={Kurmann, Anita and Keller, S and Tschan-Semmer, F and Seelandt, J and Semmer, Norbert Karl and Candinas, Daniel and Beldi, Guido},
  journal={World journal of surgery},
  volume={38},
  pages={3047--3052},
  year={2014},
  publisher={Springer},
  doi = {10.1007/s00268-014-2680-2}
}

@article{srivastav2022unsupervised,
  title={Unsupervised domain adaptation for clinician pose estimation and instance segmentation in the operating room},
  author={Srivastav, Vinkle and Gangi, Afshin and Padoy, Nicolas},
  journal={Medical image analysis},
  volume={80},
  pages={102525},
  year={2022},
  publisher={Elsevier},
  doi={10.1016/j.media.2022.102525}
}

@InProceedings{srivastav2018mvor,
  title      = "MVOR: A Multi-view RGB-D Operating Room Dataset for 2D and 3D Human Pose Estimation",
  author     = "Srivastav, Vinkle and Issenhuth, Thibaut and Kadkhodamohammadi Abdolrahim and de Mathelin, Michel and Gangi, Afshin and Padoy, Nicolas",
  conference = "MICCAI-LABELS",
  year       = "2018",
  doi = {10.48550/arXiv.1808.08180},
}

@inproceedings{ozsoy20224d,
  title={4d-or: Semantic scene graphs for or domain modeling},
  author={{\"O}zsoy, Ege and {\"O}rnek, Evin P{\i}nar and Eck, Ulrich and Czempiel, Tobias and Tombari, Federico and Navab, Nassir},
  booktitle={International Conference on Medical Image Computing and Computer-Assisted Intervention},
  pages={475--485},
  year={2022},
  organization={Springer}, 
  doi = {10.1007/978-3-031-16449-1_45}
}

@article{johnston2009surgical,
  title={Surgical site signing and “time out”: issues of compliance or complacence},
  author={Johnston, Geoffrey and Ekert, Lee and Pally, Elliott},
  journal={JBJS},
  volume={91},
  number={11},
  pages={2577--2580},
  year={2009},
  publisher={LWW},
  doi = {10.2106/JBJS.H.01615}
}

@article{tschan2022effects,
  title={Effects of structured intraoperative briefings on patient outcomes: multicentre before-and-after study},
  author={Tschan, Franziska and Keller, Sandra and Semmer, Norbert K and Timm-Holzer, Eliane and Zimmermann, Jasmin and Huber, Simon A and Wrann, Simon and H{\"u}bner, Martin and Banz, Vanessa and Prevost, Gian Andrea and others},
  journal={British Journal of Surgery},
  volume={109},
  number={1},
  pages={136--144},
  year={2022},
  publisher={Oxford University Press},
  doi = {10.1093/bjs/znab384}
}

@article{van2012effects,
  title={Effects of the introduction of the WHO “Surgical Safety Checklist” on in-hospital mortality: a cohort study},
  author={Van Klei, WA and Hoff, RG and Van Aarnhem, EEHL and Simmermacher, RKJ and Regli, LPE and Kappen, TH and Van Wolfswinkel, L and Kalkman, CJ and Buhre, WF and Peelen, LM},
  journal={Annals of surgery},
  volume={255},
  number={1},
  pages={44--49},
  year={2012},
  publisher={LWW},
  doi = {10.1097/SLA.0b013e31823779ae}
}

@inproceedings{wang2023videomae,
  title={Videomae v2: Scaling video masked autoencoders with dual masking},
  author={Wang, Limin and Huang, Bingkun and Zhao, Zhiyu and Tong, Zhan and He, Yinan and Wang, Yi and Wang, Yali and Qiao, Yu},
  booktitle={Proceedings of the IEEE/CVF Conference on Computer Vision and Pattern Recognition},
  pages={14549--14560},
  year={2023},
  doi = {10.1109/CVPR52729.2023.01398}
}

@inproceedings{duan2022revisiting,
  title={Revisiting skeleton-based action recognition},
  author={Duan, Haodong and Zhao, Yue and Chen, Kai and Lin, Dahua and Dai, Bo},
  booktitle={Proceedings of the IEEE/CVF Conference on Computer Vision and Pattern Recognition},
  pages={2969--2978},
  year={2022},
  doi = {10.1109/CVPR52688.2022.00298}
}

@inproceedings{shi2023tridet,
  title={Tridet: Temporal action detection with relative boundary modeling},
  author={Shi, Dingfeng and Zhong, Yujie and Cao, Qiong and Ma, Lin and Li, Jia and Tao, Dacheng},
  booktitle={Proceedings of the IEEE/CVF Conference on Computer Vision and Pattern Recognition},
  pages={18857--18866},
  year={2023},
  doi = {10.1109/CVPR52729.2023.01808}
}

@article{belagiannis2016parsing,
  title={Parsing human skeletons in an operating room},
  author={Belagiannis, Vasileios and Wang, Xinchao and Shitrit, Horesh Beny Ben and Hashimoto, Kiyoshi and Stauder, Ralf and Aoki, Yoshimitsu and Kranzfelder, Michael and Schneider, Armin and Fua, Pascal and Ilic, Slobodan and others},
  journal={Machine Vision and Applications},
  volume={27},
  pages={1035--1046},
  year={2016},
  publisher={Springer},
  doi = {10.1007/s00138-016-0792-4}
}

@inproceedings{lin2019bmn,
  title={Bmn: Boundary-matching network for temporal action proposal generation},
  author={Lin, Tianwei and Liu, Xiao and Li, Xin and Ding, Errui and Wen, Shilei},
  booktitle={Proceedings of the IEEE international conference on computer vision},
  pages={3889--3898},
  year={2019}, 
  doi = {10.1109/ICCV.2019.00399}
}

@inproceedings{xu2020g,
  title={G-tad: Sub-graph localization for temporal action detection},
  author={Xu, Mengmeng and Zhao, Chen and Rojas, David S and Thabet, Ali and Ghanem, Bernard},
  booktitle={Proceedings of the IEEE/CVF Conference on Computer Vision and Pattern Recognition},
  pages={10156--10165},
  year={2020},
  doi = {10.1109/CVPR42600.2020.01017}
}

@inproceedings{liu2020tsi,
  title={Tsi: Temporal scale invariant network for action proposal generation},
  author={Liu, Shuming and Zhao, Xu and Su, Haisheng and Hu, Zhilan},
  booktitle={Proceedings of the Asian Conference on Computer Vision},
  year={2020}
}

@inproceedings{zhao2021video,
  title={Video self-stitching graph network for temporal action localization},
  author={Zhao, Chen and Thabet, Ali K and Ghanem, Bernard},
  booktitle={Proceedings of the IEEE/CVF International Conference on Computer Vision},
  pages={13658--13667},
  year={2021}
}

@inproceedings{zhang2022actionformer,
  title={Actionformer: Localizing moments of actions with transformers},
  author={Zhang, Chen-Lin and Wu, Jianxin and Li, Yin},
  booktitle={European Conference on Computer Vision},
  pages={492--510},
  year={2022},
  organization={Springer}, 
  doi = {10.1007/978-3-031-19772-7_29}
}

@inproceedings{lin2021learning,
  title={Learning salient boundary feature for anchor-free temporal action localization},
  author={Lin, Chuming and Xu, Chengming and Luo, Donghao and Wang, Yabiao and Tai, Ying and Wang, Chengjie and Li, Jilin and Huang, Feiyue and Fu, Yanwei},
  booktitle={Proceedings of the IEEE/CVF Conference on Computer Vision and Pattern Recognition},
  pages={3320--3329},
  year={2021},
  doi = {10.1109/CVPR46437.2021.00333}
}

@inproceedings{choi2009they,
  title={What are they doing?: Collective activity classification using spatio-temporal relationship among people},
  author={Choi, Wongun and Shahid, Khuram and Savarese, Silvio},
  booktitle={2009 IEEE 12th international conference on computer vision workshops, Proceedings of the IEEE international conference on computer vision Workshops},
  pages={1282--1289},
  year={2009},
  organization={IEEE}
}

@inproceedings{wang2017recurrent,
  title={Recurrent modeling of interaction context for collective activity recognition},
  author={Wang, Minsi and Ni, Bingbing and Yang, Xiaokang},
  booktitle={Proceedings of the IEEE conference on computer vision and pattern recognition},
  pages={3048--3056},
  year={2017}
}

@inproceedings{yan2018participation,
  title={Participation-contributed temporal dynamic model for group activity recognition},
  author={Yan, Rui and Tang, Jinhui and Shu, Xiangbo and Li, Zechao and Tian, Qi},
  booktitle={Proceedings of the 26th ACM international conference on Multimedia},
  pages={1292--1300},
  year={2018}
}

@inproceedings{wu2019learning,
  title={Learning actor relation graphs for group activity recognition},
  author={Wu, Jianchao and Wang, Limin and Wang, Li and Guo, Jie and Wu, Gangshan},
  booktitle={Proceedings of the IEEE/CVF Conference on computer vision and pattern recognition},
  pages={9964--9974},
  year={2019}
}

@inproceedings{yuan2021spatio,
  title={Spatio-temporal dynamic inference network for group activity recognition},
  author={Yuan, Hangjie and Ni, Dong and Wang, Mang},
  booktitle={Proceedings of the IEEE/CVF International Conference on Computer Vision},
  pages={7476--7485},
  year={2021}
}

@inproceedings{han2022dual,
  title={Dual-AI: Dual-path actor interaction learning for group activity recognition},
  author={Han, Mingfei and Zhang, David Junhao and Wang, Yali and Yan, Rui and Yao, Lina and Chang, Xiaojun and Qiao, Yu},
  booktitle={Proceedings of the IEEE/CVF Conference on Computer Vision and Pattern Recognition},
  pages={2990--2999},
  year={2022}
}

@article{zhang2022zoom,
  title={Zoom transformer for skeleton-based group activity recognition},
  author={Zhang, Jiaxu and Jia, Yifan and Xie, Wei and Tu, Zhigang},
  journal={IEEE Transactions on Circuits and Systems for Video Technology},
  volume={32},
  number={12},
  pages={8646--8659},
  year={2022},
  publisher={IEEE}
}

@inproceedings{carreira2017quo,
  title={Quo vadis, action recognition? a new model and the kinetics dataset},
  author={Carreira, Joao and Zisserman, Andrew},
  booktitle={proceedings of the IEEE Conference on Computer Vision and Pattern Recognition},
  pages={6299--6308},
  year={2017}
}

@inproceedings{feichtenhofer2019slowfast,
  title={Slowfast networks for video recognition},
  author={Feichtenhofer, Christoph and Fan, Haoqi and Malik, Jitendra and He, Kaiming},
  booktitle={Proceedings of the IEEE/CVF international conference on computer vision},
  pages={6202--6211},
  year={2019}
}

@article{kay2017kinetics,
  title={The kinetics human action video dataset},
  author={Kay, Will and Carreira, Joao and Simonyan, Karen and Zhang, Brian and Hillier, Chloe and Vijayanarasimhan, Sudheendra and Viola, Fabio and Green, Tim and Back, Trevor and Natsev, Paul and others},
  journal={arXiv preprint arXiv:1705.06950},
  year={2017}
}

@article{soomro2012ucf101,
  title={UCF101: A dataset of 101 human actions classes from videos in the wild},
  author={Soomro, K},
  journal={arXiv preprint arXiv:1212.0402},
  year={2012}
}

@article{mazellier2023mosaic,
  title={MOSaiC: a Web-based Platform for Collaborative Medical Video Assessment and Annotation},
  author={Mazellier, Jean-Paul and Boujon, Antoine and Bour-Lang, M{\'e}line and Erharhd, Ma{\"e}l and Waechter, Julien and Wernert, Emilie and Mascagni, Pietro and Padoy, Nicolas},
  journal={arXiv},
  year={2023},
  doi = {10.48550/arXiv.2312.08593}
}

@article{li2022uniformerv2,
  title={Uniformerv2: Spatiotemporal learning by arming image vits with video uniformer},
  author={Li, Kunchang and Wang, Yali and He, Yinan and Li, Yizhuo and Wang, Yi and Wang, Limin and Qiao, Yu},
  journal={arXiv},
  year={2022}
}

@inproceedings{zhang2022bytetrack,
  title={Bytetrack: Multi-object tracking by associating every detection box},
  author={Zhang, Yifu and Sun, Peize and Jiang, Yi and Yu, Dongdong and Weng, Fucheng and Yuan, Zehuan and Luo, Ping and Liu, Wenyu and Wang, Xinggang},
  booktitle={European conference on computer vision},
  pages={1--21},
  year={2022},
  organization={Springer},
  doi = {10.1007/978-3-031-20047-2_1}
}

@article{yolox2021,
  title={YOLOX: Exceeding YOLO Series in 2021},
  author={Ge, Zheng and Liu, Songtao and Wang, Feng and Li, Zeming and Sun, Jian},
  journal={arXiv preprint arXiv:2107.08430},
  year={2021},
  doi = {10.48550/arXiv.2107.08430}
}

@inproceedings{sun2019deep,
  title={Deep high-resolution representation learning for human pose estimation},
  author={Sun, Ke and Xiao, Bin and Liu, Dong and Wang, Jingdong},
  booktitle={Proceedings of the IEEE/CVF Conference on Computer Vision and Pattern Recognition},
  pages={5693--5703},
  year={2019},
  doi = {10.1109/CVPR.2019.00584}
}

@Inproceedings{zheng2020diou,
  author    = {Zheng, Zhaohui and Wang, Ping and Liu, Wei and Li, Jinze and Ye, Rongguang and Ren, Dongwei},
  title     = {Distance-IoU Loss: Faster and Better Learning for Bounding Box Regression},
  booktitle = {Proceedings of the AAAI conference on artificial intelligence},
  pages     = {12993--13000},
  year      = {2020},
  doi = {10.1609/aaai.v34i07.6999}
}

@inproceedings{ross2017focal,
  title={Focal loss for dense object detection},
  author={Ross, T-YLPG and Doll{\'a}r, GKHP},
  booktitle={Proceedings of the IEEE/CVF Conference on Computer Vision and Pattern Recognition},
  pages={2980--2988},
  year={2017},
  doi = {10.1109/ICCV.2017.324}
}

@article{mazzocco2009surgical,
  title={Surgical team behaviors and patient outcomes},
  author={Mazzocco, Karen and Petitti, Diana B and Fong, Kenneth T and Bonacum, Doug and Brookey, John and Graham, Suzanne and Lasky, Robert E and Sexton, J Bryan and Thomas, Eric J},
  journal={The American journal of surgery},
  volume={197},
  number={5},
  pages={678--685},
  year={2009},
  publisher={Elsevier},
  doi = {10.1016/j.amjsurg.2008.03.002},
}

@article{haynes2009surgical,
  title={A surgical safety checklist to reduce morbidity and mortality in a global population},
  author={Haynes, Alex B and Weiser, Thomas G and Berry, William R and Lipsitz, Stuart R and Breizat, Abdel-Hadi S and Dellinger, E Patchen and Herbosa, Teodoro and Joseph, Sudhir and Kibatala, Pascience L and Lapitan, Marie Carmela M and others},
  journal={New England journal of medicine},
  volume={360},
  number={5},
  pages={491--499},
  year={2009},
  publisher={Mass Medical Soc},
  doi = {10.1056/NEJMsa0810119}
}

@article{keller2022stop,
  title={StOP? II trial: cluster randomized clinical trial to test the implementation of a toolbox for structured communication in the operating room—study protocol},
  author={Keller, Sandra and Tschan, Franziska and Semmer, Norbert K and Trelle, Sven and Manser, Tanja and Beldi, Guido},
  journal={Trials},
  volume={23},
  number={1},
  pages={878},
  year={2022},
  publisher={Springer},
  doi = {10.1186/s13063-022-06775-y}
}

@article{overdyk2016remote,
  title={Remote video auditing with real-time feedback in an academic surgical suite improves safety and efficiency metrics: a cluster randomised study},
  author={Overdyk, Frank J and Dowling, Oonagh and Newman, Sheldon and Glatt, David and Chester, Michelle and Armellino, Donna and Cole, Brandon and Landis, Gregg S and Schoenfeld, David and DiCapua, John F},
  journal={BMJ quality \& safety},
  volume={25},
  number={12},
  pages={947--953},
  year={2016},
  publisher={BMJ Publishing Group Ltd},
  doi = {10.1136/bmjqs-2015-004226}
}

@article{papadakis2019safer,
  title={The WHO safer surgery checklist time out procedure revisited: Strategies to optimise compliance and safety},
  author={Papadakis, Marios and Meiwandi, Abdulwares and Grzybowski, Andrzej},
  journal={International Journal of Surgery},
  volume={69},
  pages={19--22},
  year={2019},
  publisher={LWW}, 
  doi = {10.1016/j.ijsu.2019.07.006},
}

@article{tang2023temporalmaxer,
  title={TemporalMaxer: Maximize Temporal Context with only Max Pooling for Temporal Action Localization},
  author={Tang, Tuan N and Kim, Kwonyoung and Sohn, Kwanghoon},
  journal={arXiv preprint arXiv:2303.09055},
  year={2023},
  doi = {10.48550/arXiv.2303.09055}
}

@article{ba2016layer,
  title={Layer normalization},
  author={Ba, Jimmy Lei},
  journal={arXiv preprint arXiv:1607.06450},
  year={2016},
  doi = {10.48550/arXiv.1607.06450}
}

@inproceedings{kim2025leveraging,
  title={Leveraging Temporal Contextualization for Video Action Recognition},
  author={Kim, Minji and Han, Dongyoon and Kim, Taekyung and Han, Bohyung},
  booktitle={European Conference on Computer Vision},
  pages={74--91},
  year={2025},
  organization={Springer},
  doi = {10.1007/978-3-031-72664-4_5}
}

@inproceedings{shi2019two,
  title={Two-stream adaptive graph convolutional networks for skeleton-based action recognition},
  author={Shi, Lei and Zhang, Yifan and Cheng, Jian and Lu, Hanqing},
  booktitle={Proceedings of the IEEE/CVF Conference on Computer Vision and Pattern Recognition},
  pages={12026--12035},
  year={2019},
  doi = {10.1109/CVPR.2019.01230}
}

@inproceedings{duan2022pyskl,
  title={Pyskl: Towards good practices for skeleton action recognition},
  author={Duan, Haodong and Wang, Jiaqi and Chen, Kai and Lin, Dahua},
  booktitle={Proceedings of the 30th ACM International Conference on Multimedia},
  pages={7351--7354},
  year={2022},
  doi = {10.1145/3503161.3548546}
}

@article{twinanda2015data,
  title={Data-driven spatio-temporal RGBD feature encoding for action recognition in operating rooms},
  author={Twinanda, Andru P and Alkan, Emre O and Gangi, Afshin and De Mathelin, Michel and Padoy, Nicolas},
  journal={International journal of computer assisted radiology and surgery},
  volume={10},
  pages={737--747},
  year={2015},
  publisher={Springer}
}

@inproceedings{hamoud2024st,
  title={ST (OR) $\^{} 2$: Spatio-Temporal Object Level Reasoning for Activity Recognition in the Operating Room},
  author={Hamoud, Idris and Jamal, Muhammad Abdullah and Srivastav, Vinkle and Mutter, Didier and Padoy, Nicolas and Mohareri, Omid},
  booktitle={Medical imaging with deep learning},
  pages={1254--1268},
  year={2024},
  organization={PMLR}
}

@inproceedings{hao2023act,
  title={Act-net: anchor-context action detection in surgery videos},
  author={Hao, Luoying and Hu, Yan and Lin, Wenjun and Wang, Qun and Li, Heng and Fu, Huazhu and Duan, Jinming and Liu, Jiang},
  booktitle={International Conference on Medical Image Computing and Computer-Assisted Intervention},
  pages={196--206},
  year={2023},
  organization={Springer}, 
  doi = {10.1007/978-3-031-43996-4_19}
}

@article{chandra2024vitals,
  title={ViTALS: Vision Transformer for Action Localization in Surgical Nephrectomy},
  author={Chandra, Soumyadeep and Chowdhury, Sayeed Shafayet and Yong, Courtney and Sundaram, Chandru P and Roy, Kaushik},
  journal={arXiv preprint arXiv:2405.02571},
  year={2024},
  doi = {10.48550/arXiv.2405.02571}
}

@inproceedings{luo2024surgplan,
  title={Surgplan: Surgical phase localization network for phase recognition},
  author={Luo, Xingjian and Pang, You and Chen, Zhen and Wu, Jinlin and Zhang, Zongmin and Lei, Zhen and Liu, Hongbin},
  booktitle={2024 IEEE International Symposium on Biomedical Imaging (ISBI)},
  pages={1--5},
  year={2024},
  organization={IEEE},
  doi = {10.1109/ISBI56570.2024.10635466}
}

@inproceedings{bodla2017soft,
  title={Soft-NMS--improving object detection with one line of code},
  author={Bodla, Navaneeth and Singh, Bharat and Chellappa, Rama and Davis, Larry S},
  booktitle={Proceedings of the IEEE international conference on computer vision},
  pages={5561--5569},
  year={2017},
  doi = {10.1109/ICCV.2017.593}
}

@article{rodas2016see,
  title={See it with your own eyes: Markerless mobile augmented reality for radiation awareness in the hybrid room},
  author={Rodas, Nicolas Loy and Barrera, Fernando and Padoy, Nicolas},
  journal={IEEE Transactions on Biomedical Engineering},
  volume={64},
  number={2},
  pages={429--440},
  year={2016},
  publisher={IEEE}
}

@inproceedings{czempiel2022surgical,
  title={Surgical workflow recognition: from analysis of challenges to architectural study},
  author={Czempiel, Tobias and Sharghi, Aidean and Paschali, Magdalini and Navab, Nassir and Mohareri, Omid},
  booktitle={European Conference on Computer Vision},
  pages={556--568},
  year={2022},
  organization={Springer}
}

@article{li2020robotic,
  title={A robotic 3d perception system for operating room environment awareness},
  author={Li, Zhaoshuo and Shaban, Amirreza and Simard, Jean-Gabriel and Rabindran, Dinesh and DiMaio, Simon and Mohareri, Omid},
  journal={arXiv preprint arXiv:2003.09487},
  year={2020}
}

@inproceedings{schmidt2021multi,
  title={Multi-view surgical video action detection via mixed global view attention},
  author={Schmidt, Adam and Sharghi, Aidean and Haugerud, Helene and Oh, Daniel and Mohareri, Omid},
  booktitle={Medical Image Computing and Computer Assisted Intervention--MICCAI 2021: 24th International Conference, Strasbourg, France, September 27--October 1, 2021, Proceedings, Part IV 24},
  pages={626--635},
  year={2021},
  organization={Springer}
}

@inproceedings{sharghi2020automatic,
  title={Automatic operating room surgical activity recognition for robot-assisted surgery},
  author={Sharghi, Aidean and Haugerud, Helene and Oh, Daniel and Mohareri, Omid},
  booktitle={Medical Image Computing and Computer Assisted Intervention--MICCAI 2020: 23rd International Conference, Lima, Peru, October 4--8, 2020, Proceedings, Part III 23},
  pages={385--395},
  year={2020},
  organization={Springer}
}

@article{bastian2023know,
  title={Know your sensors—a modality study for surgical action classification},
  author={Bastian, Lennart and Czempiel, Tobias and Heiliger, Christian and Karcz, Konrad and Eck, Ulrich and Busam, Benjamin and Navab, Nassir},
  journal={Computer Methods in Biomechanics and Biomedical Engineering: Imaging \& Visualization},
  volume={11},
  number={4},
  pages={1113--1121},
  year={2023},
  publisher={Taylor \& Francis}
}

@article{hu2022multi,
  title={Multi-camera multi-person tracking and re-identification in an operating room},
  author={Hu, Haowen and Hachiuma, Ryo and Saito, Hideo and Takatsume, Yoshifumi and Kajita, Hiroki},
  journal={Journal of Imaging},
  volume={8},
  number={8},
  pages={219},
  year={2022},
  publisher={MDPI}
}

@inproceedings{he2022empirical,
  title={An empirical study on activity recognition in long surgical videos},
  author={He, Zhuohong and Mottaghi, Ali and Sharghi, Aidean and Jamal, Muhammad Abdullah and Mohareri, Omid},
  booktitle={Machine Learning for Health},
  pages={356--372},
  year={2022},
  organization={PMLR}
}

@article{idrees2017thumos,
  title={The thumos challenge on action recognition for videos “in the wild”},
  author={Idrees, Haroon and Zamir, Amir R and Jiang, Yu-Gang and Gorban, Alex and Laptev, Ivan and Sukthankar, Rahul and Shah, Mubarak},
  journal={Computer Vision and Image Understanding},
  volume={155},
  pages={1--23},
  year={2017},
  publisher={Elsevier}
}

@article{quellec2014real,
  title={Real-time segmentation and recognition of surgical tasks in cataract surgery videos},
  author={Quellec, Gw{\'e}nol{\'e} and Lamard, Mathieu and Cochener, B{\'e}atrice and Cazuguel, Guy},
  journal={IEEE transactions on medical imaging},
  volume={33},
  number={12},
  pages={2352--2360},
  year={2014},
  publisher={IEEE},
  doi={10.1109/TMI.2014.2340473}
}

@article{dergachyova2016automatic,
  title={Automatic data-driven real-time segmentation and recognition of surgical workflow},
  author={Dergachyova, Olga and Bouget, David and Huaulm{\'e}, Arnaud and Morandi, Xavier and Jannin, Pierre},
  journal={International journal of computer assisted radiology and surgery},
  volume={11},
  pages={1081--1089},
  year={2016},
  publisher={Springer},
  doi={10.1007/s11548-016-1371-x}
}

@inproceedings{volkov2017machine,
  title={Machine learning and coresets for automated real-time video segmentation of laparoscopic and robot-assisted surgery},
  author={Volkov, Mikhail and Hashimoto, Daniel A and Rosman, Guy and Meireles, Ozanan R and Rus, Daniela},
  booktitle={2017 IEEE international conference on robotics and automation (ICRA)},
  pages={754--759},
  year={2017},
  organization={IEEE},
  doi={10.1109/ICRA.2017.7989093}
}

@inproceedings{ozsoy2023labrad,
  title={Labrad-or: lightweight memory scene graphs for accurate bimodal reasoning in dynamic operating rooms},
  author={{\"O}zsoy, Ege and Czempiel, Tobias and Holm, Felix and Pellegrini, Chantal and Navab, Nassir},
  booktitle={International Conference on Medical Image Computing and Computer-Assisted Intervention},
  pages={302--311},
  year={2023},
  organization={Springer},
  doi={10.1007/978-3-031-43996-4_29}
}

@article{ozsoy2024holistic,
  title={Holistic OR domain modeling: a semantic scene graph approach},
  author={{\"O}zsoy, Ege and Czempiel, Tobias and {\"O}rnek, Evin P{\i}nar and Eck, Ulrich and Tombari, Federico and Navab, Nassir},
  journal={International Journal of Computer Assisted Radiology and Surgery},
  volume={19},
  number={5},
  pages={791--799},
  year={2024},
  publisher={Springer},
  doi={10.1007/s11548-023-03022-w}
}

@article{pei2024s,
  title={S\^{} 2Former-OR: Single-Stage Bimodal Transformer for Scene Graph Generation in OR},
  author={Pei, Jialun and Guo, Diandian and Zhang, Jingyang and Lin, Manxi and Jin, Yueming and Heng, Pheng-Ann},
  journal={arXiv preprint arXiv:2402.14461},
  year={2024},
  doi={10.48550/arXiv.2402.14461}
}

@article{hansen2019fusing,
  title={Fusing information from multiple 2D depth cameras for 3D human pose estimation in the operating room},
  author={Hansen, Lasse and Siebert, Marlin and Diesel, Jasper and Heinrich, Mattias P},
  journal={International journal of computer assisted radiology and surgery},
  volume={14},
  pages={1871--1879},
  year={2019},
  publisher={Springer},
  doi={10.1007/s11548-019-02044-7}
}