@article{belagiannis2016parsing,
  title={Parsing human skeletons in an operating room},
  author={Belagiannis, Vasileios and Wang, Xinchao and Shitrit, Horesh Beny Ben and Hashimoto, Kiyoshi and Stauder, Ralf and Aoki, Yoshimitsu and Kranzfelder, Michael and Schneider, Armin and Fua, Pascal and Ilic, Slobodan and others},
  journal={Machine Vision and Applications},
  volume={27},
  pages={1035--1046},
  year={2016},
  publisher={Springer},
  doi = {10.1007/s00138-016-0792-4}
}

@inproceedings{carreira2017quo,
  title={Quo vadis, action recognition? a new model and the kinetics dataset},
  author={Carreira, Joao and Zisserman, Andrew},
  booktitle={proceedings of the IEEE Conference on Computer Vision and Pattern Recognition},
  pages={6299--6308},
  year={2017}
}

@article{chandra2024vitals,
  title={ViTALS: Vision Transformer for Action Localization in Surgical Nephrectomy},
  author={Chandra, Soumyadeep and Chowdhury, Sayeed Shafayet and Yong, Courtney and Sundaram, Chandru P and Roy, Kaushik},
  journal={arXiv preprint arXiv:2405.02571},
  year={2024},
  doi = {10.48550/arXiv.2405.02571}
}

@article{dergachyova2016automatic,
  title={Automatic data-driven real-time segmentation and recognition of surgical workflow},
  author={Dergachyova, Olga and Bouget, David and Huaulm{\'e}, Arnaud and Morandi, Xavier and Jannin, Pierre},
  journal={International journal of computer assisted radiology and surgery},
  volume={11},
  pages={1081--1089},
  year={2016},
  publisher={Springer},
  doi={10.1007/s11548-016-1371-x}
}

@inproceedings{feichtenhofer2019slowfast,
  title={Slowfast networks for video recognition},
  author={Feichtenhofer, Christoph and Fan, Haoqi and Malik, Jitendra and He, Kaiming},
  booktitle={Proceedings of the IEEE/CVF international conference on computer vision},
  pages={6202--6211},
  year={2019}
}

@article{hansen2019fusing,
  title={Fusing information from multiple 2D depth cameras for 3D human pose estimation in the operating room},
  author={Hansen, Lasse and Siebert, Marlin and Diesel, Jasper and Heinrich, Mattias P},
  journal={International journal of computer assisted radiology and surgery},
  volume={14},
  pages={1871--1879},
  year={2019},
  publisher={Springer},
  doi={10.1007/s11548-019-02044-7}
}

@inproceedings{hao2023act,
  title={Act-net: anchor-context action detection in surgery videos},
  author={Hao, Luoying and Hu, Yan and Lin, Wenjun and Wang, Qun and Li, Heng and Fu, Huazhu and Duan, Jinming and Liu, Jiang},
  booktitle={International Conference on Medical Image Computing and Computer-Assisted Intervention},
  pages={196--206},
  year={2023},
  organization={Springer}, 
  doi = {10.1007/978-3-031-43996-4_19}
}

@article{kay2017kinetics,
  title={The kinetics human action video dataset},
  author={Kay, Will and Carreira, Joao and Simonyan, Karen and Zhang, Brian and Hillier, Chloe and Vijayanarasimhan, Sudheendra and Viola, Fabio and Green, Tim and Back, Trevor and Natsev, Paul and others},
  journal={arXiv preprint arXiv:1705.06950},
  year={2017}
}

@inproceedings{lin2019bmn,
  title={Bmn: Boundary-matching network for temporal action proposal generation},
  author={Lin, Tianwei and Liu, Xiao and Li, Xin and Ding, Errui and Wen, Shilei},
  booktitle={Proceedings of the IEEE international conference on computer vision},
  pages={3889--3898},
  year={2019}, 
  doi = {10.1109/ICCV.2019.00399}
}

@inproceedings{lin2021learning,
  title={Learning salient boundary feature for anchor-free temporal action localization},
  author={Lin, Chuming and Xu, Chengming and Luo, Donghao and Wang, Yabiao and Tai, Ying and Wang, Chengjie and Li, Jilin and Huang, Feiyue and Fu, Yanwei},
  booktitle={Proceedings of the IEEE/CVF Conference on Computer Vision and Pattern Recognition},
  pages={3320--3329},
  year={2021},
  doi = {10.1109/CVPR46437.2021.00333}
}

@inproceedings{luo2024surgplan,
  title={Surgplan: Surgical phase localization network for phase recognition},
  author={Luo, Xingjian and Pang, You and Chen, Zhen and Wu, Jinlin and Zhang, Zongmin and Lei, Zhen and Liu, Hongbin},
  booktitle={2024 IEEE International Symposium on Biomedical Imaging (ISBI)},
  pages={1--5},
  year={2024},
  organization={IEEE},
  doi = {10.1109/ISBI56570.2024.10635466}
}

@inproceedings{ozsoy20224d,
  title={4d-or: Semantic scene graphs for or domain modeling},
  author={{\"O}zsoy, Ege and {\"O}rnek, Evin P{\i}nar and Eck, Ulrich and Czempiel, Tobias and Tombari, Federico and Navab, Nassir},
  booktitle={International Conference on Medical Image Computing and Computer-Assisted Intervention},
  pages={475--485},
  year={2022},
  organization={Springer}, 
  doi = {10.1007/978-3-031-16449-1_45}
}

@inproceedings{ozsoy2023labrad,
  title={Labrad-or: lightweight memory scene graphs for accurate bimodal reasoning in dynamic operating rooms},
  author={{\"O}zsoy, Ege and Czempiel, Tobias and Holm, Felix and Pellegrini, Chantal and Navab, Nassir},
  booktitle={International Conference on Medical Image Computing and Computer-Assisted Intervention},
  pages={302--311},
  year={2023},
  organization={Springer},
  doi={10.1007/978-3-031-43996-4_29}
}

@article{ozsoy2024holistic,
  title={Holistic OR domain modeling: a semantic scene graph approach},
  author={{\"O}zsoy, Ege and Czempiel, Tobias and {\"O}rnek, Evin P{\i}nar and Eck, Ulrich and Tombari, Federico and Navab, Nassir},
  journal={International Journal of Computer Assisted Radiology and Surgery},
  volume={19},
  number={5},
  pages={791--799},
  year={2024},
  publisher={Springer},
  doi={10.1007/s11548-023-03022-w}
}

@article{pei2024s,
  title={S\^{} 2Former-OR: Single-Stage Bimodal Transformer for Scene Graph Generation in OR},
  author={Pei, Jialun and Guo, Diandian and Zhang, Jingyang and Lin, Manxi and Jin, Yueming and Heng, Pheng-Ann},
  journal={arXiv preprint arXiv:2402.14461},
  year={2024},
  doi={10.48550/arXiv.2402.14461}
}

@article{quellec2014real,
  title={Real-time segmentation and recognition of surgical tasks in cataract surgery videos},
  author={Quellec, Gw{\'e}nol{\'e} and Lamard, Mathieu and Cochener, B{\'e}atrice and Cazuguel, Guy},
  journal={IEEE transactions on medical imaging},
  volume={33},
  number={12},
  pages={2352--2360},
  year={2014},
  publisher={IEEE},
  doi={10.1109/TMI.2014.2340473}
}

@article{soomro2012ucf101,
  title={UCF101: A dataset of 101 human actions classes from videos in the wild},
  author={Soomro, K},
  journal={arXiv preprint arXiv:1212.0402},
  year={2012}
}

@article{srivastav2022unsupervised,
  title={Unsupervised domain adaptation for clinician pose estimation and instance segmentation in the operating room},
  author={Srivastav, Vinkle and Gangi, Afshin and Padoy, Nicolas},
  journal={Medical image analysis},
  volume={80},
  pages={102525},
  year={2022},
  publisher={Elsevier},
  doi={10.1016/j.media.2022.102525}
}

@inproceedings{volkov2017machine,
  title={Machine learning and coresets for automated real-time video segmentation of laparoscopic and robot-assisted surgery},
  author={Volkov, Mikhail and Hashimoto, Daniel A and Rosman, Guy and Meireles, Ozanan R and Rus, Daniela},
  booktitle={2017 IEEE international conference on robotics and automation (ICRA)},
  pages={754--759},
  year={2017},
  organization={IEEE},
  doi={10.1109/ICRA.2017.7989093}
}

@inproceedings{wang2023videomae,
  title={Videomae v2: Scaling video masked autoencoders with dual masking},
  author={Wang, Limin and Huang, Bingkun and Zhao, Zhiyu and Tong, Zhan and He, Yinan and Wang, Yi and Wang, Yali and Qiao, Yu},
  booktitle={Proceedings of the IEEE/CVF Conference on Computer Vision and Pattern Recognition},
  pages={14549--14560},
  year={2023},
  doi = {10.1109/CVPR52729.2023.01398}
}

@inproceedings{xu2020g,
  title={G-tad: Sub-graph localization for temporal action detection},
  author={Xu, Mengmeng and Zhao, Chen and Rojas, David S and Thabet, Ali and Ghanem, Bernard},
  booktitle={Proceedings of the IEEE/CVF Conference on Computer Vision and Pattern Recognition},
  pages={10156--10165},
  year={2020},
  doi = {10.1109/CVPR42600.2020.01017}
}

@inproceedings{zhang2022actionformer,
  title={Actionformer: Localizing moments of actions with transformers},
  author={Zhang, Chen-Lin and Wu, Jianxin and Li, Yin},
  booktitle={European Conference on Computer Vision},
  pages={492--510},
  year={2022},
  organization={Springer}, 
  doi = {10.1007/978-3-031-19772-7_29}
}

