@online{Ansari_Chronos_2024,
  title = {Chronos: {{Learning}} the {{Language}} of {{Time Series}}},
  shorttitle = {Chronos},
  author = {Ansari, Abdul Fatir and Stella, Lorenzo and Turkmen, Caner and Zhang, Xiyuan and Mercado, Pedro and Shen, Huibin and Shchur, Oleksandr and Rangapuram, Syama Sundar and Arango, Sebastian Pineda and Kapoor, Shubham and Zschiegner, Jasper and Maddix, Danielle C. and Wang, Hao and Mahoney, Michael W. and Torkkola, Kari and Wilson, Andrew Gordon and Bohlke-Schneider, Michael and Wang, Yuyang},
  eprint = {2403.07815},
  eprinttype = {arXiv},
  eprintclass = {cs},
  pubstate = {prepublished},
  year = {2024}
}

@online{Chang_LLM4TS_2024,
  title = {{{LLM4TS}}: {{Aligning Pre-Trained LLMs}} as {{Data-Efficient Time-Series Forecasters}}},
  shorttitle = {{{LLM4TS}}},
  author = {Chang, Ching and Wang, Wei-Yao and Peng, Wen-Chih and Chen, Tien-Fu},
  eprint = {2308.08469},
  eprinttype = {arXiv},
  eprintclass = {cs},
  pubstate = {prepublished},
  year = {2024}
}

@inproceedings{DBLP:conf/aaai/ZengCZ023,
  title = {Are Transformers Effective for Time Series Forecasting?},
  booktitle = {Thirty-Seventh {{AAAI}} Conference on Artificial Intelligence, {{AAAI}} 2023, Thirty-Fifth Conference on Innovative Applications of Artificial Intelligence, {{IAAI}} 2023, Thirteenth Symposium on Educational Advances in Artificial Intelligence, {{EAAI}} 2023, Washington, {{DC}}, {{USA}}, February 7-14, 2023},
  author = {Zeng, Ailing and Chen, Muxi and Zhang, Lei and Xu, Qiang},
  pages = {11121--11128},
  publisher = {AAAI Press},
  bibsource = {dblp computer science bibliography, https://dblp.org},
  timestamp = {Mon, 04 Sep 2023 16:50:28 +0200},
  year = {2023}
}

@inproceedings{DBLP:conf/iclr/0005WMCZSCLLPW24,
  title = {Time-{{LLM}}: {{Time}} Series Forecasting by Reprogramming Large Language Models},
  booktitle = {The Twelfth International Conference on Learning Representations, {{ICLR}} 2024, Vienna, Austria, May 7-11, 2024},
  author = {Jin, Ming and Wang, Shiyu and Ma, Lintao and Chu, Zhixuan and Zhang, James Y. and Shi, Xiaoming and Chen, Pin-Yu and Liang, Yuxuan and Li, Yuan-Fang and Pan, Shirui and Wen, Qingsong},
  publisher = {OpenReview.net},
  bibsource = {dblp computer science bibliography, https://dblp.org},
  timestamp = {Thu, 08 Aug 2024 07:48:10 +0200},
  year = {2024}
}

@inproceedings{DBLP:conf/iclr/CaoJAPZY024,
  title = {{{TEMPO}}: Prompt-Based Generative Pre-Trained Transformer for Time Series Forecasting},
  booktitle = {The Twelfth International Conference on Learning Representations, {{ICLR}} 2024, Vienna, Austria, May 7-11, 2024},
  author = {Cao, Defu and Jia, Furong and Arik, Sercan Ã–. and Pfister, Tomas and Zheng, Yixiang and Ye, Wen and Liu, Yan},
  publisher = {OpenReview.net},
  bibsource = {dblp computer science bibliography, https://dblp.org},
  timestamp = {Wed, 07 Aug 2024 17:11:53 +0200},
  year = {2024}
}

@inproceedings{DBLP:conf/iclr/HuSWALWWC22,
  title = {{{LoRA}}: {{Low-rank}} Adaptation of Large Language Models},
  booktitle = {The Tenth International Conference on Learning Representations, {{ICLR}} 2022, Virtual Event, April 25-29, 2022},
  author = {Hu, Edward J. and Shen, Yelong and Wallis, Phillip and Allen-Zhu, Zeyuan and Li, Yuanzhi and Wang, Shean and Wang, Lu and Chen, Weizhu},
  publisher = {OpenReview.net},
  bibsource = {dblp computer science bibliography, https://dblp.org},
  timestamp = {Sat, 20 Aug 2022 01:15:42 +0200},
  year = {2022}
}

@inproceedings{DBLP:conf/iclr/KipfW17,
  title = {Semi-Supervised Classification with Graph Convolutional Networks},
  booktitle = {5th International Conference on Learning Representations, {{ICLR}} 2017, Toulon, France, April 24-26, 2017, Conference Track Proceedings},
  author = {Kipf, Thomas N. and Welling, Max},
  publisher = {OpenReview.net},
  bibsource = {dblp computer science bibliography, https://dblp.org},
  timestamp = {Thu, 25 Jul 2019 14:25:55 +0200},
  year = {2017}
}

@inproceedings{DBLP:conf/iclr/LiYS018,
  title = {Diffusion Convolutional Recurrent Neural Network: {{Data-driven}} Traffic Forecasting},
  booktitle = {6th International Conference on Learning Representations, {{ICLR}} 2018, Vancouver, {{BC}}, Canada, April 30 - May 3, 2018, Conference Track Proceedings},
  author = {Li, Yaguang and Yu, Rose and Shahabi, Cyrus and Liu, Yan},
  publisher = {OpenReview.net},
  bibsource = {dblp computer science bibliography, https://dblp.org},
  timestamp = {Thu, 25 Jul 2019 14:25:46 +0200},
  year = {2018}
}

@inproceedings{DBLP:conf/iclr/LiuHZWWML24,
  title = {{{iTransformer}}: {{Inverted}} Transformers Are Effective for Time Series Forecasting},
  booktitle = {The Twelfth International Conference on Learning Representations, {{ICLR}} 2024, Vienna, Austria, May 7-11, 2024},
  author = {Liu, Yong and Hu, Tengge and Zhang, Haoran and Wu, Haixu and Wang, Shiyu and Ma, Lintao and Long, Mingsheng},
  publisher = {OpenReview.net},
  bibsource = {dblp computer science bibliography, https://dblp.org},
  timestamp = {Wed, 07 Aug 2024 16:26:44 +0200},
  year = {2024}
}

@inproceedings{DBLP:conf/iclr/NieNSK23,
  title = {A Time Series Is Worth 64 Words: {{Long-term}} Forecasting with Transformers},
  booktitle = {The Eleventh International Conference on Learning Representations, {{ICLR}} 2023, Kigali, Rwanda, May 1-5, 2023},
  author = {Nie, Yuqi and Nguyen, Nam H. and Sinthong, Phanwadee and Kalagnanam, Jayant},
  publisher = {OpenReview.net},
  bibsource = {dblp computer science bibliography, https://dblp.org},
  timestamp = {Wed, 24 Jul 2024 16:50:33 +0200},
  year = {2023}
}

@inproceedings{DBLP:conf/iclr/Sun0LH24,
  title = {{{TEST}}: Text Prototype Aligned Embedding to Activate Llm's Ability for Time Series},
  booktitle = {The Twelfth International Conference on Learning Representations, {{ICLR}} 2024, Vienna, Austria, May 7-11, 2024},
  author = {Sun, Chenxi and Li, Hongyan and Li, Yaliang and Hong, Shenda},
  publisher = {OpenReview.net},
  bibsource = {dblp computer science bibliography, https://dblp.org},
  timestamp = {Wed, 07 Aug 2024 17:11:53 +0200},
  year = {2024}
}

@inproceedings{DBLP:conf/iclr/ZhangY23,
  title = {Crossformer: {{Transformer}} Utilizing Cross-Dimension Dependency for Multivariate Time Series Forecasting},
  booktitle = {The Eleventh International Conference on Learning Representations, {{ICLR}} 2023, Kigali, Rwanda, May 1-5, 2023},
  author = {Zhang, Yunhao and Yan, Junchi},
  publisher = {OpenReview.net},
  bibsource = {dblp computer science bibliography, https://dblp.org},
  timestamp = {Wed, 24 Jul 2024 16:50:34 +0200},
  year = {2023}
}

@inproceedings{DBLP:conf/icml/GoswamiSCCLD24,
  title = {{{MOMENT}}: {{A}} Family of Open Time-Series Foundation Models},
  booktitle = {Forty-First International Conference on Machine Learning, {{ICML}} 2024, Vienna, Austria, July 21-27, 2024},
  author = {Goswami, Mononito and Szafer, Konrad and Choudhry, Arjun and Cai, Yifu and Li, Shuo and Dubrawski, Artur},
  publisher = {OpenReview.net},
  bibsource = {dblp computer science bibliography, https://dblp.org},
  timestamp = {Mon, 02 Sep 2024 16:55:26 +0200},
  year = {2024}
}

@inproceedings{DBLP:conf/ijcai/QinSCCJC17,
  title = {A Dual-Stage Attention-Based Recurrent Neural Network for Time Series Prediction},
  booktitle = {Proceedings of the Twenty-Sixth International Joint Conference on Artificial Intelligence, {{IJCAI}} 2017, Melbourne, Australia, August 19-25, 2017},
  author = {Qin, Yao and Song, Dongjin and Chen, Haifeng and Cheng, Wei and Jiang, Guofei and Cottrell, Garrison W.},
  pages = {2627--2633},
  publisher = {ijcai.org},
  bibsource = {dblp computer science bibliography, https://dblp.org},
  timestamp = {Mon, 11 Dec 2023 16:36:46 +0100},
  year = {2017}
}

@inproceedings{DBLP:conf/kdd/WuPL0CZ20,
  title = {Connecting the Dots: {{Multivariate}} Time Series Forecasting with Graph Neural Networks},
  booktitle = {{{KDD}} '20: {{The}} 26th {{ACM SIGKDD}} Conference on Knowledge Discovery and Data Mining, Virtual Event, {{CA}}, {{USA}}, August 23-27, 2020},
  author = {Wu, Zonghan and Pan, Shirui and Long, Guodong and Jiang, Jing and Chang, Xiaojun and Zhang, Chengqi},
  pages = {753--763},
  publisher = {ACM},
  bibsource = {dblp computer science bibliography, https://dblp.org},
  timestamp = {Sat, 09 Apr 2022 12:35:09 +0200},
  year = {2020}
}

@inproceedings{DBLP:conf/nips/WuXWL21,
  title = {Autoformer: {{Decomposition}} Transformers with Auto-Correlation for Long-Term Series Forecasting},
  booktitle = {Advances in Neural Information Processing Systems 34: {{Annual}} Conference on Neural Information Processing Systems 2021, {{NeurIPS}} 2021, December 6-14, 2021, Virtual},
  author = {Wu, Haixu and Xu, Jiehui and Wang, Jianmin and Long, Mingsheng},
  pages = {22419--22430},
  bibsource = {dblp computer science bibliography, https://dblp.org},
  timestamp = {Mon, 26 Jun 2023 20:41:56 +0200},
  year = {2021}
}

@inproceedings{DBLP:conf/sigir/LaiCYL18,
  title = {Modeling Long- and Short-Term Temporal Patterns with Deep Neural Networks},
  booktitle = {The 41st International {{ACM SIGIR}} Conference on Research \& Development in Information Retrieval, {{SIGIR}} 2018, Ann Arbor, {{MI}}, {{USA}}, July 08-12, 2018},
  author = {Lai, Guokun and Chang, Wei-Cheng and Yang, Yiming and Liu, Hanxiao},
  pages = {95--104},
  publisher = {ACM},
  bibsource = {dblp computer science bibliography, https://dblp.org},
  timestamp = {Wed, 16 Sep 2020 13:34:22 +0200},
  year = {2018}
}

@inproceedings{DBLP:conf/www/LiuHLDLHZ24,
  title = {{{UniTime}}: {{A}} Language-Empowered Unified Model for Cross-Domain Time Series Forecasting},
  booktitle = {Proceedings of the {{ACM}} on Web Conference 2024, {{WWW}} 2024, Singapore, May 13-17, 2024},
  author = {Liu, Xu and Hu, Junfeng and Li, Yuan and Diao, Shizhe and Liang, Yuxuan and Hooi, Bryan and Zimmermann, Roger},
  pages = {4095--4106},
  publisher = {ACM},
  bibsource = {dblp computer science bibliography, https://dblp.org},
  timestamp = {Tue, 21 May 2024 17:09:24 +0200},
  year = {2024}
}

@article{DBLP:journals/corr/abs-1803-01271,
  title = {An Empirical Evaluation of Generic Convolutional and Recurrent Networks for Sequence Modeling},
  author = {Bai, Shaojie and Kolter, J. Zico and Koltun, Vladlen},
  volume = {abs/1803.01271},
  eprint = {1803.01271},
  eprinttype = {arXiv},
  bibsource = {dblp computer science bibliography, https://dblp.org},
  timestamp = {Mon, 13 Aug 2018 16:47:39 +0200},
  year = {2018},
  journal = {CoRR}
}

@online{Woo_ETSformer_2022,
  title = {{{ETSformer}}: {{Exponential Smoothing Transformers}} for {{Time-series Forecasting}}},
  shorttitle = {{{ETSformer}}},
  author = {Woo, Gerald and Liu, Chenghao and Sahoo, Doyen and Kumar, Akshat and Hoi, Steven},
  eprint = {2202.01381},
  eprinttype = {arXiv},
  eprintclass = {cs},
  pubstate = {prepublished},
  year = {2022}
}

@article{zhou2023one,
  title = {One Fits All: {{Power}} General Time Series Analysis by Pretrained Lm},
  author = {Zhou, Tian and Niu, Peisong and Sun, Liang and Jin, Rong and others},
  volume = {36},
  pages = {43322--43355},
  year = {2023},
  journal = {Advances in neural information processing systems}
}

