@online{_INSTRUCTION-FOLLOWING_,
  title = {{{INSTRUCTION-FOLLOWING LLMS FOR TIME SERIES PREDICTION}}: {{A TWO-STAGE MULTIMODAL APPROACH}}},
  pubstate = {prepublished}
}

@article{Abduallah_Operational_2023,
  title = {Operational Prediction of Solar Flares Using a Transformer-Based Framework},
  author = {Abduallah, Yasser and Wang, Jason T. L. and Wang, Haimin and Xu, Yan},
  shortjournal = {Sci Rep},
  volume = {13},
  number = {1},
  pages = {13665},
  issn = {2045-2322},
  year = {2023},
  journal = {Scientific Reports}
}

@article{Ahmadzadeh_How_2021a,
  title = {How to {{Train Your Flare Prediction Model}}: {{Revisiting Robust Sampling}} of {{Rare Events}}},
  shorttitle = {How to {{Train Your Flare Prediction Model}}},
  author = {Ahmadzadeh, Azim and Aydin, Berkay and Georgoulis, Manolis K. and Kempton, Dustin J. and Mahajan, Sushant S. and Angryk, Rafal A.},
  shortjournal = {ApJS},
  volume = {254},
  number = {2},
  pages = {23},
  issn = {0067-0049, 1538-4365},
  year = {2021},
  journal = {The Astrophysical Journal Supplement Series}
}

@online{Ansari_Chronos_2024,
  title = {Chronos: {{Learning}} the {{Language}} of {{Time Series}}},
  shorttitle = {Chronos},
  author = {Ansari, Abdul Fatir and Stella, Lorenzo and Turkmen, Caner and Zhang, Xiyuan and Mercado, Pedro and Shen, Huibin and Shchur, Oleksandr and Rangapuram, Syama Sundar and Arango, Sebastian Pineda and Kapoor, Shubham and Zschiegner, Jasper and Maddix, Danielle C. and Wang, Hao and Mahoney, Michael W. and Torkkola, Kari and Wilson, Andrew Gordon and Bohlke-Schneider, Michael and Wang, Yuyang},
  eprint = {2403.07815},
  eprinttype = {arXiv},
  eprintclass = {cs},
  pubstate = {prepublished},
  year = {2024}
}

@article{Barabucci_Combining_2024,
  title = {Combining {{Insights From Multiple Large Language Models Improves Diagnostic Accuracy}}},
  author = {Barabucci, Gioele and Shia, Victor and Chu, Eugene and Harack, Benjamin and Fu, Nathan},
  shortjournal = {NEJM AI},
  volume = {1},
  number = {11},
  eprint = {2402.08806},
  eprinttype = {arXiv},
  eprintclass = {cs},
  issn = {2836-9386},
  year = {2024},
  journal = {NEJM AI}
}

@online{Behboudi_Recent_2024,
  title = {Recent {{Advances}} in {{Traffic Accident Analysis}} and {{Prediction}}: {{A Comprehensive Review}} of {{Machine Learning Techniques}}},
  shorttitle = {Recent {{Advances}} in {{Traffic Accident Analysis}} and {{Prediction}}},
  author = {Behboudi, Noushin and Moosavi, Sobhan and Ramnath, Rajiv},
  eprint = {2406.13968},
  eprinttype = {arXiv},
  eprintclass = {cs},
  pubstate = {prepublished},
  year = {2024}
}

@online{Bian_Multi-Patch_2024a,
  title = {Multi-{{Patch Prediction}}: {{Adapting LLMs}} for {{Time Series Representation Learning}}},
  shorttitle = {Multi-{{Patch Prediction}}},
  author = {Bian, Yuxuan and Ju, Xuan and Li, Jiangtong and Xu, Zhijian and Cheng, Dawei and Xu, Qiang},
  eprint = {2402.04852},
  eprinttype = {arXiv},
  eprintclass = {cs},
  pubstate = {prepublished},
  year = {2024}
}

@online{Blau_Context-aware_2024,
  title = {Context-Aware {{Prompt Tuning}}: {{Advancing In-Context Learning}} with {{Adversarial Methods}}},
  shorttitle = {Context-Aware {{Prompt Tuning}}},
  author = {Blau, Tsachi and Kimhi, Moshe and Belinkov, Yonatan and Bronstein, Alexander and Baskin, Chaim},
  eprint = {2410.17222},
  eprinttype = {arXiv},
  eprintclass = {cs},
  pubstate = {prepublished},
  year = {2024}
}

@article{Borucki_KEPLER_2016,
  title={{KEPLER} {Mission}: development and overview},
  author={Borucki, William J},
  journal={Reports on Progress in Physics},
  volume={79},
  number={3},
  pages={036901},
  year={2016},
  publisher={IOP Publishing}
}

@article{Cai_JoLT_2024,
  title = {{{JoLT}}: {{Jointly Learned Representations}} of {{Language}} and {{Time-Series}} for {{Clinical Time-Series Interpretation}} ({{Student Abstract}})},
  shorttitle = {{{JoLT}}},
  author = {Cai, Yifu and Srinivasan, Arvind and Goswami, Mononito and Choudhry, Arjun and Dubrawski, Artur},
  shortjournal = {AAAI},
  volume = {38},
  number = {21},
  pages = {23447--23448},
  issn = {2374-3468, 2159-5399},
  year = {2024},
  journal = {Proceedings of the AAAI Conference on Artificial Intelligence}
}

@online{Cao_RiskLabs_2024,
  title = {{{RiskLabs}}: {{Predicting Financial Risk Using Large Language Model Based}} on {{Multi-Sources Data}}},
  shorttitle = {{{RiskLabs}}},
  author = {Cao, Yupeng and Chen, Zhi and Pei, Qingyun and Dimino, Fabrizio and Ausiello, Lorenzo and Kumar, Prashant and Subbalakshmi, K. P. and Ndiaye, Papa Momar},
  eprint = {2404.07452},
  eprinttype = {arXiv},
  eprintclass = {q-fin},
  pubstate = {prepublished},
  year = {2024}
}

@online{Chan_MedTsLLM_2024,
  title = {{{MedTsLLM}}: {{Leveraging LLMs}} for {{Multimodal Medical Time Series Analysis}}},
  shorttitle = {{{MedTsLLM}}},
  author = {Chan, Nimeesha and Parker, Felix and Bennett, William and Wu, Tianyi and Jia, Mung Yao and Fackler, James and Ghobadi, Kimia},
  eprint = {2408.07773},
  eprinttype = {arXiv},
  eprintclass = {cs},
  pubstate = {prepublished},
  year = {2024}
}

@online{Chang_LLM4TS_2024,
  title = {{{LLM4TS}}: {{Aligning Pre-Trained LLMs}} as {{Data-Efficient Time-Series Forecasters}}},
  shorttitle = {{{LLM4TS}}},
  author = {Chang, Ching and Wang, Wei-Yao and Peng, Wen-Chih and Chen, Tien-Fu},
  eprint = {2308.08469},
  eprinttype = {arXiv},
  eprintclass = {cs},
  pubstate = {prepublished},
  year = {2024}
}

@article{Chen_ChatGPT_2023,
  title = {{{ChatGPT Informed Graph Neural Network}} for {{Stock Movement Prediction}}},
  author = {Chen, Zihan and Zheng, Lei Nico and Lu, Cheng and Yuan, Jialu and Zhu, Di},
  shortjournal = {SSRN Journal},
  eprint = {2306.03763},
  eprinttype = {arXiv},
  eprintclass = {q-fin},
  issn = {1556-5068},
  year = {2023},
  journal = {SSRN Electronic Journal}
}

@inproceedings{Chen_Disentangling_2024,
  title = {Disentangling {{Domain}} and {{General Representations}} for {{Time Series Classification}}},
  booktitle = {Proceedings of the {{Thirty-ThirdInternational Joint Conference}} on {{Artificial Intelligence}}},
  author = {Chen, Youmin and Yan, Xinyu and Yang, Yang and Zhang, Jianfeng and Zhang, Jing and Pan, Lujia and Li, Juren},
  pages = {3834--3842},
  publisher = {International Joint Conferences on Artificial Intelligence Organization},
  location = {Jeju, South Korea},
  isbn = {978-1-956792-04-1},
  year = {2024}
}

@online{Cheng_Advancing_2024,
  title = {Advancing {{Time Series Classification}} with {{Multimodal Language Modeling}}},
  author = {Cheng, Mingyue and Chen, Yiheng and Liu, Qi and Liu, Zhiding and Luo, Yucong},
  eprint = {2403.12371},
  eprinttype = {arXiv},
  eprintclass = {cs},
  pubstate = {prepublished},
  year = {2024}
}

@online{Chow_Time_2024,
  title = {Towards {{Time Series Reasoning}} with {{LLMs}}},
  author = {Chow, Winnie and Gardiner, Lauren and Hallgr√≠msson, Haraldur T. and Xu, Maxwell A. and Ren, Shirley You},
  eprint = {2409.11376},
  eprinttype = {arXiv},
  eprintclass = {cs},
  pubstate = {prepublished},
  year = {2024}
}

@article{crowley2022observed,
  title = {Observed Rate Variations in Superflaring G-Type Stars},
  author = {Crowley, James and Wheatland, Michael S and Yang, Kai},
  volume = {941},
  number = {2},
  pages = {193},
  publisher = {IOP Publishing},
  year = {2022},
  journal = {The Astrophysical Journal}
}

@article{Darban_Deep_2025a,
  title = {Deep {{Learning}} for {{Time Series Anomaly Detection}}: {{A Survey}}},
  shorttitle = {Deep {{Learning}} for {{Time Series Anomaly Detection}}},
  author = {Darban, Zahra Zamanzadeh and Webb, Geoffrey I. and Pan, Shirui and Aggarwal, Charu C. and Salehi, Mahsa},
  shortjournal = {ACM Comput. Surv.},
  volume = {57},
  number = {1},
  eprint = {2211.05244},
  eprinttype = {arXiv},
  eprintclass = {cs},
  pages = {1--42},
  issn = {0360-0300, 1557-7341},
  year = {2025},
  journal = {ACM Computing Surveys}
}

@inproceedings{DBLP:conf/aaai/SongRTS18,
  title = {Attend and Diagnose: {{Clinical}} Time Series Analysis Using Attention Models},
  booktitle = {Proceedings of the Thirty-Second {{AAAI}} Conference on Artificial Intelligence, ({{AAAI-18}}), the 30th Innovative Applications of Artificial Intelligence ({{IAAI-18}}), and the 8th {{AAAI}} Symposium on Educational Advances in Artificial Intelligence ({{EAAI-18}}), New Orleans, Louisiana, {{USA}}, February 2-7, 2018},
  author = {Song, Huan and Rajan, Deepta and Thiagarajan, Jayaraman J. and Spanias, Andreas},
  pages = {4091--4098},
  publisher = {AAAI Press},
  bibsource = {dblp computer science bibliography, https://dblp.org},
  timestamp = {Mon, 04 Sep 2023 16:50:27 +0200},
  year = {2018}
}

@inproceedings{DBLP:conf/aaai/YueWDYHTX22,
  title = {{{TS2Vec}}: {{Towards}} Universal Representation of Time Series},
  booktitle = {Thirty-Sixth {{AAAI}} Conference on Artificial Intelligence, {{AAAI}} 2022, Thirty-Fourth Conference on Innovative Applications of Artificial Intelligence, {{IAAI}} 2022, the Twelveth Symposium on Educational Advances in Artificial Intelligence, {{EAAI}} 2022 Virtual Event, February 22 - March 1, 2022},
  author = {Yue, Zhihan and Wang, Yujing and Duan, Juanyong and Yang, Tianmeng and Huang, Congrui and Tong, Yunhai and Xu, Bixiong},
  pages = {8980--8987},
  publisher = {AAAI Press},
  bibsource = {dblp computer science bibliography, https://dblp.org},
  timestamp = {Mon, 04 Sep 2023 16:50:28 +0200},
  year = {2022}
}

@inproceedings{DBLP:conf/aaai/ZengCZ023,
  title = {Are Transformers Effective for Time Series Forecasting?},
  booktitle = {Thirty-Seventh {{AAAI}} Conference on Artificial Intelligence, {{AAAI}} 2023, Thirty-Fifth Conference on Innovative Applications of Artificial Intelligence, {{IAAI}} 2023, Thirteenth Symposium on Educational Advances in Artificial Intelligence, {{EAAI}} 2023, Washington, {{DC}}, {{USA}}, February 7-14, 2023},
  author = {Zeng, Ailing and Chen, Muxi and Zhang, Lei and Xu, Qiang},
  pages = {11121--11128},
  publisher = {AAAI Press},
  bibsource = {dblp computer science bibliography, https://dblp.org},
  timestamp = {Mon, 04 Sep 2023 16:50:28 +0200},
  year = {2023}
}

@inproceedings{DBLP:conf/aaai/ZhouZPZLXZ21,
  title = {Informer: {{Beyond}} Efficient Transformer for Long Sequence Time-Series Forecasting},
  booktitle = {Thirty-Fifth {{AAAI}} Conference on Artificial Intelligence, {{AAAI}} 2021, Thirty-Third Conference on Innovative Applications of Artificial Intelligence, {{IAAI}} 2021, the Eleventh Symposium on Educational Advances in Artificial Intelligence, {{EAAI}} 2021, Virtual Event, February 2-9, 2021},
  author = {Zhou, Haoyi and Zhang, Shanghang and Peng, Jieqi and Zhang, Shuai and Li, Jianxin and Xiong, Hui and Zhang, Wancai},
  pages = {11106--11115},
  publisher = {AAAI Press},
  bibsource = {dblp computer science bibliography, https://dblp.org},
  timestamp = {Wed, 14 Aug 2024 08:07:12 +0200},
  year = {2021}
}

@inproceedings{DBLP:conf/acl/LiuJFTDY022,
  title = {P-Tuning: {{Prompt}} Tuning Can Be Comparable to Fine-Tuning across Scales and Tasks},
  booktitle = {Proceedings of the 60th Annual Meeting of the Association for Computational Linguistics (Volume 2: {{Short}} Papers), {{ACL}} 2022, Dublin, Ireland, May 22-27, 2022},
  author = {Liu, Xiao and Ji, Kaixuan and Fu, Yicheng and Tam, Weng and Du, Zhengxiao and Yang, Zhilin and Tang, Jie},
  pages = {61--68},
  publisher = {Association for Computational Linguistics},
  bibsource = {dblp computer science bibliography, https://dblp.org},
  timestamp = {Mon, 04 Sep 2023 20:40:36 +0200},
  year = {2022}
}

@inproceedings{DBLP:conf/aistats/HegselmannBLA0S23,
  title = {{{TabLLM}}: {{Few-shot}} Classification of Tabular Data with Large Language Models},
  booktitle = {International Conference on Artificial Intelligence and Statistics, 25-27 April 2023, Palau de Congressos, Valencia, Spain},
  author = {Hegselmann, Stefan and Buendia, Alejandro and Lang, Hunter and Agrawal, Monica and Jiang, Xiaoyi and Sontag, David A.},
  series = {Proceedings of Machine Learning Research},
  volume = {206},
  pages = {5549--5581},
  publisher = {PMLR},
  bibsource = {dblp computer science bibliography, https://dblp.org},
  timestamp = {Mon, 19 Jun 2023 16:44:26 +0200},
  year = {2023}
}

@inproceedings{DBLP:conf/iclr/0005WMCZSCLLPW24,
  title = {Time-{{LLM}}: {{Time}} Series Forecasting by Reprogramming Large Language Models},
  booktitle = {The Twelfth International Conference on Learning Representations, {{ICLR}} 2024, Vienna, Austria, May 7-11, 2024},
  author = {Jin, Ming and Wang, Shiyu and Ma, Lintao and Chu, Zhixuan and Zhang, James Y. and Shi, Xiaoming and Chen, Pin-Yu and Liang, Yuxuan and Li, Yuan-Fang and Pan, Shirui and Wen, Qingsong},
  publisher = {OpenReview.net},
  bibsource = {dblp computer science bibliography, https://dblp.org},
  timestamp = {Thu, 08 Aug 2024 07:48:10 +0200},
  year = {2024}
}

@inproceedings{DBLP:conf/iclr/CaoJAPZY024,
  title = {{{TEMPO}}: Prompt-Based Generative Pre-Trained Transformer for Time Series Forecasting},
  booktitle = {The Twelfth International Conference on Learning Representations, {{ICLR}} 2024, Vienna, Austria, May 7-11, 2024},
  author = {Cao, Defu and Jia, Furong and Arik, Sercan √ñ. and Pfister, Tomas and Zheng, Yixiang and Ye, Wen and Liu, Yan},
  publisher = {OpenReview.net},
  bibsource = {dblp computer science bibliography, https://dblp.org},
  timestamp = {Wed, 07 Aug 2024 17:11:53 +0200},
  year = {2024}
}

@inproceedings{DBLP:conf/iclr/DongZYZ23,
  title = {{{LPT}}: Long-Tailed Prompt Tuning for Image Classification},
  booktitle = {The Eleventh International Conference on Learning Representations, {{ICLR}} 2023, Kigali, Rwanda, May 1-5, 2023},
  author = {Dong, Bowen and Zhou, Pan and Yan, Shuicheng and Zuo, Wangmeng},
  publisher = {OpenReview.net},
  bibsource = {dblp computer science bibliography, https://dblp.org},
  timestamp = {Wed, 24 Jul 2024 16:50:33 +0200},
  year = {2023}
}

@inproceedings{DBLP:conf/iclr/DosovitskiyB0WZ21,
  title = {An Image Is Worth 16x16 Words: {{Transformers}} for Image Recognition at Scale},
  booktitle = {9th International Conference on Learning Representations, {{ICLR}} 2021, Virtual Event, Austria, May 3-7, 2021},
  author = {Dosovitskiy, Alexey and Beyer, Lucas and Kolesnikov, Alexander and Weissenborn, Dirk and Zhai, Xiaohua and Unterthiner, Thomas and Dehghani, Mostafa and Minderer, Matthias and Heigold, Georg and Gelly, Sylvain and Uszkoreit, Jakob and Houlsby, Neil},
  publisher = {OpenReview.net},
  bibsource = {dblp computer science bibliography, https://dblp.org},
  timestamp = {Wed, 23 Jun 2021 17:36:39 +0200},
  year = {2021}
}

@inproceedings{DBLP:conf/iclr/FraikinBA24,
  title = {T-Rep: {{Representation}} Learning for Time Series Using Time-Embeddings},
  booktitle = {The Twelfth International Conference on Learning Representations, {{ICLR}} 2024, Vienna, Austria, May 7-11, 2024},
  author = {Fraikin, Archibald and Bennetot, Adrien and Allassonni√®re, St√©phanie},
  publisher = {OpenReview.net},
  bibsource = {dblp computer science bibliography, https://dblp.org},
  timestamp = {Wed, 07 Aug 2024 17:11:53 +0200},
  year = {2024}
}

@inproceedings{DBLP:conf/iclr/HuSWALWWC22,
  title = {{{LoRA}}: {{Low-rank}} Adaptation of Large Language Models},
  booktitle = {The Tenth International Conference on Learning Representations, {{ICLR}} 2022, Virtual Event, April 25-29, 2022},
  author = {Hu, Edward J. and Shen, Yelong and Wallis, Phillip and Allen-Zhu, Zeyuan and Li, Yuanzhi and Wang, Shean and Wang, Lu and Chen, Weizhu},
  publisher = {OpenReview.net},
  bibsource = {dblp computer science bibliography, https://dblp.org},
  timestamp = {Sat, 20 Aug 2022 01:15:42 +0200},
  year = {2022}
}

@inproceedings{DBLP:conf/iclr/KacprzykLS24,
  title = {Towards Transparent Time Series Forecasting},
  booktitle = {The Twelfth International Conference on Learning Representations, {{ICLR}} 2024, Vienna, Austria, May 7-11, 2024},
  author = {Kacprzyk, Krzysztof and Liu, Tennison and family=Schaar, given=Mihaela, prefix=van der, useprefix=true},
  publisher = {OpenReview.net},
  bibsource = {dblp computer science bibliography, https://dblp.org},
  timestamp = {Wed, 07 Aug 2024 17:11:53 +0200},
  year = {2024}
}

@inproceedings{DBLP:conf/iclr/KipfW17,
  title = {Semi-Supervised Classification with Graph Convolutional Networks},
  booktitle = {5th International Conference on Learning Representations, {{ICLR}} 2017, Toulon, France, April 24-26, 2017, Conference Track Proceedings},
  author = {Kipf, Thomas N. and Welling, Max},
  publisher = {OpenReview.net},
  bibsource = {dblp computer science bibliography, https://dblp.org},
  timestamp = {Thu, 25 Jul 2019 14:25:55 +0200},
  year = {2017}
}

@inproceedings{DBLP:conf/iclr/KitaevKL20,
  title = {Reformer: {{The}} Efficient Transformer},
  booktitle = {8th International Conference on Learning Representations, {{ICLR}} 2020, Addis Ababa, Ethiopia, April 26-30, 2020},
  author = {Kitaev, Nikita and Kaiser, Lukasz and Levskaya, Anselm},
  publisher = {OpenReview.net},
  bibsource = {dblp computer science bibliography, https://dblp.org},
  timestamp = {Thu, 07 May 2020 17:11:48 +0200},
  year = {2020}
}

@inproceedings{DBLP:conf/iclr/LeePL24a,
  title = {Learning to Embed Time Series Patches Independently},
  booktitle = {The Twelfth International Conference on Learning Representations, {{ICLR}} 2024, Vienna, Austria, May 7-11, 2024},
  author = {Lee, Seunghan and Park, Taeyoung and Lee, Kibok},
  publisher = {OpenReview.net},
  bibsource = {dblp computer science bibliography, https://dblp.org},
  timestamp = {Thu, 22 Aug 2024 13:59:17 +0200},
  year = {2024}
}

@inproceedings{DBLP:conf/iclr/LiuHZWWML24,
  title = {{{iTransformer}}: {{Inverted}} Transformers Are Effective for Time Series Forecasting},
  booktitle = {The Twelfth International Conference on Learning Representations, {{ICLR}} 2024, Vienna, Austria, May 7-11, 2024},
  author = {Liu, Yong and Hu, Tengge and Zhang, Haoran and Wu, Haixu and Wang, Shiyu and Ma, Lintao and Long, Mingsheng},
  publisher = {OpenReview.net},
  bibsource = {dblp computer science bibliography, https://dblp.org},
  timestamp = {Wed, 07 Aug 2024 16:26:44 +0200},
  year = {2024}
}

@inproceedings{DBLP:conf/iclr/LiuYLLLLD22,
  title = {Pyraformer: {{Low-complexity}} Pyramidal Attention for Long-Range Time Series Modeling and Forecasting},
  booktitle = {The Tenth International Conference on Learning Representations, {{ICLR}} 2022, Virtual Event, April 25-29, 2022},
  author = {Liu, Shizhan and Yu, Hang and Liao, Cong and Li, Jianguo and Lin, Weiyao and Liu, Alex X. and Dustdar, Schahram},
  publisher = {OpenReview.net},
  bibsource = {dblp computer science bibliography, https://dblp.org},
  timestamp = {Fri, 02 Aug 2024 21:59:25 +0200},
  year = {2022}
}

@inproceedings{DBLP:conf/iclr/LiYS018,
  title = {Diffusion Convolutional Recurrent Neural Network: {{Data-driven}} Traffic Forecasting},
  booktitle = {6th International Conference on Learning Representations, {{ICLR}} 2018, Vancouver, {{BC}}, Canada, April 30 - May 3, 2018, Conference Track Proceedings},
  author = {Li, Yaguang and Yu, Rose and Shahabi, Cyrus and Liu, Yan},
  publisher = {OpenReview.net},
  bibsource = {dblp computer science bibliography, https://dblp.org},
  timestamp = {Thu, 25 Jul 2019 14:25:46 +0200},
  year = {2018}
}

@inproceedings{DBLP:conf/iclr/LoshchilovH19,
  title = {Decoupled Weight Decay Regularization},
  booktitle = {7th International Conference on Learning Representations, {{ICLR}} 2019, New Orleans, {{LA}}, {{USA}}, May 6-9, 2019},
  author = {Loshchilov, Ilya and Hutter, Frank},
  publisher = {OpenReview.net},
  bibsource = {dblp computer science bibliography, https://dblp.org},
  timestamp = {Thu, 25 Jul 2019 14:26:04 +0200},
  year = {2019}
}

@inproceedings{DBLP:conf/iclr/NieNSK23,
  title = {A Time Series Is Worth 64 Words: {{Long-term}} Forecasting with Transformers},
  booktitle = {The Eleventh International Conference on Learning Representations, {{ICLR}} 2023, Kigali, Rwanda, May 1-5, 2023},
  author = {Nie, Yuqi and Nguyen, Nam H. and Sinthong, Phanwadee and Kalagnanam, Jayant},
  publisher = {OpenReview.net},
  bibsource = {dblp computer science bibliography, https://dblp.org},
  timestamp = {Wed, 24 Jul 2024 16:50:33 +0200},
  year = {2023}
}

@inproceedings{DBLP:conf/iclr/OreshkinCCB20,
  title = {N-{{BEATS}}: {{Neural}} Basis Expansion Analysis for Interpretable Time Series Forecasting},
  booktitle = {8th International Conference on Learning Representations, {{ICLR}} 2020, Addis Ababa, Ethiopia, April 26-30, 2020},
  author = {Oreshkin, Boris N. and Carpov, Dmitri and Chapados, Nicolas and Bengio, Yoshua},
  publisher = {OpenReview.net},
  bibsource = {dblp computer science bibliography, https://dblp.org},
  timestamp = {Thu, 07 May 2020 17:11:47 +0200},
  year = {2020}
}

@inproceedings{DBLP:conf/iclr/Sun0LH24,
  title = {{{TEST}}: Text Prototype Aligned Embedding to Activate Llm's Ability for Time Series},
  booktitle = {The Twelfth International Conference on Learning Representations, {{ICLR}} 2024, Vienna, Austria, May 7-11, 2024},
  author = {Sun, Chenxi and Li, Hongyan and Li, Yaliang and Hong, Shenda},
  publisher = {OpenReview.net},
  bibsource = {dblp computer science bibliography, https://dblp.org},
  timestamp = {Wed, 07 Aug 2024 17:11:53 +0200},
  year = {2024}
}

@inproceedings{DBLP:conf/iclr/Wang0HWCX23,
  title = {{{MICN}}: Multi-Scale Local and Global Context Modeling for Long-Term Series Forecasting},
  booktitle = {The Eleventh International Conference on Learning Representations, {{ICLR}} 2023, Kigali, Rwanda, May 1-5, 2023},
  author = {Wang, Huiqiang and Peng, Jian and Huang, Feihu and Wang, Jince and Chen, Junhui and Xiao, Yifei},
  publisher = {OpenReview.net},
  bibsource = {dblp computer science bibliography, https://dblp.org},
  timestamp = {Mon, 21 Oct 2024 15:07:23 +0200},
  year = {2023}
}

@inproceedings{DBLP:conf/iclr/WangWSHLMZ024,
  title = {{{TimeMixer}}: {{Decomposable}} Multiscale Mixing for Time Series Forecasting},
  booktitle = {The Twelfth International Conference on Learning Representations, {{ICLR}} 2024, Vienna, Austria, May 7-11, 2024},
  author = {Wang, Shiyu and Wu, Haixu and Shi, Xiaoming and Hu, Tengge and Luo, Huakun and Ma, Lintao and Zhang, James Y. and Zhou, Jun},
  publisher = {OpenReview.net},
  bibsource = {dblp computer science bibliography, https://dblp.org},
  timestamp = {Thu, 08 Aug 2024 07:48:12 +0200},
  year = {2024}
}

@inproceedings{DBLP:conf/iclr/WuHLZ0L23,
  title = {{{TimesNet}}: {{Temporal 2D-variation}} Modeling for General Time Series Analysis},
  booktitle = {The Eleventh International Conference on Learning Representations, {{ICLR}} 2023, Kigali, Rwanda, May 1-5, 2023},
  author = {Wu, Haixu and Hu, Tengge and Liu, Yong and Zhou, Hang and Wang, Jianmin and Long, Mingsheng},
  publisher = {OpenReview.net},
  bibsource = {dblp computer science bibliography, https://dblp.org},
  timestamp = {Wed, 24 Jul 2024 16:50:33 +0200},
  year = {2023}
}

@inproceedings{DBLP:conf/iclr/XuZ024,
  title = {{{FITS}}: Modeling Time Series with 10k Parameters},
  booktitle = {The Twelfth International Conference on Learning Representations, {{ICLR}} 2024, Vienna, Austria, May 7-11, 2024},
  author = {Xu, Zhijian and Zeng, Ailing and Xu, Qiang},
  publisher = {OpenReview.net},
  bibsource = {dblp computer science bibliography, https://dblp.org},
  timestamp = {Mon, 29 Jul 2024 17:17:48 +0200},
  year = {2024}
}

@inproceedings{DBLP:conf/iclr/ZhangY23,
  title = {Crossformer: {{Transformer}} Utilizing Cross-Dimension Dependency for Multivariate Time Series Forecasting},
  booktitle = {The Eleventh International Conference on Learning Representations, {{ICLR}} 2023, Kigali, Rwanda, May 1-5, 2023},
  author = {Zhang, Yunhao and Yan, Junchi},
  publisher = {OpenReview.net},
  bibsource = {dblp computer science bibliography, https://dblp.org},
  timestamp = {Wed, 24 Jul 2024 16:50:34 +0200},
  year = {2023}
}

@inproceedings{DBLP:conf/iclr/ZhaoS24,
  title = {Rethinking Channel Dependence for Multivariate Time Series Forecasting: {{Learning}} from Leading Indicators},
  booktitle = {The Twelfth International Conference on Learning Representations, {{ICLR}} 2024, Vienna, Austria, May 7-11, 2024},
  author = {Zhao, Lifan and Shen, Yanyan},
  publisher = {OpenReview.net},
  bibsource = {dblp computer science bibliography, https://dblp.org},
  timestamp = {Wed, 07 Aug 2024 17:11:53 +0200},
  year = {2024}
}

@inproceedings{DBLP:conf/icml/0005ZCZL0WPW24,
  title = {Position: {{What}} Can Large Language Models Tell Us about Time Series Analysis},
  booktitle = {Forty-First International Conference on Machine Learning, {{ICML}} 2024, Vienna, Austria, July 21-27, 2024},
  author = {Jin, Ming and Zhang, Yifan and Chen, Wei and Zhang, Kexin and Liang, Yuxuan and Yang, Bin and Wang, Jindong and Pan, Shirui and Wen, Qingsong},
  publisher = {OpenReview.net},
  bibsource = {dblp computer science bibliography, https://dblp.org},
  timestamp = {Mon, 21 Oct 2024 07:58:41 +0200},
  year = {2024}
}

@inproceedings{DBLP:conf/icml/BianJLXC024,
  title = {Multi-Patch Prediction: {{Adapting}} Language Models for Time Series Representation Learning},
  booktitle = {Forty-First International Conference on Machine Learning, {{ICML}} 2024, Vienna, Austria, July 21-27, 2024},
  author = {Bian, Yuxuan and Ju, Xuan and Li, Jiangtong and Xu, Zhijian and Cheng, Dawei and Xu, Qiang},
  publisher = {OpenReview.net},
  bibsource = {dblp computer science bibliography, https://dblp.org},
  timestamp = {Mon, 02 Sep 2024 16:55:26 +0200},
  year = {2024}
}

@inproceedings{DBLP:conf/icml/ChenQZL0S0R24,
  title = {{{TimeMIL}}: {{Advancing}} Multivariate Time Series Classification via a Time-Aware Multiple Instance Learning},
  booktitle = {Forty-First International Conference on Machine Learning, {{ICML}} 2024, Vienna, Austria, July 21-27, 2024},
  author = {Chen, Xiwen and Qiu, Peijie and Zhu, Wenhui and Li, Huayu and Wang, Hao and Sotiras, Aristeidis and Wang, Yalin and Razi, Abolfazl},
  publisher = {OpenReview.net},
  bibsource = {dblp computer science bibliography, https://dblp.org},
  timestamp = {Mon, 02 Sep 2024 16:55:26 +0200},
  year = {2024}
}

@inproceedings{DBLP:conf/icml/CrabbeHSS24,
  title = {Time Series Diffusion in the Frequency Domain},
  booktitle = {Forty-First International Conference on Machine Learning, {{ICML}} 2024, Vienna, Austria, July 21-27, 2024},
  author = {Crabb√©, Jonathan and Huynh, Nicolas and Stanczuk, Jan and family=Schaar, given=Mihaela, prefix=van der, useprefix=true},
  publisher = {OpenReview.net},
  bibsource = {dblp computer science bibliography, https://dblp.org},
  timestamp = {Mon, 02 Sep 2024 16:55:26 +0200},
  year = {2024}
}

@inproceedings{DBLP:conf/icml/Eldele0C0024,
  title = {{{TSLANet}}: {{Rethinking}} Transformers for Time Series Representation Learning},
  booktitle = {Forty-First International Conference on Machine Learning, {{ICML}} 2024, Vienna, Austria, July 21-27, 2024},
  author = {Eldele, Emadeldeen and Ragab, Mohamed and Chen, Zhenghua and Wu, Min and Li, Xiaoli},
  publisher = {OpenReview.net},
  bibsource = {dblp computer science bibliography, https://dblp.org},
  timestamp = {Mon, 02 Sep 2024 16:55:26 +0200},
  year = {2024}
}

@inproceedings{DBLP:conf/icml/GoswamiSCCLD24,
  title = {{{MOMENT}}: {{A}} Family of Open Time-Series Foundation Models},
  booktitle = {Forty-First International Conference on Machine Learning, {{ICML}} 2024, Vienna, Austria, July 21-27, 2024},
  author = {Goswami, Mononito and Szafer, Konrad and Choudhry, Arjun and Cai, Yifu and Li, Shuo and Dubrawski, Artur},
  publisher = {OpenReview.net},
  bibsource = {dblp computer science bibliography, https://dblp.org},
  timestamp = {Mon, 02 Sep 2024 16:55:26 +0200},
  year = {2024}
}

@inproceedings{DBLP:conf/icml/HanYZ24,
  title = {{{SIN}}: Selective and Interpretable Normalization for Long-Term Time Series Forecasting},
  booktitle = {Forty-First International Conference on Machine Learning, {{ICML}} 2024, Vienna, Austria, July 21-27, 2024},
  author = {Han, Lu and Ye, Han-Jia and Zhan, De-Chuan},
  publisher = {OpenReview.net},
  bibsource = {dblp computer science bibliography, https://dblp.org},
  timestamp = {Mon, 02 Sep 2024 16:55:26 +0200},
  year = {2024}
}

@inproceedings{DBLP:conf/icml/Lin0WCY24,
  title = {{{SparseTSF}}: {{Modeling}} Long-Term Time Series Forecasting with *1k* Parameters},
  booktitle = {Forty-First International Conference on Machine Learning, {{ICML}} 2024, Vienna, Austria, July 21-27, 2024},
  author = {Lin, Shengsheng and Lin, Weiwei and Wu, Wentai and Chen, Haojun and Yang, Junjie},
  publisher = {OpenReview.net},
  bibsource = {dblp computer science bibliography, https://dblp.org},
  timestamp = {Mon, 02 Sep 2024 16:55:25 +0200},
  year = {2024}
}

@inproceedings{DBLP:conf/icml/LiuGBCBLHDVB24,
  title = {Decoding-Time Realignment of Language Models},
  booktitle = {Forty-First International Conference on Machine Learning, {{ICML}} 2024, Vienna, Austria, July 21-27, 2024},
  author = {Liu, Tianlin and Guo, Shangmin and Bianco, Leonardo and Calandriello, Daniele and Berthet, Quentin and Llinares-L√≥pez, Felipe and Hoffmann, Jessica and Dixon, Lucas and Valko, Michal and Blondel, Mathieu},
  publisher = {OpenReview.net},
  bibsource = {dblp computer science bibliography, https://dblp.org},
  timestamp = {Mon, 02 Sep 2024 16:55:25 +0200},
  year = {2024}
}

@inproceedings{DBLP:conf/icml/LiuWS0CSDO0L24,
  title = {{{TimeX}}++: {{Learning}} Time-Series Explanations with Information Bottleneck},
  booktitle = {Forty-First International Conference on Machine Learning, {{ICML}} 2024, Vienna, Austria, July 21-27, 2024},
  author = {Liu, Zichuan and Wang, Tianchun and Shi, Jimeng and Zheng, Xu and Chen, Zhuomin and Song, Lei and Dong, Wenqian and Obeysekera, Jayantha and Shirani, Farhad and Luo, Dongsheng},
  publisher = {OpenReview.net},
  bibsource = {dblp computer science bibliography, https://dblp.org},
  timestamp = {Mon, 02 Sep 2024 16:55:26 +0200},
  year = {2024}
}

@inproceedings{DBLP:conf/icml/LiuZLH0L24,
  title = {Timer: {{Generative}} Pre-Trained Transformers Are Large Time Series Models},
  booktitle = {Forty-First International Conference on Machine Learning, {{ICML}} 2024, Vienna, Austria, July 21-27, 2024},
  author = {Liu, Yong and Zhang, Haoran and Li, Chenyu and Huang, Xiangdong and Wang, Jianmin and Long, Mingsheng},
  publisher = {OpenReview.net},
  bibsource = {dblp computer science bibliography, https://dblp.org},
  timestamp = {Mon, 09 Sep 2024 19:07:31 +0200},
  year = {2024}
}

@inproceedings{DBLP:conf/icml/TonerD24,
  title = {An Analysis of Linear Time Series Forecasting Models},
  booktitle = {Forty-First International Conference on Machine Learning, {{ICML}} 2024, Vienna, Austria, July 21-27, 2024},
  author = {Toner, William and Darlow, Luke Nicholas},
  publisher = {OpenReview.net},
  bibsource = {dblp computer science bibliography, https://dblp.org},
  timestamp = {Mon, 02 Sep 2024 16:55:26 +0200},
  year = {2024}
}

@inproceedings{DBLP:conf/icml/WooLKXSS24,
  title = {Unified Training of Universal Time Series Forecasting Transformers},
  booktitle = {Forty-First International Conference on Machine Learning, {{ICML}} 2024, Vienna, Austria, July 21-27, 2024},
  author = {Woo, Gerald and Liu, Chenghao and Kumar, Akshat and Xiong, Caiming and Savarese, Silvio and Sahoo, Doyen},
  publisher = {OpenReview.net},
  bibsource = {dblp computer science bibliography, https://dblp.org},
  timestamp = {Mon, 02 Sep 2024 16:55:25 +0200},
  year = {2024}
}

@inproceedings{DBLP:conf/icml/Wu0Q0C24,
  title = {{{NExT-GPT}}: {{Any-to-any}} Multimodal {{LLM}}},
  booktitle = {Forty-First International Conference on Machine Learning, {{ICML}} 2024, Vienna, Austria, July 21-27, 2024},
  author = {Wu, Shengqiong and Fei, Hao and Qu, Leigang and Ji, Wei and Chua, Tat-Seng},
  publisher = {OpenReview.net},
  bibsource = {dblp computer science bibliography, https://dblp.org},
  timestamp = {Mon, 02 Sep 2024 16:55:25 +0200},
  year = {2024}
}

@inproceedings{DBLP:conf/icml/YanGHZX24,
  title = {Probabilistic Time Series Modeling with Decomposable Denoising Diffusion Model},
  booktitle = {Forty-First International Conference on Machine Learning, {{ICML}} 2024, Vienna, Austria, July 21-27, 2024},
  author = {Yan, Tijin and Gong, Hengheng and He, Yongping and Zhan, Yufeng and Xia, Yuanqing},
  publisher = {OpenReview.net},
  bibsource = {dblp computer science bibliography, https://dblp.org},
  timestamp = {Mon, 02 Sep 2024 16:55:26 +0200},
  year = {2024}
}

@inproceedings{DBLP:conf/icml/YuZ0A0W24,
  title = {Revitalizing Multivariate Time Series Forecasting: {{Learnable}} Decomposition with Inter-Series Dependencies and Intra-Series Variations Modeling},
  booktitle = {Forty-First International Conference on Machine Learning, {{ICML}} 2024, Vienna, Austria, July 21-27, 2024},
  author = {Yu, Guoqi and Zou, Jing and Hu, Xiaowei and Avil√©s-Rivero, Angelica I. and Qin, Jing and Wang, Shujun},
  publisher = {OpenReview.net},
  bibsource = {dblp computer science bibliography, https://dblp.org},
  timestamp = {Mon, 02 Sep 2024 16:55:26 +0200},
  year = {2024}
}

@inproceedings{DBLP:conf/icml/ZhangLZY24,
  title = {{{UP2ME}}: Univariate Pre-Training to Multivariate Fine-Tuning as a General-Purpose Framework for Multivariate Time Series Analysis},
  booktitle = {Forty-First International Conference on Machine Learning, {{ICML}} 2024, Vienna, Austria, July 21-27, 2024},
  author = {Zhang, Yunhao and Liu, Minghao and Zhou, Shengyang and Yan, Junchi},
  publisher = {OpenReview.net},
  bibsource = {dblp computer science bibliography, https://dblp.org},
  timestamp = {Mon, 02 Sep 2024 16:55:27 +0200},
  year = {2024}
}

@inproceedings{DBLP:conf/icml/ZhouMWW0022,
  title = {{{FEDformer}}: {{Frequency}} Enhanced Decomposed Transformer for Long-Term Series Forecasting},
  booktitle = {International Conference on Machine Learning, {{ICML}} 2022, 17-23 July 2022, Baltimore, Maryland, {{USA}}},
  author = {Zhou, Tian and Ma, Ziqing and Wen, Qingsong and Wang, Xue and Sun, Liang and Jin, Rong},
  series = {Proceedings of Machine Learning Research},
  volume = {162},
  pages = {27268--27286},
  publisher = {PMLR},
  bibsource = {dblp computer science bibliography, https://dblp.org},
  timestamp = {Wed, 04 Dec 2024 16:44:21 +0100},
  year = {2022}
}

@inproceedings{DBLP:conf/ijcai/QinSCCJC17,
  title = {A Dual-Stage Attention-Based Recurrent Neural Network for Time Series Prediction},
  booktitle = {Proceedings of the Twenty-Sixth International Joint Conference on Artificial Intelligence, {{IJCAI}} 2017, Melbourne, Australia, August 19-25, 2017},
  author = {Qin, Yao and Song, Dongjin and Chen, Haifeng and Cheng, Wei and Jiang, Guofei and Cottrell, Garrison W.},
  pages = {2627--2633},
  publisher = {ijcai.org},
  bibsource = {dblp computer science bibliography, https://dblp.org},
  timestamp = {Mon, 11 Dec 2023 16:36:46 +0100},
  year = {2017}
}

@inproceedings{DBLP:conf/kdd/Chowdhury0S0H22,
  title = {{{TARNet}}: {{Task-aware}} Reconstruction for Time-Series Transformer},
  booktitle = {{{KDD}} '22: {{The}} 28th {{ACM SIGKDD}} Conference on Knowledge Discovery and Data Mining, Washington, {{DC}}, {{USA}}, August 14 - 18, 2022},
  author = {Chowdhury, Ranak Roy and Zhang, Xiyuan and Shang, Jingbo and Gupta, Rajesh K. and Hong, Dezhi},
  pages = {212--220},
  publisher = {ACM},
  bibsource = {dblp computer science bibliography, https://dblp.org},
  timestamp = {Sun, 06 Oct 2024 21:10:27 +0200},
  year = {2022}
}

@inproceedings{DBLP:conf/kdd/WuPL0CZ20,
  title = {Connecting the Dots: {{Multivariate}} Time Series Forecasting with Graph Neural Networks},
  booktitle = {{{KDD}} '20: {{The}} 26th {{ACM SIGKDD}} Conference on Knowledge Discovery and Data Mining, Virtual Event, {{CA}}, {{USA}}, August 23-27, 2020},
  author = {Wu, Zonghan and Pan, Shirui and Long, Guodong and Jiang, Jing and Chang, Xiaojun and Zhang, Chengqi},
  pages = {753--763},
  publisher = {ACM},
  bibsource = {dblp computer science bibliography, https://dblp.org},
  timestamp = {Sat, 09 Apr 2022 12:35:09 +0200},
  year = {2020}
}

@inproceedings{DBLP:conf/mwscas/DeyS17,
  title = {Gate-Variants of Gated Recurrent Unit ({{GRU}}) Neural Networks},
  booktitle = {{{IEEE}} 60th International Midwest Symposium on Circuits and Systems, {{MWSCAS}} 2017, Boston, {{MA}}, {{USA}}, August 6-9, 2017},
  author = {Dey, Rahul and Salem, Fathi M.},
  pages = {1597--1600},
  publisher = {IEEE},
  bibsource = {dblp computer science bibliography, https://dblp.org},
  timestamp = {Mon, 09 Aug 2021 14:54:01 +0200},
  year = {2017}
}

@inproceedings{DBLP:conf/naacl/DevlinCLT19,
  title = {{{BERT}}: Pre-Training of Deep Bidirectional Transformers for Language Understanding},
  booktitle = {Proceedings of the 2019 Conference of the North American Chapter of the Association for Computational Linguistics: {{Human}} Language Technologies, {{NAACL-HLT}} 2019, Minneapolis, {{MN}}, {{USA}}, June 2-7, 2019, Volume 1 (Long and Short Papers)},
  author = {Devlin, Jacob and Chang, Ming-Wei and Lee, Kenton and Toutanova, Kristina},
  pages = {4171--4186},
  publisher = {Association for Computational Linguistics},
  bibsource = {dblp computer science bibliography, https://dblp.org},
  timestamp = {Mon, 26 Sep 2022 12:21:55 +0200},
  year = {2019}
}

@inproceedings{DBLP:conf/nips/DooleyKMNW23,
  title = {{{ForecastPFN}}: {{Synthetically-trained}} Zero-Shot Forecasting},
  booktitle = {Advances in Neural Information Processing Systems 36: {{Annual}} Conference on Neural Information Processing Systems 2023, {{NeurIPS}} 2023, New Orleans, {{LA}}, {{USA}}, December 10 - 16, 2023},
  author = {Dooley, Samuel and Khurana, Gurnoor Singh and Mohapatra, Chirag and Naidu, Siddartha V. and White, Colin},
  bibsource = {dblp computer science bibliography, https://dblp.org},
  timestamp = {Fri, 01 Mar 2024 16:26:19 +0100},
  year = {2023}
}

@inproceedings{DBLP:conf/nips/KiniPOT21,
  title = {Label-Imbalanced and Group-Sensitive Classification under Overparameterization},
  booktitle = {Advances in Neural Information Processing Systems 34: {{Annual}} Conference on Neural Information Processing Systems 2021, {{NeurIPS}} 2021, December 6-14, 2021, Virtual},
  author = {Kini, Ganesh Ramachandra and Paraskevas, Orestis and Oymak, Samet and Thrampoulidis, Christos},
  pages = {18970--18983},
  bibsource = {dblp computer science bibliography, https://dblp.org},
  timestamp = {Tue, 03 May 2022 16:20:48 +0200},
  year = {2021}
}

@inproceedings{DBLP:conf/nips/LiuWWL22,
  title = {Non-Stationary Transformers: {{Exploring}} the Stationarity in Time Series Forecasting},
  booktitle = {Advances in Neural Information Processing Systems 35: {{Annual}} Conference on Neural Information Processing Systems 2022, {{NeurIPS}} 2022, New Orleans, {{LA}}, {{USA}}, November 28 - December 9, 2022},
  author = {Liu, Yong and Wu, Haixu and Wang, Jianmin and Long, Mingsheng},
  bibsource = {dblp computer science bibliography, https://dblp.org},
  timestamp = {Mon, 08 Jan 2024 16:31:36 +0100},
  year = {2022}
}

@inproceedings{DBLP:conf/nips/LiuZCXLM022,
  title = {{{SCINet}}: {{Time}} Series Modeling and Forecasting with Sample Convolution and Interaction},
  booktitle = {Advances in Neural Information Processing Systems 35: {{Annual}} Conference on Neural Information Processing Systems 2022, {{NeurIPS}} 2022, New Orleans, {{LA}}, {{USA}}, November 28 - December 9, 2022},
  author = {Liu, Minhao and Zeng, Ailing and Chen, Muxi and Xu, Zhijian and Lai, Qiuxia and Ma, Lingna and Xu, Qiang},
  bibsource = {dblp computer science bibliography, https://dblp.org},
  timestamp = {Mon, 08 Jan 2024 16:31:36 +0100},
  year = {2022}
}

@inproceedings{DBLP:conf/nips/VaswaniSPUJGKP17,
  title = {Attention Is All You Need},
  booktitle = {Advances in Neural Information Processing Systems 30: {{Annual}} Conference on Neural Information Processing Systems 2017, December 4-9, 2017, Long Beach, {{CA}}, {{USA}}},
  author = {Vaswani, Ashish and Shazeer, Noam and Parmar, Niki and Uszkoreit, Jakob and Jones, Llion and Gomez, Aidan N. and Kaiser, Lukasz and Polosukhin, Illia},
  pages = {5998--6008},
  bibsource = {dblp computer science bibliography, https://dblp.org},
  timestamp = {Thu, 21 Jan 2021 15:15:21 +0100},
  year = {2017}
}

@inproceedings{DBLP:conf/nips/WuXWL21,
  title = {Autoformer: {{Decomposition}} Transformers with Auto-Correlation for Long-Term Series Forecasting},
  booktitle = {Advances in Neural Information Processing Systems 34: {{Annual}} Conference on Neural Information Processing Systems 2021, {{NeurIPS}} 2021, December 6-14, 2021, Virtual},
  author = {Wu, Haixu and Xu, Jiehui and Wang, Jianmin and Long, Mingsheng},
  pages = {22419--22430},
  bibsource = {dblp computer science bibliography, https://dblp.org},
  timestamp = {Mon, 26 Jun 2023 20:41:56 +0200},
  year = {2021}
}

@inproceedings{DBLP:conf/nips/YiZFWWHALCN23,
  title = {Frequency-Domain Mlps Are More Effective Learners in Time Series Forecasting},
  booktitle = {Advances in Neural Information Processing Systems 36: {{Annual}} Conference on Neural Information Processing Systems 2023, {{NeurIPS}} 2023, New Orleans, {{LA}}, {{USA}}, December 10 - 16, 2023},
  author = {Yi, Kun and Zhang, Qi and Fan, Wei and Wang, Shoujin and Wang, Pengyang and He, Hui and An, Ning and Lian, Defu and Cao, Longbing and Niu, Zhendong},
  bibsource = {dblp computer science bibliography, https://dblp.org},
  timestamp = {Thu, 29 Aug 2024 14:25:54 +0200},
  year = {2023}
}

@inproceedings{DBLP:conf/nips/ZhouMWW0YY022,
  title = {{{FiLM}}: {{Frequency}} Improved Legendre Memory Model for Long-Term Time Series Forecasting},
  booktitle = {Advances in Neural Information Processing Systems 35: {{Annual}} Conference on Neural Information Processing Systems 2022, {{NeurIPS}} 2022, New Orleans, {{LA}}, {{USA}}, November 28 - December 9, 2022},
  author = {Zhou, Tian and Ma, Ziqing and Wang, Xue and Wen, Qingsong and Sun, Liang and Yao, Tao and Yin, Wotao and Jin, Rong},
  bibsource = {dblp computer science bibliography, https://dblp.org},
  timestamp = {Thu, 23 Jan 2025 19:51:39 +0100},
  year = {2022}
}

@inproceedings{DBLP:conf/sigir/LaiCYL18,
  title = {Modeling Long- and Short-Term Temporal Patterns with Deep Neural Networks},
  booktitle = {The 41st International {{ACM SIGIR}} Conference on Research \& Development in Information Retrieval, {{SIGIR}} 2018, Ann Arbor, {{MI}}, {{USA}}, July 08-12, 2018},
  author = {Lai, Guokun and Chang, Wei-Cheng and Yang, Yiming and Liu, Hanxiao},
  pages = {95--104},
  publisher = {ACM},
  bibsource = {dblp computer science bibliography, https://dblp.org},
  timestamp = {Wed, 16 Sep 2020 13:34:22 +0200},
  year = {2018}
}

@inproceedings{DBLP:conf/www/LiuHLDLHZ24,
  title = {{{UniTime}}: {{A}} Language-Empowered Unified Model for Cross-Domain Time Series Forecasting},
  booktitle = {Proceedings of the {{ACM}} on Web Conference 2024, {{WWW}} 2024, Singapore, May 13-17, 2024},
  author = {Liu, Xu and Hu, Junfeng and Li, Yuan and Diao, Shizhe and Liang, Yuxuan and Hooi, Bryan and Zimmermann, Roger},
  pages = {4095--4106},
  publisher = {ACM},
  bibsource = {dblp computer science bibliography, https://dblp.org},
  timestamp = {Tue, 21 May 2024 17:09:24 +0200},
  year = {2024}
}

@article{DBLP:journals/corr/abs-1803-01271,
  title = {An Empirical Evaluation of Generic Convolutional and Recurrent Networks for Sequence Modeling},
  author = {Bai, Shaojie and Kolter, J. Zico and Koltun, Vladlen},
  volume = {abs/1803.01271},
  eprint = {1803.01271},
  eprinttype = {arXiv},
  bibsource = {dblp computer science bibliography, https://dblp.org},
  timestamp = {Mon, 13 Aug 2018 16:47:39 +0200},
  year = {2018},
  journal = {CoRR}
}

@article{DBLP:journals/corr/abs-2207-01186,
  title = {Less Is More: {{Fast}} Multivariate Time Series Forecasting with Light Sampling-Oriented {{MLP}} Structures},
  author = {Zhang, Tianping and Zhang, Yizhuo and Cao, Wei and Bian, Jiang and Yi, Xiaohan and Zheng, Shun and Li, Jian},
  volume = {abs/2207.01186},
  eprint = {2207.01186},
  eprinttype = {arXiv},
  bibsource = {dblp computer science bibliography, https://dblp.org},
  timestamp = {Wed, 06 Jul 2022 15:50:43 +0200},
  year = {2022},
  journal = {CoRR}
}

@article{DBLP:journals/corr/abs-2308-11200,
  title = {{{SegRNN}}: {{Segment}} Recurrent Neural Network for Long-Term Time Series Forecasting},
  author = {Lin, Shengsheng and Lin, Weiwei and Wu, Wentai and Zhao, Feiyu and Mo, Ruichao and Zhang, Haotong},
  volume = {abs/2308.11200},
  eprint = {2308.11200},
  eprinttype = {arXiv},
  bibsource = {dblp computer science bibliography, https://dblp.org},
  timestamp = {Sun, 12 Nov 2023 02:17:15 +0100},
  year = {2023},
  journal = {CoRR}
}

@article{DBLP:journals/datamine/FoumaniTWRS24,
  title = {Series2vec: Similarity-Based Self-Supervised Representation Learning for Time Series Classification},
  author = {Foumani, Navid Mohammadi and Tan, Chang Wei and Webb, Geoffrey I. and Rezatofighi, Hamid and Salehi, Mahsa},
  shortjournal = {Data Min. Knowl. Discov.},
  volume = {38},
  number = {4},
  pages = {2520--2544},
  bibsource = {dblp computer science bibliography, https://dblp.org},
  timestamp = {Sun, 06 Oct 2024 21:26:07 +0200},
  year = {2024},
  journal = {Data Mining and Knowledge Discovery}
}

@article{DBLP:journals/datamine/FoumaniTWS24,
  title = {Improving Position Encoding of Transformers for Multivariate Time Series Classification},
  author = {Foumani, Navid Mohammadi and Tan, Chang Wei and Webb, Geoffrey I. and Salehi, Mahsa},
  shortjournal = {Data Min. Knowl. Discov.},
  volume = {38},
  number = {1},
  pages = {22--48},
  bibsource = {dblp computer science bibliography, https://dblp.org},
  timestamp = {Fri, 08 Mar 2024 13:21:50 +0100},
  year = {2024},
  journal = {Data Mining and Knowledge Discovery}
}

@article{DBLP:journals/ml/MiddlehurstLFLB21,
  title = {{{HIVE-COTE}} 2.0: A New Meta Ensemble for Time Series Classification},
  author = {Middlehurst, Matthew and Large, James and Flynn, Michael and Lines, Jason and Bostrom, Aaron and Bagnall, Anthony J.},
  shortjournal = {Mach. Learn.},
  volume = {110},
  number = {11},
  pages = {3211--3243},
  bibsource = {dblp computer science bibliography, https://dblp.org},
  timestamp = {Wed, 15 Dec 2021 10:28:48 +0100},
  year = {2021},
  journal = {Machine Learning}
}

@article{DBLP:journals/tkde/XueS24,
  title = {{{PromptCast}}: {{A}} New Prompt-Based Learning Paradigm for Time Series Forecasting},
  author = {Xue, Hao and Salim, Flora D.},
  shortjournal = {IEEE Trans. Knowl. Data Eng.},
  volume = {36},
  number = {11},
  pages = {6851--6864},
  bibsource = {dblp computer science bibliography, https://dblp.org},
  timestamp = {Tue, 22 Oct 2024 21:09:14 +0200},
  year = {2024},
  journal = {IEEE Transactions on Knowledge and Data Engineering}
}

@article{DBLP:journals/tmlr/DasKLMSY23,
  title = {Long-Term Forecasting with {{TiDE}}: {{Time-series}} Dense Encoder},
  author = {Das, Abhimanyu and Kong, Weihao and Leach, Andrew and Mathur, Shaan and Sen, Rajat and Yu, Rose},
  volume = {2023},
  bibsource = {dblp computer science bibliography, https://dblp.org},
  timestamp = {Thu, 01 Aug 2024 15:37:25 +0200},
  year = {2023},
  journal = {Trans. Mach. Learn. Res.}
}

@article{DBLP:journals/tnn/ZhangYGH24,
  title = {Self-Supervised Time Series Representation Learning via Cross Reconstruction Transformer},
  author = {Zhang, Wenrui and Yang, Ling and Geng, Shijia and Hong, Shenda},
  volume = {35},
  number = {11},
  pages = {16129--16138},
  bibsource = {dblp computer science bibliography, https://dblp.org},
  timestamp = {Sat, 30 Nov 2024 21:08:30 +0100},
  year = {2024},
  journal = {IEEE Trans. Neural Networks Learn. Syst.}
}

@online{Dehghan_MergeRepair_2024,
  title = {{{MergeRepair}}: {{An Exploratory Study}} on {{Merging Task-Specific Adapters}} in {{Code LLMs}} for {{Automated Program Repair}}},
  shorttitle = {{{MergeRepair}}},
  author = {Dehghan, Meghdad and Wu, Jie JW and Fard, Fatemeh H. and Ouni, Ali},
  eprint = {2408.09568},
  eprinttype = {arXiv},
  eprintclass = {cs},
  pubstate = {prepublished},
  year = {2024}
}

@article{Deshmukh_Decreasing_2022,
  title = {Decreasing {{False-alarm Rates}} in {{CNN-based Solar Flare Prediction Using SDO}}/{{HMI Data}}},
  author = {Deshmukh, Varad and Flyer, Natasha and Van Der Sande, Kiera and Berger, Thomas},
  shortjournal = {ApJS},
  volume = {260},
  number = {1},
  pages = {9},
  issn = {0067-0049, 1538-4365},
  year = {2022},
  journal = {The Astrophysical Journal Supplement Series}
}

@online{Dinh_LIFT_2022,
  title = {{{LIFT}}: {{Language-Interfaced Fine-Tuning}} for {{Non-Language Machine Learning Tasks}}},
  shorttitle = {{{LIFT}}},
  author = {Dinh, Tuan and Zeng, Yuchen and Zhang, Ruisu and Lin, Ziqian and Gira, Michael and Rajput, Shashank and Sohn, Jy-yong and Papailiopoulos, Dimitris and Lee, Kangwook},
  eprint = {2206.06565},
  eprinttype = {arXiv},
  eprintclass = {cs},
  pubstate = {prepublished},
  year = {2022}
}

@online{Ebrahimi_CROME_2024,
  title = {{{CROME}}: {{Cross-Modal Adapters}} for {{Efficient Multimodal LLM}}},
  shorttitle = {{{CROME}}},
  author = {Ebrahimi, Sayna and Arik, Sercan O. and Nama, Tejas and Pfister, Tomas},
  eprint = {2408.06610},
  eprinttype = {arXiv},
  eprintclass = {cs},
  pubstate = {prepublished},
  year = {2024}
}

@article{Eldele_Label-efficient_2024,
  title = {Label-Efficient {{Time Series Representation Learning}}: {{A Review}}},
  shorttitle = {Label-Efficient {{Time Series Representation Learning}}},
  author = {Eldele, Emadeldeen and Ragab, Mohamed and Chen, Zhenghua and Wu, Min and Kwoh, Chee-Keong and Li, Xiaoli},
  shortjournal = {IEEE Trans. Artif. Intell.},
  volume = {5},
  number = {12},
  eprint = {2302.06433},
  eprinttype = {arXiv},
  eprintclass = {cs},
  pages = {6027--6042},
  issn = {2691-4581},
  year = {2024},
  journal = {IEEE Transactions on Artificial Intelligence}
}

@article{EskandariNasab_Impacts_2024,
  title = {Impacts of {{Data Preprocessing}} and {{Sampling Techniques}} on {{Solar Flare Prediction}} from {{Multivariate Time Series Data}} of {{Photospheric Magnetic Field Parameters}}},
  author = {EskandariNasab, MohammadReza and Hamdi, Shah Muhammad and Filali Boubrahimi, Soukaina},
  shortjournal = {ApJS},
  volume = {275},
  number = {1},
  pages = {6},
  issn = {0067-0049, 1538-4365},
  year = {2024},
  journal = {The Astrophysical Journal Supplement Series}
}

@online{Fang_Large_2024,
  title = {Large {{Language Models}}({{LLMs}}) on {{Tabular Data}}: {{Prediction}}, {{Generation}}, and {{Understanding}} -- {{A Survey}}},
  shorttitle = {Large {{Language Models}}({{LLMs}}) on {{Tabular Data}}},
  author = {Fang, Xi and Xu, Weijie and Tan, Fiona Anting and Zhang, Jiani and Hu, Ziqing and Qi, Yanjun and Nickleach, Scott and Socolinsky, Diego and Sengamedu, Srinivasan and Faloutsos, Christos},
  eprint = {2402.17944},
  eprinttype = {arXiv},
  eprintclass = {cs},
  pubstate = {prepublished},
  year = {2024}
}

@online{Garza_TimeGPT-1_2024,
  title = {{{TimeGPT-1}}},
  author = {Garza, Azul and Challu, Cristian and Mergenthaler-Canseco, Max},
  eprint = {2310.03589},
  eprinttype = {arXiv},
  eprintclass = {cs},
  pubstate = {prepublished},
  year = {2024}
}

@online{Gruver_Large_2024a,
  title = {Large {{Language Models Are Zero-Shot Time Series Forecasters}}},
  author = {Gruver, Nate and Finzi, Marc and Qiu, Shikai and Wilson, Andrew Gordon},
  eprint = {2310.07820},
  eprinttype = {arXiv},
  eprintclass = {cs},
  pubstate = {prepublished},
  year = {2024}
}

@online{Guo_Explainable_2024,
  title = {Towards {{Explainable Traffic Flow Prediction}} with {{Large Language Models}}},
  author = {Guo, Xusen and Zhang, Qiming and Jiang, Junyue and Peng, Mingxing and Zhu, Meixin and Hao and Yang},
  eprint = {2404.02937},
  eprinttype = {arXiv},
  eprintclass = {cs},
  pubstate = {prepublished},
  year = {2024}
}

@online{Hu_LLM-Adapters_2023,
  title = {{{LLM-Adapters}}: {{An Adapter Family}} for {{Parameter-Efficient Fine-Tuning}} of {{Large Language Models}}},
  shorttitle = {{{LLM-Adapters}}},
  author = {Hu, Zhiqiang and Wang, Lei and Lan, Yihuai and Xu, Wanyu and Lim, Ee-Peng and Bing, Lidong and Xu, Xing and Poria, Soujanya and Lee, Roy Ka-Wei},
  eprint = {2304.01933},
  eprinttype = {arXiv},
  eprintclass = {cs},
  pubstate = {prepublished},
  year = {2023}
}

@article{Huang_Deep_2018,
  title = {Deep {{Learning Based Solar Flare Forecasting Model}}. {{I}}. {{Results}} for {{Line-of-sight Magnetograms}}},
  author = {Huang, Xin and Wang, Huaning and Xu, Long and Liu, Jinfu and Li, Rong and Dai, Xinghua},
  shortjournal = {ApJ},
  volume = {856},
  number = {1},
  pages = {7},
  issn = {0004-637X, 1538-4357},
  year = {2018},
  journal = {The Astrophysical Journal}
}

@online{Huang_Ensemble_2024,
  title = {Ensemble {{Learning}} for {{Heterogeneous Large Language Models}} with {{Deep Parallel Collaboration}}},
  author = {Huang, Yichong and Feng, Xiaocheng and Li, Baohang and Xiang, Yang and Wang, Hui and Qin, Bing and Liu, Ting},
  eprint = {2404.12715},
  eprinttype = {arXiv},
  eprintclass = {cs},
  pubstate = {prepublished},
  year = {2024}
}

@article{Huang_HDMixer_2024,
  title = {{{HDMixer}}: {{Hierarchical Dependency}} with {{Extendable Patch}} for {{Multivariate Time Series Forecasting}}},
  shorttitle = {{{HDMixer}}},
  author = {Huang, Qihe and Shen, Lei and Zhang, Ruixin and Cheng, Jiahuan and Ding, Shouhong and Zhou, Zhengyang and Wang, Yang},
  shortjournal = {AAAI},
  volume = {38},
  number = {11},
  pages = {12608--12616},
  issn = {2374-3468, 2159-5399},
  year = {2024},
  journal = {Proceedings of the AAAI Conference on Artificial Intelligence}
}

@inproceedings{Huang_LeRet_2024,
  title = {{{LeRet}}: {{Language-Empowered Retentive Network}} for {{Time Series Forecasting}}},
  shorttitle = {{{LeRet}}},
  booktitle = {Proceedings of the {{Thirty-ThirdInternational Joint Conference}} on {{Artificial Intelligence}}},
  author = {Huang, Qihe and Zhou, Zhengyang and Yang, Kuo and Lin, Gengyu and Yi, Zhongchao and Wang, Yang},
  pages = {4165--4173},
  publisher = {International Joint Conferences on Artificial Intelligence Organization},
  location = {Jeju, South Korea},
  isbn = {978-1-956792-04-1},
  year = {2024}
}

@article{Jia_GPT4MTS_2024,
  title = {{{GPT4MTS}}: {{Prompt-based Large Language Model}} for {{Multimodal Time-series Forecasting}}},
  shorttitle = {{{GPT4MTS}}},
  author = {Jia, Furong and Wang, Kevin and Zheng, Yixiang and Cao, Defu and Liu, Yan},
  shortjournal = {AAAI},
  volume = {38},
  number = {21},
  pages = {23343--23351},
  issn = {2374-3468, 2159-5399},
  year = {2024},
  journal = {Proceedings of the AAAI Conference on Artificial Intelligence}
}

@article{Jia_GPT4MTS_2024a,
  title = {{{GPT4MTS}}: {{Prompt-based Large Language Model}} for {{Multimodal Time-series Forecasting}}},
  shorttitle = {{{GPT4MTS}}},
  author = {Jia, Furong and Wang, Kevin and Zheng, Yixiang and Cao, Defu and Liu, Yan},
  shortjournal = {AAAI},
  volume = {38},
  number = {21},
  pages = {23343--23351},
  issn = {2374-3468, 2159-5399},
  year = {2024},
  journal = {Proceedings of the AAAI Conference on Artificial Intelligence}
}

@online{Jiang_Empowering_2024,
  title = {Empowering {{Time Series Analysis}} with {{Large Language Models}}: {{A Survey}}},
  shorttitle = {Empowering {{Time Series Analysis}} with {{Large Language Models}}},
  author = {Jiang, Yushan and Pan, Zijie and Zhang, Xikun and Garg, Sahil and Schneider, Anderson and Nevmyvaka, Yuriy and Song, Dongjin},
  eprint = {2402.03182},
  eprinttype = {arXiv},
  eprintclass = {cs},
  pubstate = {prepublished},
  year = {2024}
}

@inproceedings{Jiang_Empowering_2024a,
  title = {Empowering {{Time Series Analysis}} with {{Large Language Models}}: {{A Survey}}},
  shorttitle = {Empowering {{Time Series Analysis}} with {{Large Language Models}}},
  booktitle = {Proceedings of the {{Thirty-ThirdInternational Joint Conference}} on {{Artificial Intelligence}}},
  author = {Jiang, Yushan and Pan, Zijie and Zhang, Xikun and Garg, Sahil and Schneider, Anderson and Nevmyvaka, Yuriy and Song, Dongjin},
  pages = {8095--8103},
  publisher = {International Joint Conferences on Artificial Intelligence Organization},
  location = {Jeju, South Korea},
  isbn = {978-1-956792-04-1},
  year = {2024}
}

@online{Jiang_LLM-Blender_2023,
  title = {{{LLM-Blender}}: {{Ensembling Large Language Models}} with {{Pairwise Ranking}} and {{Generative Fusion}}},
  shorttitle = {{{LLM-Blender}}},
  author = {Jiang, Dongfu and Ren, Xiang and Lin, Bill Yuchen},
  eprint = {2306.02561},
  eprinttype = {arXiv},
  eprintclass = {cs},
  pubstate = {prepublished},
  year = {2023}
}

@online{Jin_Large_2023b,
  title = {Large {{Models}} for {{Time Series}} and {{Spatio-Temporal Data}}: {{A Survey}} and {{Outlook}}},
  shorttitle = {Large {{Models}} for {{Time Series}} and {{Spatio-Temporal Data}}},
  author = {Jin, Ming and Wen, Qingsong and Liang, Yuxuan and Zhang, Chaoli and Xue, Siqiao and Wang, Xue and Zhang, James and Wang, Yi and Chen, Haifeng and Li, Xiaoli and Pan, Shirui and Tseng, Vincent S. and Zheng, Yu and Chen, Lei and Xiong, Hui},
  eprint = {2310.10196},
  eprinttype = {arXiv},
  eprintclass = {cs},
  pubstate = {prepublished},
  year = {2023}
}

@inproceedings{Kaneda_2022_ACCV,
  title = {Flare Transformer: {{Solar}} Flare Prediction Using Magnetograms and Sunspot Physical Features},
  booktitle = {Proceedings of the Asian Conference on Computer Vision ({{ACCV}})},
  author = {Kaneda, Kanta and Wada, Yuiga and Iida, Tsumugi and Nishizuka, Naoto and Kubo, Y√ªki and Sugiura, Komei},
  pages = {1488--1503},
  year = {2022}
}

@online{Khanna_Tabular_2024,
  title = {Tabular {{Embedding Model}} ({{TEM}}): {{Finetuning Embedding Models For Tabular RAG Applications}}},
  shorttitle = {Tabular {{Embedding Model}} ({{TEM}})},
  author = {Khanna, Sujit and Subedi, Shishir},
  eprint = {2405.01585},
  eprinttype = {arXiv},
  eprintclass = {cs},
  pubstate = {prepublished},
  year = {2024}
}

@online{Kim_Health-LLM_2024,
  title = {Health-{{LLM}}: {{Large Language Models}} for {{Health Prediction}} via {{Wearable Sensor Data}}},
  shorttitle = {Health-{{LLM}}},
  author = {Kim, Yubin and Xu, Xuhai and McDuff, Daniel and Breazeal, Cynthia and Park, Hae Won},
  eprint = {2401.06866},
  eprinttype = {arXiv},
  eprintclass = {cs},
  pubstate = {prepublished},
  year = {2024}
}

@inproceedings{Kim_Look_2023,
  title = {Look {{Ahead}}: {{Improving}} the {{Accuracy}} of {{Time-Series Forecasting}} by {{Previewing Future Time Features}}},
  shorttitle = {Look {{Ahead}}},
  booktitle = {Proceedings of the 46th {{International ACM SIGIR Conference}} on {{Research}} and {{Development}} in {{Information Retrieval}}},
  author = {Kim, Seonmin and Chae, Dong-Kyu},
  pages = {2134--2138},
  publisher = {ACM},
  location = {Taipei Taiwan},
  isbn = {978-1-4503-9408-6},
  year = {2023}
}

@online{Kumar_Manipulating_2024,
  title = {Manipulating {{Large Language Models}} to {{Increase Product Visibility}}},
  author = {Kumar, Aounon and Lakkaraju, Himabindu},
  eprint = {2404.07981},
  eprinttype = {arXiv},
  eprintclass = {cs},
  pubstate = {prepublished},
  year = {2024}
}

@article{leemoat,
  title = {{{MoAT}}: {{Multi-modal}} Augmented Time Series Forecasting},
  author = {Lee, Geon and Yu, Wenchao and Cheng, Wei and Chen, Haifeng}
}

@online{Li_Frozen_2023,
  title = {Frozen {{Language Model Helps ECG Zero-Shot Learning}}},
  author = {Li, Jun and Liu, Che and Cheng, Sibo and Arcucci, Rossella and Hong, Shenda},
  eprint = {2303.12311},
  eprinttype = {arXiv},
  eprintclass = {cs},
  pubstate = {prepublished},
  year = {2023}
}

@article{Li_Learning_2024,
  title = {Learning from {{Polar Representation}}: {{An Extreme-Adaptive Model}} for {{Long-Term Time Series Forecasting}}},
  shorttitle = {Learning from {{Polar Representation}}},
  author = {Li, Yanhong and Xu, Jack and Anastasiu, David},
  shortjournal = {AAAI},
  volume = {38},
  number = {1},
  pages = {171--179},
  issn = {2374-3468, 2159-5399},
  year = {2024},
  journal = {Proceedings of the AAAI Conference on Artificial Intelligence}
}

@article{Li_Predicting_2020,
  title = {Predicting {{Solar Flares Using}} a {{Novel Deep Convolutional Neural Network}}},
  author = {Li, Xuebao and Zheng, Yanfang and Wang, Xinshuo and Wang, Lulu},
  shortjournal = {ApJ},
  volume = {891},
  number = {1},
  pages = {10},
  issn = {0004-637X, 1538-4357},
  year = {2020},
  journal = {The Astrophysical Journal}
}

@online{Li_Prefix-Tuning_2021a,
  title = {Prefix-{{Tuning}}: {{Optimizing Continuous Prompts}} for {{Generation}}},
  shorttitle = {Prefix-{{Tuning}}},
  author = {Li, Xiang Lisa and Liang, Percy},
  eprint = {2101.00190},
  eprinttype = {arXiv},
  eprintclass = {cs},
  pubstate = {prepublished},
  year = {2021}
}

@online{Li_UrbanGPT_2024,
  title = {{{UrbanGPT}}: {{Spatio-Temporal Large Language Models}}},
  shorttitle = {{{UrbanGPT}}},
  author = {Li, Zhonghang and Xia, Lianghao and Tang, Jiabin and Xu, Yong and Shi, Lei and Xia, Long and Yin, Dawei and Huang, Chao},
  eprint = {2403.00813},
  eprinttype = {arXiv},
  eprintclass = {cs},
  pubstate = {prepublished},
  year = {2024}
}

@online{Liang_AirFormer_2022,
  title = {{{AirFormer}}: {{Predicting Nationwide Air Quality}} in {{China}} with {{Transformers}}},
  shorttitle = {{{AirFormer}}},
  author = {Liang, Yuxuan and Xia, Yutong and Ke, Songyu and Wang, Yiwei and Wen, Qingsong and Zhang, Junbo and Zheng, Yu and Zimmermann, Roger},
  eprint = {2211.15979},
  eprinttype = {arXiv},
  eprintclass = {eess},
  pubstate = {prepublished},
  year = {2022}
}

@inproceedings{Liang_Foundation_2024b,
  title = {Foundation {{Models}} for {{Time Series Analysis}}: {{A Tutorial}} and {{Survey}}},
  shorttitle = {Foundation {{Models}} for {{Time Series Analysis}}},
  booktitle = {Proceedings of the 30th {{ACM SIGKDD Conference}} on {{Knowledge Discovery}} and {{Data Mining}}},
  author = {Liang, Yuxuan and Wen, Haomin and Nie, Yuqi and Jiang, Yushan and Jin, Ming and Song, Dongjin and Pan, Shirui and Wen, Qingsong},
  eprint = {2403.14735},
  eprinttype = {arXiv},
  eprintclass = {cs},
  pages = {6555--6565},
  year = {2024}
}

@inproceedings{Liang_Foundation_2024c,
  title = {Foundation {{Models}} for {{Time Series Analysis}}: {{A Tutorial}} and {{Survey}}},
  shorttitle = {Foundation {{Models}} for {{Time Series Analysis}}},
  booktitle = {Proceedings of the 30th {{ACM SIGKDD Conference}} on {{Knowledge Discovery}} and {{Data Mining}}},
  author = {Liang, Yuxuan and Wen, Haomin and Nie, Yuqi and Jiang, Yushan and Jin, Ming and Song, Dongjin and Pan, Shirui and Wen, Qingsong},
  eprint = {2403.14735},
  eprinttype = {arXiv},
  eprintclass = {cs},
  pages = {6555--6565},
  year = {2024}
}

@online{Ling_Improving_2024,
  title = {Improving {{Global Weather}} and {{Ocean Wave Forecast}} with {{Large Artificial Intelligence Models}}},
  author = {Ling, Fenghua and Ouyang, Lin and Larbi, Boufeniza Redouane and Luo, Jing-Jia and Han, Tao and Zhong, Xiaohui and Bai, Lei},
  eprint = {2401.16669},
  eprinttype = {arXiv},
  eprintclass = {cs},
  pubstate = {prepublished},
  year = {2024}
}

@online{Liu_GPT_2023,
  title = {{{GPT Understands}}, {{Too}}},
  author = {Liu, Xiao and Zheng, Yanan and Du, Zhengxiao and Ding, Ming and Qian, Yujie and Yang, Zhilin and Tang, Jie},
  eprint = {2103.10385},
  eprinttype = {arXiv},
  eprintclass = {cs},
  pubstate = {prepublished},
  year = {2023}
}

@online{Liu_Large_2023,
  title = {Large {{Language Models}} Are {{Few-Shot Health Learners}}},
  author = {Liu, Xin and McDuff, Daniel and Kovacs, Geza and Galatzer-Levy, Isaac and Sunshine, Jacob and Zhan, Jiening and Poh, Ming-Zher and Liao, Shun and Achille, Paolo Di and Patel, Shwetak},
  eprint = {2305.15525},
  eprinttype = {arXiv},
  eprintclass = {cs},
  pubstate = {prepublished},
  year = {2023}
}

@article{Liu_Predicting_2019,
  title = {Predicting {{Solar Flares Using}} a {{Long Short-term Memory Network}}},
  author = {Liu, Hao and Liu, Chang and Wang, Jason T. L. and Wang, Haimin},
  shortjournal = {ApJ},
  volume = {877},
  number = {2},
  pages = {121},
  issn = {0004-637X, 1538-4357},
  year = {2019},
  journal = {The Astrophysical Journal}
}

@article{Liu_Test-Time_2024,
  title = {Test-{{Time Personalization}} with {{Meta Prompt}} for {{Gaze Estimation}}},
  author = {Liu, Huan and Qi, Julia and Li, Zhenhao and Hassanpour, Mohammad and Wang, Yang and Plataniotis, Konstantinos N. and Yu, Yuanhao},
  shortjournal = {AAAI},
  volume = {38},
  number = {4},
  pages = {3621--3629},
  issn = {2374-3468, 2159-5399},
  year = {2024},
  journal = {Proceedings of the AAAI Conference on Artificial Intelligence}
}

@online{Lopez-Lira_Can_2024,
  title = {Can {{ChatGPT Forecast Stock Price Movements}}? {{Return Predictability}} and {{Large Language Models}}},
  shorttitle = {Can {{ChatGPT Forecast Stock Price Movements}}?},
  author = {Lopez-Lira, Alejandro and Tang, Yuehua},
  eprint = {2304.07619},
  eprinttype = {arXiv},
  eprintclass = {q-fin},
  pubstate = {prepublished},
  year = {2024}
}

@online{Ma_EcomGPT-CT_2023,
  title = {{{EcomGPT-CT}}: {{Continual Pre-training}} of {{E-commerce Large Language Models}} with {{Semi-structured Data}}},
  shorttitle = {{{EcomGPT-CT}}},
  author = {Ma, Shirong and Huang, Shen and Huang, Shulin and Wang, Xiaobin and Li, Yangning and Zheng, Hai-Tao and Xie, Pengjun and Huang, Fei and Jiang, Yong},
  eprint = {2312.15696},
  eprinttype = {arXiv},
  eprintclass = {cs},
  pubstate = {prepublished},
  year = {2023}
}

@online{Mirchandani_Large_2023,
  title = {Large {{Language Models}} as {{General Pattern Machines}}},
  author = {Mirchandani, Suvir and Xia, Fei and Florence, Pete and Ichter, Brian and Driess, Danny and Arenas, Montserrat Gonzalez and Rao, Kanishka and Sadigh, Dorsa and Zeng, Andy},
  eprint = {2307.04721},
  eprinttype = {arXiv},
  eprintclass = {cs},
  pubstate = {prepublished},
  year = {2023}
}

@inproceedings{NEURIPS2023_3eb7ca52,
  title = {Large Language Models Are Zero-Shot Time Series Forecasters},
  booktitle = {Advances in Neural Information Processing Systems},
  author = {Gruver, Nate and Finzi, Marc and Qiu, Shikai and Wilson, Andrew G},
  volume = {36},
  pages = {19622--19635},
  publisher = {Curran Associates, Inc.},
  year = {2023}
}

@inproceedings{NEURIPS2023_5f9bfdfe,
  title = {{{SimMTM}}: A Simple Pre-Training Framework for Masked Time-Series Modeling},
  booktitle = {Advances in Neural Information Processing Systems},
  author = {Dong, Jiaxiang and Wu, Haixu and Zhang, Haoran and Zhang, Li and Wang, Jianmin and Long, Mingsheng},
  volume = {36},
  pages = {29996--30025},
  publisher = {Curran Associates, Inc.},
  year = {2023}
}

@inproceedings{NEURIPS2023_6a6eceda,
  title = {Scale-Teaching: {{Robust}} Multi-Scale Training for Time Series Classification with Noisy Labels},
  booktitle = {Advances in Neural Information Processing Systems},
  author = {Liu, Zhen and {peitian}, ma and Chen, Dongliang and Pei, Wenbin and Ma, Qianli},
  volume = {36},
  pages = {33726--33757},
  publisher = {Curran Associates, Inc.},
  year = {2023}
}

@inproceedings{NEURIPS2023_9328208f,
  title = {{{ContiFormer}}: {{Continuous-time}} Transformer for Irregular Time Series Modeling},
  booktitle = {Advances in Neural Information Processing Systems},
  author = {Chen, Yuqi and Ren, Kan and Wang, Yansen and Fang, Yuchen and Sun, Weiwei and Li, Dongsheng},
  volume = {36},
  pages = {47143--47175},
  publisher = {Curran Associates, Inc.},
  year = {2023}
}

@inproceedings{NEURIPS2023_93e98ddf,
  title = {{{FOCAL}}: {{Contrastive}} Learning for Multimodal Time-Series Sensing Signals in Factorized Orthogonal Latent Space},
  booktitle = {Advances in Neural Information Processing Systems},
  author = {Liu, Shengzhong and Kimura, Tomoyoshi and Liu, Dongxin and Wang, Ruijie and Li, Jinyang and Diggavi, Suhas and Srivastava, Mani and Abdelzaher, Tarek},
  volume = {36},
  pages = {47309--47338},
  publisher = {Curran Associates, Inc.},
  year = {2023}
}

@inproceedings{NEURIPS2023_9a17c1eb,
  title = {Time Series as Images: {{Vision}} Transformer for Irregularly Sampled Time Series},
  booktitle = {Advances in Neural Information Processing Systems},
  author = {Li, Zekun and Li, Shiyang and Yan, Xifeng},
  volume = {36},
  pages = {49187--49204},
  publisher = {Curran Associates, Inc.},
  year = {2023}
}

@inproceedings{NEURIPS2023_ebd54517,
  title = {{{WildfireSpreadTS}}: {{A}} Dataset of Multi-Modal Time Series for Wildfire Spread Prediction},
  booktitle = {Advances in Neural Information Processing Systems},
  author = {Gerard, Sebastian and Zhao, Yu and Sullivan, Josephine},
  volume = {36},
  pages = {74515--74529},
  publisher = {Curran Associates, Inc.},
  year = {2023}
}

@inproceedings{NEURIPS2023_f1d16af7,
  title = {Frequency-Domain Mlps Are More Effective Learners in Time Series Forecasting},
  booktitle = {Advances in Neural Information Processing Systems},
  author = {Yi, Kun and Zhang, Qi and Fan, Wei and Wang, Shoujin and Wang, Pengyang and He, Hui and An, Ning and Lian, Defu and Cao, Longbing and Niu, Zhendong},
  volume = {36},
  pages = {76656--76679},
  publisher = {Curran Associates, Inc.},
  year = {2023}
}

@inproceedings{NEURIPS2023_fe8debfd,
  title = {Align Your Prompts: {{Test-time}} Prompting with Distribution Alignment for Zero-Shot Generalization},
  booktitle = {Advances in Neural Information Processing Systems},
  author = {Abdul Samadh, Jameel and Gani, Mohammad Hanan and Hussein, Noor and Khattak, Muhammad Uzair and Naseer, Muhammad Muzammal and Shahbaz Khan, Fahad and Khan, Salman H},
  volume = {36},
  pages = {80396--80413},
  publisher = {Curran Associates, Inc.},
  year = {2023}
}

@online{Nie_Survey_2024,
  title = {A {{Survey}} of {{Large Language Models}} for {{Financial Applications}}: {{Progress}}, {{Prospects}} and {{Challenges}}},
  shorttitle = {A {{Survey}} of {{Large Language Models}} for {{Financial Applications}}},
  author = {Nie, Yuqi and Kong, Yaxuan and Dong, Xiaowen and Mulvey, John M. and Poor, H. Vincent and Wen, Qingsong and Zohren, Stefan},
  eprint = {2406.11903},
  eprinttype = {arXiv},
  eprintclass = {q-fin},
  pubstate = {prepublished},
  year = {2024}
}

@article{Nishizuka_Deep_2018,
  title = {Deep {{Flare Net}} ({{DeFN}}) {{Model}} for {{Solar Flare Prediction}}},
  author = {Nishizuka, N. and Sugiura, K. and Kubo, Y. and Den, M. and Ishii, M.},
  shortjournal = {ApJ},
  volume = {858},
  number = {2},
  pages = {113},
  issn = {0004-637X, 1538-4357},
  year = {2018},
  journal = {The Astrophysical Journal}
}

@article{Nishizuka_Operational_2021,
  title = {Operational Solar Flare Prediction Model Using {{Deep Flare Net}}},
  author = {Nishizuka, Naoto and Kubo, Y√ªki and Sugiura, Komei and Den, Mitsue and Ishii, Mamoru},
  shortjournal = {Earth Planets Space},
  volume = {73},
  number = {1},
  pages = {64},
  issn = {1880-5981},
  year = {2021},
  journal = {Earth, Planets and Space}
}

@online{Pan_$textbfS^2$IP-LLM_2024,
  title = {\$\textbackslash textbf\{\vphantom\}{{S}}\vphantom\{\}\textasciicircum 2\${{IP-LLM}}: {{Semantic Space Informed Prompt Learning}} with {{LLM}} for {{Time Series Forecasting}}},
  shorttitle = {\$\textbackslash textbf\{\vphantom\}{{S}}\vphantom\{\}\textasciicircum 2\${{IP-LLM}}},
  author = {Pan, Zijie and Jiang, Yushan and Garg, Sahil and Schneider, Anderson and Nevmyvaka, Yuriy and Song, Dongjin},
  eprint = {2403.05798},
  eprinttype = {arXiv},
  eprintclass = {cs},
  pubstate = {prepublished},
  year = {2024}
}

@inproceedings{pan2024s,
  title = {S2 {{IP-LLM}}: {{Semantic}} Space Informed Prompt Learning with {{LLM}} for Time Series Forecasting},
  booktitle = {Forty-First International Conference on Machine Learning},
  author = {Pan, Zijie and Jiang, Yushan and Garg, Sahil and Schneider, Anderson and Nevmyvaka, Yuriy and Song, Dongjin},
  year = {2024}
}

@incollection{Pandey_Advancing_2024,
  title = {Advancing {{Solar Flare Prediction Using Deep Learning}} with {{Active Region Patches}}},
  booktitle = {Machine {{Learning}} and {{Knowledge Discovery}} in {{Databases}}. {{Applied Data Science Track}}},
  author = {Pandey, Chetraj and Adeyeha, Temitope and Hong, Jinsu and Angryk, Rafal A. and Aydin, Berkay},
  volume = {14950},
  pages = {50--65},
  publisher = {Springer Nature Switzerland},
  location = {Cham},
  isbn = {978-3-031-70380-5 978-3-031-70381-2},
  year = {2024}
}

@article{PelkumDonahue_Forecasting_2024,
  title = {Forecasting Solar Flares with a Transformer Network},
  author = {Pelkum Donahue, Keahi and Inceoglu, Fadil},
  shortjournal = {Front. Astron. Space Sci.},
  volume = {10},
  pages = {1298609},
  issn = {2296-987X},
  year = {2024},
  journal = {Frontiers in Astronomy and Space Sciences}
}

@online{Peng_eCeLLM_2024,
  title = {{{eCeLLM}}: {{Generalizing Large Language Models}} for {{E-commerce}} from {{Large-scale}}, {{High-quality Instruction Data}}},
  shorttitle = {{{eCeLLM}}},
  author = {Peng, Bo and Ling, Xinyi and Chen, Ziru and Sun, Huan and Ning, Xia},
  eprint = {2402.08831},
  eprinttype = {arXiv},
  eprintclass = {cs},
  pubstate = {prepublished},
  year = {2024}
}

@inproceedings{pmlr-v202-raghu23a,
  title = {Sequential Multi-Dimensional Self-Supervised Learning for Clinical Time Series},
  booktitle = {Proceedings of the 40th International Conference on Machine Learning},
  author = {Raghu, Aniruddh and Chandak, Payal and Alam, Ridwan and Guttag, John and Stultz, Collin},
  series = {Proceedings of Machine Learning Research},
  volume = {202},
  pages = {28531--28548},
  publisher = {PMLR},
  year = {2023}
}

@inproceedings{pmlr-v202-woo23b,
  title = {Learning Deep Time-Index Models for Time Series Forecasting},
  booktitle = {Proceedings of the 40th International Conference on Machine Learning},
  author = {Woo, Gerald and Liu, Chenghao and Sahoo, Doyen and Kumar, Akshat and Hoi, Steven},
  series = {Proceedings of Machine Learning Research},
  volume = {202},
  pages = {37217--37237},
  publisher = {PMLR},
  year = {2023}
}

@article{radford2019language,
  title = {Language Models Are Unsupervised Multitask Learners},
  author = {Radford, Alec and Wu, Jeffrey and Child, Rewon and Luan, David and Amodei, Dario and Sutskever, Ilya and others},
  volume = {1},
  number = {8},
  pages = {9},
  year = {2019},
  journal = {OpenAI blog}
}

@online{Rasul_Lag-Llama_2024,
  title = {Lag-{{Llama}}: {{Towards Foundation Models}} for {{Probabilistic Time Series Forecasting}}},
  shorttitle = {Lag-{{Llama}}},
  author = {Rasul, Kashif and Ashok, Arjun and Williams, Andrew Robert and Ghonia, Hena and Bhagwatkar, Rishika and Khorasani, Arian and Bayazi, Mohammad Javad Darvishi and Adamopoulos, George and Riachi, Roland and Hassen, Nadhir and Bilo≈°, Marin and Garg, Sahil and Schneider, Anderson and Chapados, Nicolas and Drouin, Alexandre and Zantedeschi, Valentina and Nevmyvaka, Yuriy and Rish, Irina},
  eprint = {2310.08278},
  eprinttype = {arXiv},
  eprintclass = {cs},
  pubstate = {prepublished},
  year = {2024}
}

@online{Seputis_Multi-Modal_2024,
  title = {Multi-{{Modal Adapter}} for {{Vision-Language Models}}},
  author = {Seputis, Dominykas and Mihailov, Serghei and Chatterjee, Soham and Xiao, Zehao},
  eprint = {2409.02958},
  eprinttype = {arXiv},
  eprintclass = {cs},
  pubstate = {prepublished},
  year = {2024}
}

@online{Spathis_first_2023,
  title = {The First Step Is the Hardest: {{Pitfalls}} of {{Representing}} and {{Tokenizing Temporal Data}} for {{Large Language Models}}},
  shorttitle = {The First Step Is the Hardest},
  author = {Spathis, Dimitris and Kawsar, Fahim},
  eprint = {2309.06236},
  eprinttype = {arXiv},
  eprintclass = {cs},
  pubstate = {prepublished},
  year = {2023}
}

@online{Sreekar_Unveiling_2023,
  title = {Unveiling the {{Power}} of {{Self-Attention}} for {{Shipping Cost Prediction}}: {{The Rate Card Transformer}}},
  shorttitle = {Unveiling the {{Power}} of {{Self-Attention}} for {{Shipping Cost Prediction}}},
  author = {Sreekar, P. Aditya and Verma, Sahil and Madhavan, Varun and Persad, Abhishek},
  eprint = {2311.11694},
  eprinttype = {arXiv},
  eprintclass = {cs},
  pubstate = {prepublished},
  year = {2023}
}

@article{Sun_Solar_2022,
  title = {Solar {{Flare Forecast Using 3D Convolutional Neural Networks}}},
  author = {Sun, Pengchao and Dai, Wei and Ding, Weiqi and Feng, Song and Cui, Yanmei and Liang, Bo and Dong, Zeyin and Yang, Yunfei},
  shortjournal = {ApJ},
  volume = {941},
  number = {1},
  pages = {1},
  issn = {0004-637X, 1538-4357},
  year = {2022},
  journal = {The Astrophysical Journal}
}

@online{Sun_TEST_2024,
  title = {{{TEST}}: {{Text Prototype Aligned Embedding}} to {{Activate LLM}}'s {{Ability}} for {{Time Series}}},
  shorttitle = {{{TEST}}},
  author = {Sun, Chenxi and Li, Hongyan and Li, Yaliang and Hong, Shenda},
  eprint = {2308.08241},
  eprinttype = {arXiv},
  eprintclass = {cs},
  pubstate = {prepublished},
  year = {2024}
}

@online{Tan_Are_2024,
  title = {Are {{Language Models Actually Useful}} for {{Time Series Forecasting}}?},
  author = {Tan, Mingtian and Merrill, Mike A. and Gupta, Vinayak and Althoff, Tim and Hartvigsen, Thomas},
  eprint = {2406.16964},
  eprinttype = {arXiv},
  eprintclass = {cs},
  pubstate = {prepublished},
  year = {2024}
}

@online{Trirat_Universal_2024,
  title = {Universal {{Time-Series Representation Learning}}: {{A Survey}}},
  shorttitle = {Universal {{Time-Series Representation Learning}}},
  author = {Trirat, Patara and Shin, Yooju and Kang, Junhyeok and Nam, Youngeun and Na, Jihye and Bae, Minyoung and Kim, Joeun and Kim, Byunghyun and Lee, Jae-Gil},
  eprint = {2401.03717},
  eprinttype = {arXiv},
  eprintclass = {cs},
  pubstate = {prepublished},
  year = {2024}
}

@article{TWJZ202403001,
  title = {ÊÅíÊòüË∂ÖÁ∫ßËÄÄÊñëÁöÑÁ†îÁ©∂ËøõÂ±ï},
  author = {{ÈõçÊµ©ÁÑ∂} and {ÊûóÈöΩ}},
  volume = {42},
  number = {03},
  pages = {383--428},
  issn = {1000-8349},
  year = {2024},
  journal = {Â§©ÊñáÂ≠¶ËøõÂ±ï}
}

@online{Wang_Building_2023,
  title = {Building {{Transportation Foundation Model}} via {{Generative Graph Transformer}}},
  author = {Wang, Xuhong and Wang, Ding and Chen, Liang and Lin, Yilun},
  eprint = {2305.14826},
  eprinttype = {arXiv},
  eprintclass = {cs},
  pubstate = {prepublished},
  year = {2023}
}

@online{Wang_Comprehensive_2024,
  title = {A {{Comprehensive Review}} of {{Multimodal Large Language Models}}: {{Performance}} and {{Challenges Across Different Tasks}}},
  shorttitle = {A {{Comprehensive Review}} of {{Multimodal Large Language Models}}},
  author = {Wang, Jiaqi and Jiang, Hanqi and Liu, Yiheng and Ma, Chong and Zhang, Xu and Pan, Yi and Liu, Mengyuan and Gu, Peiran and Xia, Sichen and Li, Wenjun and Zhang, Yutong and Wu, Zihao and Liu, Zhengliang and Zhong, Tianyang and Ge, Bao and Zhang, Tuo and Qiang, Ning and Hu, Xintao and Jiang, Xi and Zhang, Xin and Zhang, Wei and Shen, Dinggang and Liu, Tianming and Zhang, Shu},
  eprint = {2408.01319},
  eprinttype = {arXiv},
  eprintclass = {cs},
  pubstate = {prepublished},
  year = {2024}
}

@online{Wang_Deep_2024,
  title = {Deep {{Time Series Models}}: {{A Comprehensive Survey}} and {{Benchmark}}},
  shorttitle = {Deep {{Time Series Models}}},
  author = {Wang, Yuxuan and Wu, Haixu and Dong, Jiaxiang and Liu, Yong and Long, Mingsheng and Wang, Jianmin},
  eprint = {2407.13278},
  eprinttype = {arXiv},
  eprintclass = {cs},
  pubstate = {prepublished},
  year = {2024}
}

@online{Wang_Multitask_2023,
  title = {Multitask {{Prompt Tuning Enables Parameter-Efficient Transfer Learning}}},
  author = {Wang, Zhen and Panda, Rameswar and Karlinsky, Leonid and Feris, Rogerio and Sun, Huan and Kim, Yoon},
  eprint = {2303.02861},
  eprinttype = {arXiv},
  eprintclass = {cs},
  pubstate = {prepublished},
  year = {2023}
}

@online{Wang_Where_2024,
  title = {Where {{Would I Go Next}}? {{Large Language Models}} as {{Human Mobility Predictors}}},
  shorttitle = {Where {{Would I Go Next}}?},
  author = {Wang, Xinglei and Fang, Meng and Zeng, Zichao and Cheng, Tao},
  eprint = {2308.15197},
  eprinttype = {arXiv},
  eprintclass = {cs},
  pubstate = {prepublished},
  year = {2024}
}

@online{Wang_Zero-Shot_2023,
  title = {Zero-{{Shot Next-Item Recommendation}} Using {{Large Pretrained Language Models}}},
  author = {Wang, Lei and Lim, Ee-Peng},
  eprint = {2304.03153},
  eprinttype = {arXiv},
  eprintclass = {cs},
  pubstate = {prepublished},
  year = {2023}
}

@inproceedings{wang2023image,
  title = {Image as a Foreign Language: {{Beit}} Pretraining for Vision and Vision-Language Tasks},
  booktitle = {Proceedings of the {{IEEE}}/{{CVF}} Conference on Computer Vision and Pattern Recognition},
  author = {Wang, Wenhui and Bao, Hangbo and Dong, Li and Bjorck, Johan and Peng, Zhiliang and Liu, Qiang and Aggarwal, Kriti and Mohammed, Owais Khan and Singhal, Saksham and Som, Subhojit and others},
  pages = {19175--19186},
  year = {2023}
}

@incollection{Wen_Improving_2023,
  title = {Improving {{Solar Flare Prediction}} by {{Time Series Outlier Detection}}},
  booktitle = {Artificial {{Intelligence}} and {{Soft Computing}}},
  author = {Wen, Junzhi and Islam, Md Reazul and Ahmadzadeh, Azim and Angryk, Rafal A.},
  volume = {13589},
  pages = {152--164},
  publisher = {Springer International Publishing},
  location = {Cham},
  isbn = {978-3-031-23479-8 978-3-031-23480-4},
  year = {2023}
}

@online{Wen_RobustSTL_2018,
  title = {{{RobustSTL}}: {{A Robust Seasonal-Trend Decomposition Algorithm}} for {{Long Time Series}}},
  shorttitle = {{{RobustSTL}}},
  author = {Wen, Qingsong and Gao, Jingkun and Song, Xiaomin and Sun, Liang and Xu, Huan and Zhu, Shenghuo},
  eprint = {1812.01767},
  eprinttype = {arXiv},
  eprintclass = {cs},
  pubstate = {prepublished},
  year = {2018}
}

@online{Wen_Transformers_2023,
  title = {Transformers in {{Time Series}}: {{A Survey}}},
  shorttitle = {Transformers in {{Time Series}}},
  author = {Wen, Qingsong and Zhou, Tian and Zhang, Chaoli and Chen, Weiqi and Ma, Ziqing and Yan, Junchi and Sun, Liang},
  eprint = {2202.07125},
  eprinttype = {arXiv},
  eprintclass = {cs},
  pubstate = {prepublished},
  year = {2023}
}

@inproceedings{Wen_Transformers_2023a,
  title = {Transformers in {{Time Series}}: {{A Survey}}},
  shorttitle = {Transformers in {{Time Series}}},
  booktitle = {Proceedings of the {{Thirty-Second International Joint Conference}} on {{Artificial Intelligence}}},
  author = {Wen, Qingsong and Zhou, Tian and Zhang, Chaoli and Chen, Weiqi and Ma, Ziqing and Yan, Junchi and Sun, Liang},
  pages = {6778--6786},
  publisher = {International Joint Conferences on Artificial Intelligence Organization},
  location = {Macau, SAR China},
  isbn = {978-1-956792-03-4},
  year = {2023}
}

@online{Woo_ETSformer_2022,
  title = {{{ETSformer}}: {{Exponential Smoothing Transformers}} for {{Time-series Forecasting}}},
  shorttitle = {{{ETSformer}}},
  author = {Woo, Gerald and Liu, Chenghao and Sahoo, Doyen and Kumar, Akshat and Hoi, Steven},
  eprint = {2202.01381},
  eprinttype = {arXiv},
  eprintclass = {cs},
  pubstate = {prepublished},
  year = {2022}
}

@online{Wu_Connecting_2020a,
  title = {Connecting the {{Dots}}: {{Multivariate Time Series Forecasting}} with {{Graph Neural Networks}}},
  shorttitle = {Connecting the {{Dots}}},
  author = {Wu, Zonghan and Pan, Shirui and Long, Guodong and Jiang, Jing and Chang, Xiaojun and Zhang, Chengqi},
  eprint = {2005.11650},
  eprinttype = {arXiv},
  eprintclass = {cs},
  pubstate = {prepublished},
  year = {2020}
}

@article{wuautoformer,
  title = {Autoformer: {{Decomposition}} Transformers with Auto-Correlation for Long-Term Series Forecasting},
  author = {Wu, Haixu and Xu, Jiehui and Wang, Jianmin and Long, Mingsheng}
}

@online{Xie_Wall_2023,
  title = {The {{Wall Street Neophyte}}: {{A Zero-Shot Analysis}} of {{ChatGPT Over MultiModal Stock Movement Prediction Challenges}}},
  shorttitle = {The {{Wall Street Neophyte}}},
  author = {Xie, Qianqian and Han, Weiguang and Lai, Yanzhao and Peng, Min and Huang, Jimin},
  eprint = {2304.05351},
  eprinttype = {arXiv},
  eprintclass = {cs},
  pubstate = {prepublished},
  year = {2023}
}

@online{Xu_Trend_2024,
  title = {Beyond {{Trend}} and {{Periodicity}}: {{Guiding Time Series Forecasting}} with {{Textual Cues}}},
  shorttitle = {Beyond {{Trend}} and {{Periodicity}}},
  author = {Xu, Zhijian and Bian, Yuxuan and Zhong, Jianyuan and Wen, Xiangyu and Xu, Qiang},
  eprint = {2405.13522},
  eprinttype = {arXiv},
  eprintclass = {cs},
  pubstate = {prepublished},
  year = {2024}
}

@online{Xu_Unlocking_2024,
  title = {Unlocking the {{Potential}}: {{Benchmarking Large Language Models}} in {{Water Engineering}} and {{Research}}},
  shorttitle = {Unlocking the {{Potential}}},
  author = {Xu, Boyan and Wen, Liang and Li, Zihao and Yang, Yuxing and Wu, Guanlan and Tang, Xiongpeng and Li, Yu and Wu, Zihao and Su, Qingxian and Shi, Xueqing and Yang, Yue and Tong, Rui and Ng, How Yong},
  eprint = {2407.21045},
  eprinttype = {arXiv},
  eprintclass = {cs},
  pubstate = {prepublished},
  year = {2024}
}

@online{Xue_Leveraging_2022,
  title = {Leveraging {{Language Foundation Models}} for {{Human Mobility Forecasting}}},
  author = {Xue, Hao and Voutharoja, Bhanu Prakash and Salim, Flora D.},
  eprint = {2209.05479},
  eprinttype = {arXiv},
  eprintclass = {cs},
  pubstate = {prepublished},
  year = {2022}
}

@online{Xue_Leveraging_2022a,
  title = {Leveraging {{Language Foundation Models}} for {{Human Mobility Forecasting}}},
  author = {Xue, Hao and Voutharoja, Bhanu Prakash and Salim, Flora D.},
  eprint = {2209.05479},
  eprinttype = {arXiv},
  eprintclass = {cs},
  pubstate = {prepublished},
  year = {2022}
}

@online{Yang_FinGPT_2023,
  title = {{{FinGPT}}: {{Open-Source Financial Large Language Models}}},
  shorttitle = {{{FinGPT}}},
  author = {Yang, Hongyang and Liu, Xiao-Yang and Wang, Christina Dan},
  eprint = {2306.06031},
  eprinttype = {arXiv},
  eprintclass = {q-fin},
  pubstate = {prepublished},
  year = {2023}
}

@online{Ye_Survey_2024a,
  title = {A {{Survey}} of {{Time Series Foundation Models}}: {{Generalizing Time Series Representation}} with {{Large Language Model}}},
  shorttitle = {A {{Survey}} of {{Time Series Foundation Models}}},
  author = {Ye, Jiexia and Zhang, Weiqi and Yi, Ke and Yu, Yongzi and Li, Ziyue and Li, Jia and Tsung, Fugee},
  eprint = {2405.02358},
  eprinttype = {arXiv},
  eprintclass = {cs},
  pubstate = {prepublished},
  year = {2024}
}

@online{Ye_Survey_2024b,
  title = {A {{Survey}} of {{Time Series Foundation Models}}: {{Generalizing Time Series Representation}} with {{Large Language Model}}},
  shorttitle = {A {{Survey}} of {{Time Series Foundation Models}}},
  author = {Ye, Jiexia and Zhang, Weiqi and Yi, Ke and Yu, Yongzi and Li, Ziyue and Li, Jia and Tsung, Fugee},
  eprint = {2405.02358},
  eprinttype = {arXiv},
  eprintclass = {cs},
  pubstate = {prepublished},
  year = {2024}
}

@article{Yong_Research_2024,
  title = {Research Progress on Stellar Superflares},
  author = {Yong, Haoran and Lin, Juan},
  volume = {42},
  number = {03},
  pages = {383--428},
  issn = {1000-8349},
  year = {2024},
  journal = {PROGRESS IN ASTRONOMY}
}

@online{Yu_Temporal_2023,
  title = {Temporal {{Data Meets LLM}} -- {{Explainable Financial Time Series Forecasting}}},
  author = {Yu, Xinli and Chen, Zheng and Ling, Yuan and Dong, Shujing and Liu, Zongyi and Lu, Yanbin},
  eprint = {2306.11025},
  eprinttype = {arXiv},
  eprintclass = {cs},
  pubstate = {prepublished},
  year = {2023}
}

@online{Yu_Temporal_2023a,
  title = {Temporal {{Data Meets LLM}} -- {{Explainable Financial Time Series Forecasting}}},
  author = {Yu, Xinli and Chen, Zheng and Ling, Yuan and Dong, Shujing and Liu, Zongyi and Lu, Yanbin},
  eprint = {2306.11025},
  eprinttype = {arXiv},
  eprintclass = {cs},
  pubstate = {prepublished},
  year = {2023}
}

@online{Zerveas_Transformer-based_2020,
  title = {A {{Transformer-based Framework}} for {{Multivariate Time Series Representation Learning}}},
  author = {Zerveas, George and Jayaraman, Srideepika and Patel, Dhaval and Bhamidipaty, Anuradha and Eickhoff, Carsten},
  eprint = {2010.02803},
  eprinttype = {arXiv},
  eprintclass = {cs},
  pubstate = {prepublished},
  year = {2020}
}

@online{Zhang_DualTime_2024,
  title = {{{DualTime}}: {{A Dual-Adapter Multimodal Language Model}} for {{Time Series Representation}}},
  shorttitle = {{{DualTime}}},
  author = {Zhang, Weiqi and Ye, Jiexia and Li, Ziyue and Li, Jia and Tsung, Fugee},
  eprint = {2406.06620},
  eprinttype = {arXiv},
  eprintclass = {cs},
  pubstate = {prepublished},
  year = {2024}
}

@online{Zhang_Large_2023,
  title = {Large {{Language Models}} for {{Spatial Trajectory Patterns Mining}}},
  author = {Zhang, Zheng and Amiri, Hossein and Liu, Zhenke and Z√ºfle, Andreas and Zhao, Liang},
  eprint = {2310.04942},
  eprinttype = {arXiv},
  eprintclass = {cs},
  pubstate = {prepublished},
  year = {2023}
}

@online{Zhang_Large_2023a,
  title = {Large {{Language Models}} for {{Spatial Trajectory Patterns Mining}}},
  author = {Zhang, Zheng and Amiri, Hossein and Liu, Zhenke and Z√ºfle, Andreas and Zhao, Liang},
  eprint = {2310.04942},
  eprinttype = {arXiv},
  eprintclass = {cs},
  pubstate = {prepublished},
  year = {2023}
}

@online{Zhang_Large_2024,
  title = {Large {{Language Models}} for {{Mobility}} in {{Transportation Systems}}: {{A Survey}} on {{Forecasting Tasks}}},
  shorttitle = {Large {{Language Models}} for {{Mobility}} in {{Transportation Systems}}},
  author = {Zhang, Zijian and Sun, Yujie and Wang, Zepu and Nie, Yuqi and Ma, Xiaobo and Sun, Peng and Li, Ruolin},
  eprint = {2405.02357},
  eprinttype = {arXiv},
  eprintclass = {cs},
  pubstate = {prepublished},
  year = {2024}
}

@inproceedings{Zhang_Large_2024a,
  title = {Large {{Language Models}} for {{Time Series}}: {{A Survey}}},
  shorttitle = {Large {{Language Models}} for {{Time Series}}},
  booktitle = {Proceedings of the {{Thirty-ThirdInternational Joint Conference}} on {{Artificial Intelligence}}},
  author = {Zhang, Xiyuan and Chowdhury, Ranak Roy and Gupta, Rajesh K. and Shang, Jingbo},
  pages = {8335--8343},
  publisher = {International Joint Conferences on Artificial Intelligence Organization},
  location = {Jeju, South Korea},
  isbn = {978-1-956792-04-1},
  year = {2024}
}

@online{Zhang_Less_2022,
  title = {Less {{Is More}}: {{Fast Multivariate Time Series Forecasting}} with {{Light Sampling-oriented MLP Structures}}},
  shorttitle = {Less {{Is More}}},
  author = {Zhang, Tianping and Zhang, Yizhuo and Cao, Wei and Bian, Jiang and Yi, Xiaohan and Zheng, Shun and Li, Jian},
  eprint = {2207.01186},
  eprinttype = {arXiv},
  eprintclass = {cs},
  pubstate = {prepublished},
  year = {2022}
}

@online{Zhang_LLaMA-Adapter_2024,
  title = {{{LLaMA-Adapter}}: {{Efficient Fine-tuning}} of {{Language Models}} with {{Zero-init Attention}}},
  shorttitle = {{{LLaMA-Adapter}}},
  author = {Zhang, Renrui and Han, Jiaming and Liu, Chris and Gao, Peng and Zhou, Aojun and Hu, Xiangfei and Yan, Shilin and Lu, Pan and Li, Hongsheng and Qiao, Yu},
  eprint = {2303.16199},
  eprinttype = {arXiv},
  eprintclass = {cs},
  pubstate = {prepublished},
  year = {2024}
}

@online{Zhang_TrafficGPT_2023,
  title = {{{TrafficGPT}}: {{Viewing}}, {{Processing}} and {{Interacting}} with {{Traffic Foundation Models}}},
  shorttitle = {{{TrafficGPT}}},
  author = {Zhang, Siyao and Fu, Daocheng and Zhang, Zhao and Yu, Bin and Cai, Pinlong},
  eprint = {2309.06719},
  eprinttype = {arXiv},
  eprintclass = {cs},
  pubstate = {prepublished},
  year = {2023}
}

@online{Zhao_AdaMergeX_2024,
  title = {{{AdaMergeX}}: {{Cross-Lingual Transfer}} with {{Large Language Models}} via {{Adaptive Adapter Merging}}},
  shorttitle = {{{AdaMergeX}}},
  author = {Zhao, Yiran and Zhang, Wenxuan and Wang, Huiming and Kawaguchi, Kenji and Bing, Lidong},
  eprint = {2402.18913},
  eprinttype = {arXiv},
  eprintclass = {cs},
  pubstate = {prepublished},
  year = {2024}
}

@online{Zhou_FEDformer_2022,
  title = {{{FEDformer}}: {{Frequency Enhanced Decomposed Transformer}} for {{Long-term Series Forecasting}}},
  shorttitle = {{{FEDformer}}},
  author = {Zhou, Tian and Ma, Ziqing and Wen, Qingsong and Wang, Xue and Sun, Liang and Jin, Rong},
  eprint = {2201.12740},
  eprinttype = {arXiv},
  eprintclass = {cs},
  pubstate = {prepublished},
  year = {2022}
}

@article{zhou2023one,
  title = {One Fits All: {{Power}} General Time Series Analysis by Pretrained Lm},
  author = {Zhou, Tian and Niu, Peisong and Sun, Liang and Jin, Rong and others},
  volume = {36},
  pages = {43322--43355},
  year = {2023},
  journal = {Advances in neural information processing systems}
}

@online{Zhu_LLMs_2024,
  title = {Do {{LLMs Understand Visual Anomalies}}? {{Uncovering LLM}}'s {{Capabilities}} in {{Zero-shot Anomaly Detection}}},
  shorttitle = {Do {{LLMs Understand Visual Anomalies}}?},
  author = {Zhu, Jiaqi and Cai, Shaofeng and Deng, Fang and Ooi, Beng Chin and Wu, Junran},
  eprint = {2404.09654},
  eprinttype = {arXiv},
  eprintclass = {cs},
  pubstate = {prepublished},
  year = {2024}
}
