@misc{AInix,
  title  = {AInix: An open platform for natural language interfaces to shell commands},
  author = {David Gros},
  month  = {May},
  note   = {Undergraduate Honors Thesis, Computer Science Department, University of Texas at Austin},
  url    = {http://www.cs.utexas.edu/users/ai-labpub-view.php?PubID=127814},
  year   = {2019}
}

@inproceedings{AST,
  title     = {Efficient Constituency Tree based Encoding for Natural Language to Bash Translation},
  author    = {Bharadwaj, Shikhar and Shevade, Shirish and Carpuat, Marine},
  booktitle = {Proceedings of the 2022 Conference of the North American Chapter of the Association for Computational Linguistics: Human Language Technologies},
  month     = jul,
  year      = {2022},
  address   = {Seattle, United States},
  publisher = {Association for Computational Linguistics},
  url       = {https://aclanthology.org/2022.naacl-main.230},
  doi       = {10.18653/v1/2022.naacl-main.230},
  pages     = {3159--3168}
}

@inproceedings{ExeDS,
  title     = {Execution-based Evaluation for Data Science Code Generation Models},
  author    = {Huang, Junjie  and
               Wang, Chenglong  and
               Zhang, Jipeng  and
               Yan, Cong  and
               Cui, Haotian  and
               Inala, Jeevana Priya  and
               Clement, Colin  and
               Duan, Nan},
  editor    = {Dragut, Eduard  and
               Li, Yunyao  and
               Popa, Lucian  and
               Vucetic, Slobodan  and
               Srivastava, Shashank},
  booktitle = {Proceedings of the Fourth Workshop on Data Science with Human-in-the-Loop (Language Advances)},
  month     = dec,
  year      = {2022},
  address   = {Abu Dhabi, United Arab Emirates (Hybrid)},
  publisher = {Association for Computational Linguistics},
  url       = {https://aclanthology.org/2022.dash-1.5/},
  pages     = {28--36}
}

@inproceedings{InterCode,
  author    = {Yang, John and Prabhakar, Akshara and Narasimhan, Karthik and Yao, Shunyu},
  title     = {InterCode: standardizing and benchmarking interactive coding with execution feedback},
  year      = {2023},
  publisher = {Curran Associates Inc.},
  address   = {Red Hook, NY, USA},
  booktitle = {Proceedings of the 37th International Conference on Neural Information Processing Systems},
  articleno = {1035},
  numpages  = {29},
  location  = {New Orleans, LA, USA},
  series    = {NIPS '23}
}

@inproceedings{Magnum,
  author    = {Fu, Quchen and Teng, Zhongwei and White, Jules and Schmidt, Douglas C.},
  booktitle = {2021 20th IEEE International Conference on Machine Learning and Applications (ICMLA)},
  title     = {A Transformer-based Approach for Translating Natural Language to Bash Commands},
  year      = {2021},
  volume    = {},
  number    = {},
  pages     = {1245-1248},
  keywords  = {Conferences;Natural languages;Machine learning;Transformers;Task analysis;Bash Commands Generation;Transformer;Natural Language Processing},
  doi       = {10.1109/ICMLA52953.2021.00202}
}

@inproceedings{NL2Bash,
  title     = {{NL}2{B}ash: A Corpus and Semantic Parser for Natural Language Interface to the Linux Operating System},
  author    = {Lin, Xi Victoria  and
               Wang, Chenglong  and
               Zettlemoyer, Luke  and
               Ernst, Michael D.},
  editor    = {Calzolari, Nicoletta  and
               Choukri, Khalid  and
               Cieri, Christopher  and
               Declerck, Thierry  and
               Goggi, Sara  and
               Hasida, Koiti  and
               Isahara, Hitoshi  and
               Maegaard, Bente  and
               Mariani, Joseph  and
               Mazo, H{\'e}l{\`e}ne  and
               Moreno, Asuncion  and
               Odijk, Jan  and
               Piperidis, Stelios  and
               Tokunaga, Takenobu},
  booktitle = {Proceedings of the Eleventh International Conference on Language Resources and Evaluation ({LREC} 2018)},
  month     = may,
  year      = {2018},
  address   = {Miyazaki, Japan},
  publisher = {European Language Resources Association (ELRA)},
  url       = {https://aclanthology.org/L18-1491/}
}

@article{NL2CMD,
  author  = {Quchen Fu and Zhongwei Teng and Marco Georgaklis and Jules White and Douglas Schmidt},
  title   = {NL2CMD: An Updated Workflow for Natural Language to Bash Commands Translation},
  year    = {2023},
  journal = {Journal of Machine Learning Theory, Applications and Practice},
  volume  = {1},
  month   = {02/2023},
  url     = {https://www.journal.riverpublishers.com/index.php/JMLTAP/article/view/8},
  doi     = {https://doi.org/10.13052/jmltapissn.2023.002}
}

@inproceedings{NL2CMD-Comp,
  title     = {NeurIPS 2020 NLC2CMD Competition: Translating Natural Language to Bash Commands},
  author    = {Agarwal, Mayank and Chakraborti, Tathagata and Fu, Quchen and Gros, David and Lin, Xi Victoria and Maene, Jaron and Talamadupula, Kartik and Teng, Zhongwei and White, Jules},
  booktitle = {Proceedings of the NeurIPS 2020 Competition and Demonstration Track},
  pages     = {302--324},
  year      = {2021},
  editor    = {Escalante, Hugo Jair and Hofmann, Katja},
  volume    = {133},
  series    = {Proceedings of Machine Learning Research},
  month     = {06--12 Dec},
  publisher = {PMLR},
  pdf       = {http://proceedings.mlr.press/v133/agarwal21b/agarwal21b.pdf},
  url       = {https://proceedings.mlr.press/v133/agarwal21b.html}
}

@inproceedings{ShellGPT,
  author    = {Shi, Jie and Jiang, Sihang and Xu, Bo and Liang, Jiaqing and Xiao, Yanghua and Wang, Wei},
  booktitle = {2023 IEEE 34th International Symposium on Software Reliability Engineering (ISSRE)},
  title     = {ShellGPT: Generative Pre-trained Transformer Model for Shell Language Understanding},
  year      = {2023},
  volume    = {},
  number    = {},
  pages     = {671-682},
  keywords  = {Vocabulary;Natural languages;Computer architecture;Performance gain;Transformers;Software reliability;Task analysis;pre-trained language models;shell language understanding;IT operations},
  doi       = {10.1109/ISSRE59848.2023.00082}
}

@misc{Tellina,
  title  = {Program Synthesis from Natural Language Using Recurrent Neural Networks},
  author = {Xi Victoria Lin},
  year   = {2017},
  url    = {https://api.semanticscholar.org/CorpusID:3809743}
}

@misc{bash-assistant,
  title        = {Bash Scripting Assistant},
  author       = {Anish Joshi},
  howpublished = {\url{https://github.com/AnishJoshi13/Bash-Scripting-Assistant}},
  note         = {Accessed: 2024-10-09},
  year         = {2024}
}

@inproceedings{codesift,
  author    = { Aggarwal, Pooja and Chatterjee, Oishik and Dai, Ting and Mohapatra, Prateeti and Paulovicks, Brent and Blancett, Brad and De Magalhaes, Arthur },
  booktitle = { 2024 IEEE 17th International Conference on Cloud Computing (CLOUD) },
  title     = {{ CodeSift: An LLM-Based Reference-Less Framework for Automatic Code Validation }},
  year      = {2024},
  volume    = {},
  issn      = {},
  pages     = {404-410},
  keywords  = {Cloud computing;Computer languages;Codes;Subject matter experts;Large language models;Computational modeling;Testing},
  doi       = {10.1109/CLOUD62652.2024.00052},
  url       = {https://doi.ieeecomputersociety.org/10.1109/CLOUD62652.2024.00052},
  publisher = {IEEE Computer Society},
  address   = {Los Alamitos, CA, USA},
  month     = Jul
}

@misc{copilot,
  title        = {GitHub Copilot for CLI},
  author       = {Johan Rosenkilde and Matt Rothenberg and Andy Feller},
  year         = {2024},
  howpublished = {\url{https://githubnext.com/projects/copilot-cli/}},
}

@misc{cwai,
  title        = {Amazon CodeWhisperer Natural Language to Bash Translation},
  author       = {Amazon Web Services},
  howpublished = {\url{https://docs.aws.amazon.com/codewhisperer/latest/userguide/command-line-conversation.html}},
  year         = {2024}
}

@misc{dataset2,
  author = {T. Ramesh},
  title  = {NL2CMD},
  year   = 2022,
  url    = {https://huggingface.co/datasets/TRamesh2/NL2CMD},
  note   = {Accessed: 2024-08-20}
}

@misc{dataset3,
  author = {Romit},
  title  = {LinuxCommands},
  year   = 2024,
  url    = {https://huggingface.co/datasets/Romit2004/LinuxCommands},
  note   = {Accessed: 2024-08-20}
}

@misc{dataset4,
  author = {Yogesh Mali},
  title  = {text\_to\_bash},
  year   = 2023,
  url    = {https://huggingface.co/datasets/yogeshm/text_to_bash},
}

@article{docker,
  title   = {Docker: lightweight linux containers for consistent development and deployment},
  author  = {Merkel, Dirk},
  journal = {Linux journal},
  volume  = {2014},
  number  = {239},
  pages   = {2},
  year    = {2014}
}

@misc{exec_based_eval,
  title         = {Execution-Based Evaluation of Natural Language to Bash and PowerShell for Incident Remediation},
  author        = {Ngoc Phuoc An Vo and Brent Paulovicks and Vadim Sheinin},
  year          = {2024},
  eprint        = {2405.06807},
  archiveprefix = {arXiv},
  primaryclass  = {cs.CL},
  url           = {https://arxiv.org/abs/2405.06807}
}

@misc{finetune,
  title        = {Translating Natural Language to Bash Commands using Deep Neural Networks},
  author       = {Daniel Jenson and Yingxiao Liu},
  howpublished = {\url{https://web.stanford.edu/class/archive/cs/cs224n/cs224n.1224/reports/custom_116997097.pdf}},
  note         = {Accessed: 2024-10-09},
  year         = {2022}
}

@misc{lackunderstanding,
  title         = {What can Large Language Models Capture about Code Functional Equivalence?},
  author        = {Nickil Maveli and Antonio Vergari and Shay B. Cohen},
  year          = {2024},
  eprint        = {2408.11081},
  archiveprefix = {arXiv},
  primaryclass  = {cs.SE},
  url           = {https://arxiv.org/abs/2408.11081}
}

@misc{limitations,
  title         = {On the Limitations of Embedding Based Methods for Measuring Functional Correctness for Code Generation},
  author        = {Atharva Naik},
  year          = {2024},
  eprint        = {2405.01580},
  archiveprefix = {arXiv},
  primaryclass  = {cs.SE}
}

@misc{msai,
  title        = {Microsoft AI Shell},
  author       = {Microsoft},
  howpublished = {\url{https://learn.microsoft.com/en-us/powershell/utility-modules/aishell/overview?view=ps-modules}},
  year         = {2024}
}

@article{multiple,
  author    = {Cassano, Federico and Gouwar, John and Nguyen, Daniel and Nguyen, Sydney and Phipps-Costin, Luna and Pinckney, Donald and Yee, Ming-Ho and Zi, Yangtian and Anderson, Carolyn Jane and Feldman, Molly Q and Guha, Arjun and Greenberg, Michael and Jangda, Abhinav},
  journal   = { IEEE Transactions on Software Engineering },
  title     = {{ MultiPL-E: A Scalable and Polyglot Approach to Benchmarking Neural Code Generation }},
  year      = {2023},
  volume    = {49},
  number    = {07},
  issn      = {1939-3520},
  pages     = {3675-3691},
  keywords  = {Codes;Benchmark testing;Python;Programming;Natural languages;Task analysis;Syntactics},
  doi       = {10.1109/TSE.2023.3267446},
  url       = {https://doi.ieeecomputersociety.org/10.1109/TSE.2023.3267446},
  publisher = {IEEE Computer Society},
  address   = {Los Alamitos, CA, USA},
  month     = jul
}

@article{qwen,
  title   = {Qwen2. 5-Coder Technical Report},
  author  = {Hui, Binyuan and Yang, Jian and Cui, Zeyu and Yang, Jiaxi and Liu, Dayiheng and Zhang, Lei and Liu, Tianyu and Zhang, Jiajun and Yu, Bowen and Dang, Kai and others},
  journal = {arXiv preprint arXiv:2409.12186},
  year    = {2024}
}

@misc{scriptsmith,
  title         = {ScriptSmith: A Unified LLM Framework for Enhancing IT Operations via Automated Bash Script Generation, Assessment, and Refinement},
  author        = {Oishik Chatterjee and Pooja Aggarwal and Suranjana Samanta and Ting Dai and Prateeti Mohapatra and Debanjana Kar and Ruchi Mahindru and Steve Barbieri and Eugen Postea and Brad Blancett and Arthur De Magalhaes},
  year          = {2024},
  eprint        = {2409.17166},
  archiveprefix = {arXiv},
  primaryclass  = {cs.SE},
  url           = {https://arxiv.org/abs/2409.17166}
}

@misc{shell-gpt,
  title        = {ShellGPT: A command-line productivity tool powered by AI large language models like GPT-4.},
  author       = {Farkhod Sadykov},
  howpublished = {\url{https://github.com/TheR1D/shell_gpt}},
  note         = {Accessed: 2024-09-09},
  year         = {2024}
}

@inbook{tfidf,
  author    = {Sparck Jones, Karen},
  title     = {A statistical interpretation of term specificity and its application in retrieval},
  year      = {1988},
  isbn      = {0947568212},
  publisher = {Taylor Graham Publishing},
  address   = {GBR},
  booktitle = {Document Retrieval Systems},
  pages     = {132-142},
  numpages  = {11}
}

@inproceedings{tsed,
  title     = {Revisiting Code Similarity Evaluation with Abstract Syntax Tree Edit Distance},
  author    = {Song, Yewei  and
               Lothritz, Cedric  and
               Tang, Xunzhu  and
               Bissyand{\'e}, Tegawend{\'e}  and
               Klein, Jacques},
  editor    = {Ku, Lun-Wei  and
               Martins, Andre  and
               Srikumar, Vivek},
  booktitle = {Proceedings of the 62nd Annual Meeting of the Association for Computational Linguistics (Volume 2: Short Papers)},
  month     = aug,
  year      = {2024},
  address   = {Bangkok, Thailand},
  publisher = {Association for Computational Linguistics},
  url       = {https://aclanthology.org/2024.acl-short.3/},
  doi       = {10.18653/v1/2024.acl-short.3},
  pages     = {38--46}
}

@inproceedings{undecided,
  author    = {Churchill, Berkeley and Padon, Oded and Sharma, Rahul and Aiken, Alex},
  title     = {Semantic program alignment for equivalence checking},
  year      = {2019},
  isbn      = {9781450367127},
  publisher = {Association for Computing Machinery},
  address   = {New York, NY, USA},
  url       = {https://doi.org/10.1145/3314221.3314596},
  doi       = {10.1145/3314221.3314596},
  booktitle = {Proceedings of the 40th ACM SIGPLAN Conference on Programming Language Design and Implementation},
  pages     = {1027-1040},
  numpages  = {14},
  keywords  = {verification, equivalence checking},
  location  = {Phoenix, AZ, USA},
  series    = {PLDI 2019}
}

@misc{vhdl,
  title         = {VHDL-Eval: A Framework for Evaluating Large Language Models in VHDL Code Generation},
  author        = {Prashanth Vijayaraghavan and Luyao Shi and Stefano Ambrogio and Charles Mackin and Apoorva Nitsure and David Beymer and Ehsan Degan},
  year          = {2024},
  eprint        = {2406.04379},
  archiveprefix = {arXiv},
  primaryclass  = {cs.SE},
  url           = {https://arxiv.org/abs/2406.04379}
}

@misc{warp,
  title        = {Warp: Your terminal, reimagined},
  author       = {Zach Lloyd and Michelle Lim and Aloke Desai},
  howpublished = {\url{https://www.warp.dev/}},
  note         = {Accessed: 2024-09-09},
  year         = {2024}
}

