@article{christiano2018supervising,
  title={Supervising strong learners by amplifying weak experts},
  author={Christiano, Paul and Shlegeris, Buck and Amodei, Dario},
  journal={arXiv preprint arXiv:1810.08575},
  year={2018}
}

@article{irving2018ai,
  title={AI safety via debate},
  author={Irving, Geoffrey and Christiano, Paul and Amodei, Dario},
  journal={arXiv preprint arXiv:1805.00899},
  year={2018}
}

@article{kenton2024scalable,
  title={On scalable oversight with weak llms judging strong llms},
  author={Kenton, Zachary and Siegel, Noah Y and Kram{\'a}r, J{\'a}nos and Brown-Cohen, Jonah and Albanie, Samuel and Bulian, Jannis and Agarwal, Rishabh and Lindner, David and Tang, Yunhao and Goodman, Noah D and others},
  journal={arXiv preprint arXiv:2407.04622},
  year={2024}
}

@article{khan2024debating,
  title={Debating with more persuasive llms leads to more truthful answers},
  author={Khan, Akbir and Hughes, John and Valentine, Dan and Ruis, Laura and Sachan, Kshitij and Radhakrishnan, Ansh and Grefenstette, Edward and Bowman, Samuel R and Rockt{\"a}schel, Tim and Perez, Ethan},
  journal={arXiv preprint arXiv:2402.06782},
  year={2024}
}

@article{michael2023debate,
  title={Debate helps supervise unreliable experts},
  author={Michael, Julian and Mahdi, Salsabila and Rein, David and Petty, Jackson and Dirani, Julien and Padmakumar, Vishakh and Bowman, Samuel R},
  journal={arXiv preprint arXiv:2311.08702},
  year={2023}
}

@misc{wu2021recursivelysummarizingbookshuman,
      title={Recursively Summarizing Books with Human Feedback}, 
      author={Jeff Wu and Long Ouyang and Daniel M. Ziegler and Nisan Stiennon and Ryan Lowe and Jan Leike and Paul Christiano},
      year={2021},
      eprint={2109.10862},
      archivePrefix={arXiv},
      primaryClass={cs.CL},
      url={https://arxiv.org/abs/2109.10862}, 
}

