@inproceedings{allen-zhu2023towards,
title={Towards Understanding Ensemble, Knowledge Distillation and Self-Distillation in Deep Learning},
author={Zeyuan Allen-Zhu and Yuanzhi Li},
booktitle={The Eleventh International Conference on Learning Representations },
year={2023}
}


@article{sohn2020fixmatch,
  title={Fixmatch: Simplifying semi-supervised learning with consistency and confidence},
  author={Sohn, Kihyuk and Berthelot, David and Carlini, Nicholas and Zhang, Zizhao and Zhang, Han and Raffel, Colin A and Cubuk, Ekin Dogus and Kurakin, Alexey and Li, Chun-Liang},
  journal={Advances in neural information processing systems},
  volume={33},
  pages={596--608},
  year={2020}
}

@article{mey2019improvability,
  title={Improvability through semi-supervised learning: A survey of theoretical results},
  author={Mey, Alexander and Loog, Marco},
  journal={arXiv preprint arXiv:1908.09574},
  year={2019}
}

@article{van2020survey,
  title={A survey on semi-supervised learning},
  author={Van Engelen, Jesper E and Hoos, Holger H},
  journal={Machine learning},
  volume={109},
  number={2},
  pages={373--440},
  year={2020},
  publisher={Springer}
}

@article{ouali2020overview,
  title={An overview of deep semi-supervised learning},
  author={Ouali, Yassine and Hudelot, C{\'e}line and Tami, Myriam},
  journal={arXiv preprint arXiv:2006.05278},
  year={2020}
}

@article{mey2022improved,
  title={Improved Generalization in Semi-Supervised Learning: A Survey of Theoretical Results},
  author={Mey, Alexander and Loog, Marco},
  journal={IEEE Transactions on Pattern Analysis and Machine Intelligence},
  volume={45},
  number={4},
  pages={4747--4767},
  year={2022},
  publisher={IEEE}
}

@article{he2022information,
  title={Information-theoretic characterization of the generalization error for iterative semi-supervised learning},
  author={He, Haiyun and Yan, Hanshu and Tan, Vincent YF},
  journal={The Journal of Machine Learning Research},
  volume={23},
  number={1},
  pages={13041--13092},
  year={2022},
  publisher={JMLRORG}
}

@article{devries2017improved,
  title={Improved regularization of convolutional neural networks with cutout},
  author={DeVries, Terrance and Taylor, Graham W},
  journal={arXiv preprint arXiv:1708.04552},
  year={2017}
}

@article{berthelot2019mixmatch,
  title={Mixmatch: A holistic approach to semi-supervised learning},
  author={Berthelot, David and Carlini, Nicholas and Goodfellow, Ian and Papernot, Nicolas and Oliver, Avital and Raffel, Colin A},
  journal={Advances in neural information processing systems},
  volume={32},
  year={2019}
}

@article{xie2020unsupervised,
  title={Unsupervised data augmentation for consistency training},
  author={Xie, Qizhe and Dai, Zihang and Hovy, Eduard and Luong, Thang and Le, Quoc},
  journal={Advances in neural information processing systems},
  volume={33},
  pages={6256--6268},
  year={2020}
}


@inproceedings{kocaman2022saliency,
  title={Saliency Can Be All You Need in Contrastive Self-supervised Learning},
  author={Kocaman, Veysel and Shir, Ofer M and B{\"a}ck, Thomas and Belbachir, Ahmed Nabil},
  booktitle={International Symposium on Visual Computing},
  pages={119--140},
  year={2022},
  organization={Springer}
}

@article{yao2020saliency,
  title={Saliency guided self-attention network for weakly and semi-supervised semantic segmentation},
  author={Yao, Qi and Gong, Xiaojin},
  journal={IEEE Access},
  volume={8},
  pages={14413--14423},
  year={2020},
  publisher={IEEE}
}

@inproceedings{selvaraju2017grad,
  title={Grad-cam: Visual explanations from deep networks via gradient-based localization},
  author={Selvaraju, Ramprasaath R and Cogswell, Michael and Das, Abhishek and Vedantam, Ramakrishna and Parikh, Devi and Batra, Dhruv},
  booktitle={Proceedings of the IEEE international conference on computer vision},
  pages={618--626},
  year={2017}
}

@inproceedings{lee2013pseudo,
  title={Pseudo-label: The simple and efficient semi-supervised learning method for deep neural networks},
  author={Lee, Dong-Hyun and others},
  booktitle={Workshop on challenges in representation learning, ICML},
  volume={3},
  number={2},
  pages={896},
  year={2013},
  organization={Atlanta}
}

@article{bachman2014learning,
  title={Learning with pseudo-ensembles},
  author={Bachman, Philip and Alsharif, Ouais and Precup, Doina},
  journal={Advances in neural information processing systems},
  volume={27},
  year={2014}
}

@article{sajjadi2016regularization,
  title={Regularization with stochastic transformations and perturbations for deep semi-supervised learning},
  author={Sajjadi, Mehdi and Javanmardi, Mehran and Tasdizen, Tolga},
  journal={Advances in neural information processing systems},
  volume={29},
  year={2016}
}

@article{laine2016temporal,
  title={Temporal ensembling for semi-supervised learning},
  author={Laine, Samuli and Aila, Timo},
  journal={arXiv preprint arXiv:1610.02242},
  year={2016}
}

@article{hendrycks2019augmix,
  title={Augmix: A simple data processing method to improve robustness and uncertainty},
  author={Hendrycks, Dan and Mu, Norman and Cubuk, Ekin D and Zoph, Barret and Gilmer, Justin and Lakshminarayanan, Balaji},
  journal={arXiv preprint arXiv:1912.02781},
  year={2019}
}

@article{ctifrea2023can,
  title={Can semi-supervised learning use all the data effectively? A lower bound perspective},
  author={{\c{T}}ifrea, Alexandru and Y{\"u}ce, Gizem and Sanyal, Amartya and Yang, Fanny},
  journal={arXiv preprint arXiv:2311.18557},
  year={2023}
}

@article{wang2022revisiting,
  title={Revisiting Deep Semi-supervised Learning: An Empirical Distribution Alignment Framework and Its Generalization Bound},
  author={Wang, Feiyu and Wang, Qin and Li, Wen and Xu, Dong and Van Gool, Luc},
  journal={arXiv preprint arXiv:2203.06639},
  year={2022}
}

@article{krizhevsky2009learning,
  title={Learning multiple layers of features from tiny images},
  author={Krizhevsky, Alex and Hinton, Geoffrey and others},
  year={2009},
  publisher={Toronto, ON, Canada}
}

@inproceedings{coates2011analysis,
  title={An analysis of single-layer networks in unsupervised feature learning},
  author={Coates, Adam and Ng, Andrew and Lee, Honglak},
  booktitle={Proceedings of the fourteenth international conference on artificial intelligence and statistics},
  pages={215--223},
  year={2011},
  organization={JMLR Workshop and Conference Proceedings}
}

@inproceedings{deng2009imagenet,
  title={Imagenet: A large-scale hierarchical image database},
  author={Deng, Jia and Dong, Wei and Socher, Richard and Li, Li-Jia and Li, Kai and Fei-Fei, Li},
  booktitle={2009 IEEE conference on computer vision and pattern recognition},
  pages={248--255},
  year={2009},
  organization={Ieee}
}

@article{oliver2018realistic,
  title={Realistic evaluation of deep semi-supervised learning algorithms},
  author={Oliver, Avital and Odena, Augustus and Raffel, Colin A and Cubuk, Ekin Dogus and Goodfellow, Ian},
  journal={Advances in neural information processing systems},
  volume={31},
  year={2018}
}

@inproceedings{he2016deep,
  title={Deep residual learning for image recognition},
  author={He, Kaiming and Zhang, Xiangyu and Ren, Shaoqing and Sun, Jian},
  booktitle={Proceedings of the IEEE conference on computer vision and pattern recognition},
  pages={770--778},
  year={2016}
}

@article{zagoruyko2016wide,
  title={Wide residual networks},
  author={Zagoruyko, Sergey and Komodakis, Nikos},
  journal={arXiv preprint arXiv:1605.07146},
  year={2016}
}

@inproceedings{zhou2020time,
  title={Time-consistent self-supervision for semi-supervised learning},
  author={Zhou, Tianyi and Wang, Shengjie and Bilmes, Jeff},
  booktitle={International Conference on Machine Learning},
  pages={11523--11533},
  year={2020},
  organization={PMLR}
}

@article{rigollet2007generalization,
  title={Generalization Error Bounds in Semi-supervised Classification Under the Cluster Assumption.},
  author={Rigollet, Philippe},
  journal={Journal of Machine Learning Research},
  volume={8},
  number={7},
  year={2007}
}

@inproceedings{kaariainen2005generalization,
  title={Generalization error bounds using unlabeled data},
  author={K{\"a}{\"a}ri{\"a}inen, Matti},
  booktitle={Learning Theory: 18th Annual Conference on Learning Theory, COLT 2005, Bertinoro, Italy, June 27-30, 2005. Proceedings 18},
  pages={127--142},
  year={2005},
  organization={Springer}
}

@inproceedings{balcan2005pac,
  title={A PAC-style model for learning from labeled and unlabeled data},
  author={Balcan, Maria-Florina and Blum, Avrim},
  booktitle={International Conference on Computational Learning Theory},
  pages={111--126},
  year={2005},
  organization={Springer}
}

@article{wasserman2007statistical,
  title={Statistical analysis of semi-supervised regression},
  author={Wasserman, Larry and Lafferty, John},
  journal={Advances in Neural Information Processing Systems},
  volume={20},
  year={2007}
}

@article{mclachlan1975iterative,
  title={Iterative reclassification procedure for constructing an asymptotically optimal rule of allocation in discriminant analysis},
  author={McLachlan, Geoffrey J},
  journal={Journal of the American Statistical Association},
  volume={70},
  number={350},
  pages={365--369},
  year={1975},
  publisher={Taylor \& Francis}
}

@article{scudder1965probability,
  title={Probability of error of some adaptive pattern-recognition machines},
  author={Scudder, Henry},
  journal={IEEE Transactions on Information Theory},
  volume={11},
  number={3},
  pages={363--371},
  year={1965},
  publisher={IEEE}
}

@inproceedings{cubuk2020randaugment,
  title={Randaugment: Practical automated data augmentation with a reduced search space},
  author={Cubuk, Ekin D and Zoph, Barret and Shlens, Jonathon and Le, Quoc V},
  booktitle={Proceedings of the IEEE/CVF conference on computer vision and pattern recognition workshops},
  pages={702--703},
  year={2020}
}

@article{vaswani2017attention,
  title={Attention is all you need},
  author={Vaswani, Ashish and Shazeer, Noam and Parmar, Niki and Uszkoreit, Jakob and Jones, Llion and Gomez, Aidan N and Kaiser, {\L}ukasz and Polosukhin, Illia},
  journal={Advances in neural information processing systems},
  volume={30},
  year={2017}
}

@article{radford2018improving,
  title={Improving language understanding by generative pre-training},
  author={Radford, Alec and Narasimhan, Karthik and Salimans, Tim and Sutskever, Ilya and others},
  year={2018},
  publisher={OpenAI}
}

@article{dosovitskiy2020image,
  title={An image is worth 16x16 words: Transformers for image recognition at scale},
  author={Dosovitskiy, Alexey and Beyer, Lucas and Kolesnikov, Alexander and Weissenborn, Dirk and Zhai, Xiaohua and Unterthiner, Thomas and Dehghani, Mostafa and Minderer, Matthias and Heigold, Georg and Gelly, Sylvain and others},
  journal={arXiv preprint arXiv:2010.11929},
  year={2020}
}

@article{ho2020denoising,
  title={Denoising diffusion probabilistic models},
  author={Ho, Jonathan and Jain, Ajay and Abbeel, Pieter},
  journal={Advances in neural information processing systems},
  volume={33},
  pages={6840--6851},
  year={2020}
}

@article{mildenhall2021nerf,
  title={Nerf: Representing scenes as neural radiance fields for view synthesis},
  author={Mildenhall, Ben and Srinivasan, Pratul P and Tancik, Matthew and Barron, Jonathan T and Ramamoorthi, Ravi and Ng, Ren},
  journal={Communications of the ACM},
  volume={65},
  number={1},
  pages={99--106},
  year={2021},
  publisher={ACM New York, NY, USA}
}

@article{schick2023toolformer,
  title={Toolformer: Language models can teach themselves to use tools},
  author={Schick, Timo and Dwivedi-Yu, Jane and Dess{\`\i}, Roberto and Raileanu, Roberta and Lomeli, Maria and Zettlemoyer, Luke and Cancedda, Nicola and Scialom, Thomas},
  journal={arXiv preprint arXiv:2302.04761},
  year={2023}
}

@article{ouyang2022training,
  title={Training language models to follow instructions with human feedback},
  author={Ouyang, Long and Wu, Jeffrey and Jiang, Xu and Almeida, Diogo and Wainwright, Carroll and Mishkin, Pamela and Zhang, Chong and Agarwal, Sandhini and Slama, Katarina and Ray, Alex and others},
  journal={Advances in Neural Information Processing Systems},
  volume={35},
  pages={27730--27744},
  year={2022}
}

@article{howard2020fastai,
  title={Fastai: A layered API for deep learning},
  author={Howard, Jeremy and Gugger, Sylvain},
  journal={Information},
  volume={11},
  number={2},
  pages={108},
  year={2020},
  publisher={Multidisciplinary Digital Publishing Institute}
}

@inproceedings{sutskever2013importance,
  title={On the importance of initialization and momentum in deep learning},
  author={Sutskever, Ilya and Martens, James and Dahl, George and Hinton, Geoffrey},
  booktitle={International conference on machine learning},
  pages={1139--1147},
  year={2013},
  organization={PMLR}
}

@article{loshchilov2016sgdr,
  title={Sgdr: Stochastic gradient descent with warm restarts},
  author={Loshchilov, Ilya and Hutter, Frank},
  journal={arXiv preprint arXiv:1608.03983},
  year={2016}
}

@inproceedings{pham2021meta,
  title={Meta pseudo labels},
  author={Pham, Hieu and Dai, Zihang and Xie, Qizhe and Le, Quoc V},
  booktitle={Proceedings of the IEEE/CVF conference on computer vision and pattern recognition},
  pages={11557--11568},
  year={2021}
}

@inproceedings{xu2021dash,
  title={Dash: Semi-supervised learning with dynamic thresholding},
  author={Xu, Yi and Shang, Lei and Ye, Jinxing and Qian, Qi and Li, Yu-Feng and Sun, Baigui and Li, Hao and Jin, Rong},
  booktitle={International Conference on Machine Learning},
  pages={11525--11536},
  year={2021},
  organization={PMLR}
}

@inproceedings{guo2020safe,
  title={Safe deep semi-supervised learning for unseen-class unlabeled data},
  author={Guo, Lan-Zhe and Zhang, Zhen-Yu and Jiang, Yuan and Li, Yu-Feng and Zhou, Zhi-Hua},
  booktitle={International Conference on Machine Learning},
  pages={3897--3906},
  year={2020},
  organization={PMLR}
}

@article{berthelot2019remixmatch,
  title={Remixmatch: Semi-supervised learning with distribution alignment and augmentation anchoring},
  author={Berthelot, David and Carlini, Nicholas and Cubuk, Ekin D and Kurakin, Alex and Sohn, Kihyuk and Zhang, Han and Raffel, Colin},
  journal={arXiv preprint arXiv:1911.09785},
  year={2019}
}

@article{miyato2018virtual,
  title={Virtual adversarial training: a regularization method for supervised and semi-supervised learning},
  author={Miyato, Takeru and Maeda, Shin-ichi and Koyama, Masanori and Ishii, Shin},
  journal={IEEE transactions on pattern analysis and machine intelligence},
  volume={41},
  number={8},
  pages={1979--1993},
  year={2018},
  publisher={IEEE}
}

@inproceedings{wang2010new,
  title={A New Analysis of Co-Training.},
  author={Wang, Wei and Zhou, Zhi-Hua},
  booktitle={ICML},
  volume={2},
  pages={3},
  year={2010}
}

@article{valiant1984theory,
  title={A theory of the learnable},
  author={Valiant, Leslie G},
  journal={Communications of the ACM},
  volume={27},
  number={11},
  pages={1134--1142},
  year={1984},
  publisher={ACM New York, NY, USA}
}

@article{pan2022towards,
  title={Towards understanding why mask-reconstruction pretraining helps in downstream tasks},
  author={Pan, Jiachun and Zhou, Pan and Yan, Shuicheng},
  journal={arXiv preprint arXiv:2206.03826},
  year={2022}
}

@inproceedings{usb2022,
  doi = {10.48550/ARXIV.2208.07204},
  url = {https://arxiv.org/abs/2208.07204},
  author = {Wang, Yidong and Chen, Hao and Fan, Yue and Sun, Wang and Tao, Ran and Hou, Wenxin and Wang, Renjie and Yang, Linyi and Zhou, Zhi and Guo, Lan-Zhe and Qi, Heli and Wu, Zhen and Li, Yu-Feng and Nakamura, Satoshi and Ye, Wei and Savvides, Marios and Raj, Bhiksha and Shinozaki, Takahiro and Schiele, Bernt and Wang, Jindong and Xie, Xing and Zhang, Yue},
  title = {USB: A Unified Semi-supervised Learning Benchmark for Classification},
  booktitle = {Thirty-sixth Conference on Neural Information Processing Systems Datasets and Benchmarks Track},
  year = {2022}
}

@article{tarvainen2017mean,
  title={Mean teachers are better role models: Weight-averaged consistency targets improve semi-supervised deep learning results},
  author={Tarvainen, Antti and Valpola, Harri},
  journal={Advances in neural information processing systems},
  volume={30},
  year={2017}
}

@misc{jd2020fixmatch,
  author = {Jungdae Kim},
  title = {PyTorch implementation of FixMatch},
  year = {2020},
  publisher = {GitHub},
  journal = {GitHub repository},
  howpublished = {\url{https://github.com/kekmodel/FixMatch-pytorch}}
}

@article{li2017convergence,
  title={Convergence analysis of two-layer neural networks with relu activation},
  author={Li, Yuanzhi and Yuan, Yang},
  journal={Advances in neural information processing systems},
  volume={30},
  year={2017}
}

@inproceedings{arora2019fine,
  title={Fine-grained analysis of optimization and generalization for overparameterized two-layer neural networks},
  author={Arora, Sanjeev and Du, Simon and Hu, Wei and Li, Zhiyuan and Wang, Ruosong},
  booktitle={International Conference on Machine Learning},
  pages={322--332},
  year={2019},
  organization={PMLR}
}

@article{zhang2021understanding,
  title={Understanding deep learning (still) requires rethinking generalization},
  author={Zhang, Chiyuan and Bengio, Samy and Hardt, Moritz and Recht, Benjamin and Vinyals, Oriol},
  journal={Communications of the ACM},
  volume={64},
  number={3},
  pages={107--115},
  year={2021},
  publisher={ACM New York, NY, USA}
}

@article{wei2020theoretical,
  title={Theoretical analysis of self-training with deep networks on unlabeled data},
  author={Wei, Colin and Shen, Kendrick and Chen, Yining and Ma, Tengyu},
  journal={arXiv preprint arXiv:2010.03622},
  year={2020}
}

@article{singh2008unlabeled,
  title={Unlabeled data: Now it helps, now it doesn't},
  author={Singh, Aarti and Nowak, Robert and Zhu, Jerry},
  journal={Advances in neural information processing systems},
  volume={21},
  year={2008}
}

@inproceedings{wen2021toward,
  title={Toward understanding the feature learning process of self-supervised contrastive learning},
  author={Wen, Zixin and Li, Yuanzhi},
  booktitle={International Conference on Machine Learning},
  pages={11112--11122},
  year={2021},
  organization={PMLR}
}

@article{wen2022mechanism,
  title={The mechanism of prediction head in non-contrastive self-supervised learning},
  author={Wen, Zixin and Li, Yuanzhi},
  journal={Advances in Neural Information Processing Systems},
  volume={35},
  pages={24794--24809},
  year={2022}
}

@inproceedings{allen2022feature,
  title={Feature purification: How adversarial training performs robust deep learning},
  author={Allen-Zhu, Zeyuan and Li, Yuanzhi},
  booktitle={2021 IEEE 62nd Annual Symposium on Foundations of Computer Science (FOCS)},
  pages={977--988},
  year={2022},
  organization={IEEE}
}

@inproceedings{park2018adversarial,
  title={Adversarial dropout for supervised and semi-supervised learning},
  author={Park, Sungrae and Park, JunKeon and Shin, Su-Jin and Moon, Il-Chul},
  booktitle={Proceedings of the AAAI conference on artificial intelligence},
  volume={32},
  number={1},
  year={2018}
}

@inproceedings{shen2022data,
  title={Data augmentation as feature manipulation},
  author={Shen, Ruoqi and Bubeck, S{\'e}bastien and Gunasekar, Suriya},
  booktitle={International conference on machine learning},
  pages={19773--19808},
  year={2022},
  organization={PMLR}
}

@article{park2022unified,
  title={A unified analysis of mixed sample data augmentation: A loss function perspective},
  author={Park, Chanwoo and Yun, Sangdoo and Chun, Sanghyuk},
  journal={Advances in Neural Information Processing Systems},
  volume={35},
  pages={35504--35518},
  year={2022}
}

@article{carratino2022mixup,
  title={On mixup regularization},
  author={Carratino, Luigi and Ciss{\'e}, Moustapha and Jenatton, Rodolphe and Vert, Jean-Philippe},
  journal={Journal of Machine Learning Research},
  volume={23},
  number={325},
  pages={1--31},
  year={2022}
}

@inproceedings{yun2019cutmix,
  title={Cutmix: Regularization strategy to train strong classifiers with localizable features},
  author={Yun, Sangdoo and Han, Dongyoon and Oh, Seong Joon and Chun, Sanghyuk and Choe, Junsuk and Yoo, Youngjoon},
  booktitle={Proceedings of the IEEE/CVF international conference on computer vision},
  pages={6023--6032},
  year={2019}
}

@article{uddin2020saliencymix,
  title={Saliencymix: A saliency guided data augmentation strategy for better regularization},
  author={Uddin, AFM and Monira, Mst and Shin, Wheemyung and Chung, TaeChoong and Bae, Sung-Ho and others},
  journal={arXiv preprint arXiv:2006.01791},
  year={2020}
}

@inproceedings{kim2020puzzle,
  title={Puzzle mix: Exploiting saliency and local statistics for optimal mixup},
  author={Kim, Jang-Hyun and Choo, Wonho and Song, Hyun Oh},
  booktitle={International conference on machine learning},
  pages={5275--5285},
  year={2020},
  organization={PMLR}
}

@article{zhang2020does,
  title={How does mixup help with robustness and generalization?},
  author={Zhang, Linjun and Deng, Zhun and Kawaguchi, Kenji and Ghorbani, Amirata and Zou, James},
  journal={arXiv preprint arXiv:2010.04819},
  year={2020}
}

@inproceedings{zou2023benefits,
  title={The benefits of mixup for feature learning},
  author={Zou, Difan and Cao, Yuan and Li, Yuanzhi and Gu, Quanquan},
  booktitle={International Conference on Machine Learning},
  pages={43423--43479},
  year={2023},
  organization={PMLR}
}

@article{oh2024provable,
  title={Provable benefit of cutout and cutmix for feature learning},
  author={Oh, Junsoo and Yun, Chulhee},
  journal={arXiv preprint arXiv:2410.23672},
  year={2024}
}

@inproceedings{chidambaram2023provably,
  title={Provably learning diverse features in multi-view data with midpoint mixup},
  author={Chidambaram, Muthu and Wang, Xiang and Wu, Chenwei and Ge, Rong},
  booktitle={International Conference on Machine Learning},
  pages={5563--5599},
  year={2023},
  organization={PMLR}
}

@article{krizhevsky2012imagenet,
  title={Imagenet classification with deep convolutional neural networks},
  author={Krizhevsky, Alex and Sutskever, Ilya and Hinton, Geoffrey E},
  journal={Advances in neural information processing systems},
  volume={25},
  year={2012}
}

@article{neyshabur2017exploring,
  title={Exploring generalization in deep learning},
  author={Neyshabur, Behnam and Bhojanapalli, Srinadh and McAllester, David and Srebro, Nati},
  journal={Advances in neural information processing systems},
  volume={30},
  year={2017}
}

@inproceedings{zhong2020random,
  title={Random erasing data augmentation},
  author={Zhong, Zhun and Zheng, Liang and Kang, Guoliang and Li, Shaozi and Yang, Yi},
  booktitle={Proceedings of the AAAI conference on artificial intelligence},
  volume={34},
  number={07},
  pages={13001--13008},
  year={2020}
}

@article{chen2020big,
  title={Big self-supervised models are strong semi-supervised learners},
  author={Chen, Ting and Kornblith, Simon and Swersky, Kevin and Norouzi, Mohammad and Hinton, Geoffrey E},
  journal={Advances in neural information processing systems},
  volume={33},
  pages={22243--22255},
  year={2020}
}

@inproceedings{ghiasi2021simple,
  title={Simple copy-paste is a strong data augmentation method for instance segmentation},
  author={Ghiasi, Golnaz and Cui, Yin and Srinivas, Aravind and Qian, Rui and Lin, Tsung-Yi and Cubuk, Ekin D and Le, Quoc V and Zoph, Barret},
  booktitle={Proceedings of the IEEE/CVF conference on computer vision and pattern recognition},
  pages={2918--2928},
  year={2021}
}

@article{zhang2017mixup,
  title={mixup: Beyond empirical risk minimization},
  author={Zhang, Hongyi},
  journal={arXiv preprint arXiv:1710.09412},
  year={2017}
}

@article{brown2020language,
  title={Language models are few-shot learners},
  author={Brown, Tom B},
  journal={arXiv preprint arXiv:2005.14165},
  year={2020}
}

@article{touvron2023llama,
  title={Llama: Open and efficient foundation language models},
  author={Touvron, Hugo and Lavril, Thibaut and Izacard, Gautier and Martinet, Xavier and Lachaux, Marie-Anne and Lacroix, Timoth{\'e}e and Rozi{\`e}re, Baptiste and Goyal, Naman and Hambro, Eric and Azhar, Faisal and others},
  journal={arXiv preprint arXiv:2302.13971},
  year={2023}
}

@article{lee2020biobert,
  title={BioBERT: a pre-trained biomedical language representation model for biomedical text mining},
  author={Lee, Jinhyuk and Yoon, Wonjin and Kim, Sungdong and Kim, Donghyeon and Kim, Sunkyu and So, Chan Ho and Kang, Jaewoo},
  journal={Bioinformatics},
  volume={36},
  number={4},
  pages={1234--1240},
  year={2020},
  publisher={Oxford University Press}
}

@article{szegedy2013intriguing,
  title={Intriguing properties of neural networks},
  author={Szegedy, C},
  journal={arXiv preprint arXiv:1312.6199},
  year={2013}
}

@article{shorten2019survey,
  title={A survey on image data augmentation for deep learning},
  author={Shorten, Connor and Khoshgoftaar, Taghi M},
  journal={Journal of big data},
  volume={6},
  number={1},
  pages={1--48},
  year={2019},
  publisher={Springer}
}

@article{rebuffi2021data,
  title={Data augmentation can improve robustness},
  author={Rebuffi, Sylvestre-Alvise and Gowal, Sven and Calian, Dan Andrei and Stimberg, Florian and Wiles, Olivia and Mann, Timothy A},
  journal={Advances in Neural Information Processing Systems},
  volume={34},
  pages={29935--29948},
  year={2021}
}

@article{cao2022benign,
  title={Benign overfitting in two-layer convolutional neural networks},
  author={Cao, Yuan and Chen, Zixiang and Belkin, Misha and Gu, Quanquan},
  journal={Advances in neural information processing systems},
  volume={35},
  pages={25237--25250},
  year={2022}
}

@article{hanin2021data,
  title={How data augmentation affects optimization for linear regression},
  author={Hanin, Boris and Sun, Yi},
  journal={Advances in neural information processing systems},
  volume={34},
  pages={8095--8105},
  year={2021}
}

@article{bishop1995training,
  title={Training with noise is equivalent to Tikhonov regularization},
  author={Bishop, Chris M},
  journal={Neural computation},
  volume={7},
  number={1},
  pages={108--116},
  year={1995},
  publisher={MIT Press}
}

@inproceedings{dao2019kernel,
  title={A kernel theory of modern data augmentation},
  author={Dao, Tri and Gu, Albert and Ratner, Alexander and Smith, Virginia and De Sa, Chris and R{\'e}, Christopher},
  booktitle={International conference on machine learning},
  pages={1528--1537},
  year={2019},
  organization={PMLR}
}

@inproceedings{wu2020generalization,
  title={On the generalization effects of linear transformations in data augmentation},
  author={Wu, Sen and Zhang, Hongyang and Valiant, Gregory and R{\'e}, Christopher},
  booktitle={International Conference on Machine Learning},
  pages={10410--10420},
  year={2020},
  organization={PMLR}
}

@article{chen2020group,
  title={A group-theoretic framework for data augmentation},
  author={Chen, Shuxiao and Dobriban, Edgar and Lee, Jane H},
  journal={Journal of Machine Learning Research},
  volume={21},
  number={245},
  pages={1--71},
  year={2020}
}

@inproceedings{rajput2019does,
  title={Does data augmentation lead to positive margin?},
  author={Rajput, Shashank and Feng, Zhili and Charles, Zachary and Loh, Po-Ling and Papailiopoulos, Dimitris},
  booktitle={International Conference on Machine Learning},
  pages={5321--5330},
  year={2019},
  organization={PMLR}
}

@inproceedings{oh2023provable,
  title={Provable benefit of mixup for finding optimal decision boundaries},
  author={Oh, Junsoo and Yun, Chulhee},
  booktitle={International Conference on Machine Learning},
  pages={26403--26450},
  year={2023},
  organization={PMLR}
}

@inproceedings{jelassi2022towards,
  title={Towards understanding how momentum improves generalization in deep learning},
  author={Jelassi, Samy and Li, Yuanzhi},
  booktitle={International Conference on Machine Learning},
  pages={9965--10040},
  year={2022},
  organization={PMLR}
}

@inproceedings{huang2023understanding,
  title={Understanding convergence and generalization in federated learning through feature learning theory},
  author={Huang, Wei and Shi, Ye and Cai, Zhongyi and Suzuki, Taiji},
  booktitle={The Twelfth International Conference on Learning Representations},
  year={2023}
}

@article{chen2024does,
  title={Why does sharpness-aware minimization generalize better than SGD?},
  author={Chen, Zixiang and Zhang, Junkai and Kou, Yiwen and Chen, Xiangning and Hsieh, Cho-Jui and Gu, Quanquan},
  journal={Advances in neural information processing systems},
  volume={36},
  year={2024}
}

@inproceedings{he2022masked,
  title={Masked autoencoders are scalable vision learners},
  author={He, Kaiming and Chen, Xinlei and Xie, Saining and Li, Yanghao and Doll{\'a}r, Piotr and Girshick, Ross},
  booktitle={Proceedings of the IEEE/CVF conference on computer vision and pattern recognition},
  pages={16000--16009},
  year={2022}
}

@article{vaswani2017attention,
  title={Attention is all you need},
  author={Vaswani, A},
  journal={Advances in Neural Information Processing Systems},
  year={2017}
}

@article{devlin2018bert,
  title={Bert: Pre-training of deep bidirectional transformers for language understanding},
  author={Devlin, Jacob},
  journal={arXiv preprint arXiv:1810.04805},
  year={2018}
}

@article{foret2020sharpness,
  title={Sharpness-aware minimization for efficiently improving generalization},
  author={Foret, Pierre and Kleiner, Ariel and Mobahi, Hossein and Neyshabur, Behnam},
  journal={arXiv preprint arXiv:2010.01412},
  year={2020}
}

@article{volpi2018generalizing,
  title={Generalizing to unseen domains via adversarial data augmentation},
  author={Volpi, Riccardo and Namkoong, Hongseok and Sener, Ozan and Duchi, John C and Murino, Vittorio and Savarese, Silvio},
  journal={Advances in neural information processing systems},
  volume={31},
  year={2018}
}

@article{srivastava2014dropout,
  title={Dropout: a simple way to prevent neural networks from overfitting},
  author={Srivastava, Nitish and Hinton, Geoffrey and Krizhevsky, Alex and Sutskever, Ilya and Salakhutdinov, Ruslan},
  journal={The journal of machine learning research},
  volume={15},
  number={1},
  pages={1929--1958},
  year={2014},
  publisher={JMLR. org}
}

@inproceedings{walawalkar2020attentive,
  title={Attentive Cutmix: An Enhanced Data Augmentation Approach for Deep Learning Based Image Classification},
  author={Walawalkar, Devesh and Shen, Zhiqiang and Liu, Zechun and Savvides, Marios},
  booktitle={ICASSP 2020-2020 IEEE International Conference on Acoustics, Speech and Signal Processing (ICASSP)},
  pages={3642--3646},
  year={2020},
  organization={IEEE}
}

@article{li2022openmixup,
  title = {OpenMixup: A Comprehensive Mixup Benchmark for Visual Classification},
  author = {Siyuan Li and Zedong Wang and Zicheng Liu and Di Wu and Cheng Tan and Stan Z. Li},
  journal = {ArXiv},
  year = {2022},
  volume = {abs/2209.04851}
}

@inproceedings{he2016identity,
  title={Identity mappings in deep residual networks},
  author={He, Kaiming and Zhang, Xiangyu and Ren, Shaoqing and Sun, Jian},
  booktitle={Computer Vision--ECCV 2016: 14th European Conference, Amsterdam, The Netherlands, October 11--14, 2016, Proceedings, Part IV 14},
  pages={630--645},
  year={2016},
  organization={Springer}
}

@article{simonyan2014very,
	title={Very deep convolutional networks for large-scale image recognition},
	author={Simonyan, Karen and Zisserman, Andrew},
	journal={arXiv preprint arXiv:1409.1556},
	year={2014}
}

@inproceedings{huang2017densely,
  title={Densely connected convolutional networks},
  author={Huang, Gao and Liu, Zhuang and Van Der Maaten, Laurens and Weinberger, Kilian Q},
  booktitle={Proceedings of the IEEE conference on computer vision and pattern recognition},
  pages={4700--4708},
  year={2017}
}