@InProceedings{Tong_2019_CVPR,
author = {Tong, Bin and Wang, Chao and Klinkigt, Martin and Kobayashi, Yoshiyuki and Nonaka, Yuuichi},
title = {Hierarchical Disentanglement of Discriminative Latent Features for Zero-Shot Learning},
booktitle = {Proceedings of the IEEE/CVF Conference on Computer Vision and Pattern Recognition (CVPR)},
month = {June},
year = {2019}
}

@misc{alamri2021implicitexplicitattentionzeroshot,
      title={Implicit and Explicit Attention for Zero-Shot Learning}, 
      author={Faisal Alamri and Anjan Dutta},
      year={2021},
      eprint={2110.00860},
      archivePrefix={arXiv},
      primaryClass={cs.CV},
      url={https://arxiv.org/abs/2110.00860}, 
}

@article{chen2021hsva,
  title={Hsva: Hierarchical semantic-visual adaptation for zero-shot learning},
  author={Chen, Shiming and Xie, Guosen and Liu, Yang and Peng, Qinmu and Sun, Baigui and Li, Hao and You, Xinge and Shao, Ling},
  journal={Advances in Neural Information Processing Systems},
  volume={34},
  pages={16622--16634},
  year={2021}
}

@inproceedings{chen2021semantics,
  title={Semantics disentangling for generalized zero-shot learning},
  author={Chen, Zhi and Luo, Yadan and Qiu, Ruihong and Wang, Sen and Huang, Zi and Li, Jingjing and Zhang, Zheng},
  booktitle={Proceedings of the IEEE/CVF international conference on computer vision},
  pages={8712--8720},
  year={2021}
}

@article{gao2020zero,
  title={Zero-VAE-GAN: Generating unseen features for generalized and transductive zero-shot learning},
  author={Gao, Rui and Hou, Xingsong and Qin, Jie and Chen, Jiaxin and Liu, Li and Zhu, Fan and Zhang, Zhao and Shao, Ling},
  journal={IEEE Transactions on Image Processing},
  volume={29},
  pages={3665--3680},
  year={2020},
  publisher={IEEE}
}

@inproceedings{hao2023learning,
  title={Learning attention as disentangler for compositional zero-shot learning},
  author={Hao, Shaozhe and Han, Kai and Wong, Kwan-Yee K},
  booktitle={Proceedings of the IEEE/CVF Conference on Computer Vision and Pattern Recognition},
  pages={15315--15324},
  year={2023}
}

@article{huang2022unsupervised,
  title={Unsupervised prompt learning for vision-language models},
  author={Huang, Tony and Chu, Jack and Wei, Fangyun},
  journal={arXiv preprint arXiv:2204.03649},
  year={2022}
}

@inproceedings{huynh2020fine,
  title={Fine-grained generalized zero-shot learning via dense attribute-based attention},
  author={Huynh, Dat and Elhamifar, Ehsan},
  booktitle={Proceedings of the IEEE/CVF Conference on Computer Vision and Pattern Recognition},
  pages={4483--4493},
  year={2020}
}

@inproceedings{jing2024retrieval,
  title={Retrieval-Augmented Primitive Representations for Compositional Zero-Shot Learning},
  author={Jing, Chenchen and Li, Yukun and Chen, Hao and Shen, Chunhua},
  booktitle={Proceedings of the AAAI Conference on Artificial Intelligence},
  volume={38},
  number={3},
  pages={2652--2660},
  year={2024}
}

@inproceedings{khattak2023maple,
  title={Maple: Multi-modal prompt learning},
  author={Khattak, Muhammad Uzair and Rasheed, Hanoona and Maaz, Muhammad and Khan, Salman and Khan, Fahad Shahbaz},
  booktitle={Proceedings of the IEEE/CVF Conference on Computer Vision and Pattern Recognition},
  pages={19113--19122},
  year={2023}
}

@inproceedings{kim2021vilt,
  title={Vilt: Vision-and-language transformer without convolution or region supervision},
  author={Kim, Wonjae and Son, Bokyung and Kim, Ildoo},
  booktitle={International conference on machine learning},
  pages={5583--5594},
  year={2021},
  organization={PMLR}
}

@inproceedings{li2020symmetry,
  title={Symmetry and group in attribute-object compositions},
  author={Li, Yong-Lu and Xu, Yue and Mao, Xiaohan and Lu, Cewu},
  booktitle={Proceedings of the IEEE/CVF Conference on Computer Vision and Pattern Recognition},
  pages={11316--11325},
  year={2020}
}

@inproceedings{li2021generalized,
  title={Generalized zero-shot learning via disentangled representation},
  author={Li, Xiangyu and Xu, Zhe and Wei, Kun and Deng, Cheng},
  booktitle={Proceedings of the AAAI Conference on Artificial Intelligence},
  volume={35},
  number={3},
  pages={1966--1974},
  year={2021}
}

@inproceedings{li2022siamese,
  title={Siamese contrastive embedding network for compositional zero-shot learning},
  author={Li, Xiangyu and Yang, Xu and Wei, Kun and Deng, Cheng and Yang, Muli},
  booktitle={Proceedings of the IEEE/CVF Conference on Computer Vision and Pattern Recognition},
  pages={9326--9335},
  year={2022}
}

@article{liu2022learning,
  title={Learning discriminative and representative feature with cascade GAN for generalized zero-shot learning},
  author={Liu, Jingren and Fu, Liyong and Zhang, Haofeng and Ye, Qiaolin and Yang, Wankou and Liu, Li},
  journal={Knowledge-Based Systems},
  volume={236},
  pages={107780},
  year={2022},
  publisher={Elsevier}
}

@article{liu2023pre,
  title={Pre-train, prompt, and predict: A systematic survey of prompting methods in natural language processing},
  author={Liu, Pengfei and Yuan, Weizhe and Fu, Jinlan and Jiang, Zhengbao and Hayashi, Hiroaki and Neubig, Graham},
  journal={ACM Computing Surveys},
  volume={55},
  number={9},
  pages={1--35},
  year={2023},
  publisher={ACM New York, NY}
}

@inproceedings{lu2023decomposed,
  title={Decomposed soft prompt guided fusion enhancing for compositional zero-shot learning},
  author={Lu, Xiaocheng and Guo, Song and Liu, Ziming and Guo, Jingcai},
  booktitle={Proceedings of the IEEE/CVF Conference on Computer Vision and Pattern Recognition},
  pages={23560--23569},
  year={2023}
}

@article{nayak2022learning,
  title={Learning to compose soft prompts for compositional zero-shot learning},
  author={Nayak, Nihal V and Yu, Peilin and Bach, Stephen H},
  journal={arXiv preprint arXiv:2204.03574},
  year={2022}
}

@inproceedings{radford2021learning,
  title={Learning transferable visual models from natural language supervision},
  author={Radford, Alec and Kim, Jong Wook and Hallacy, Chris and Ramesh, Aditya and Goh, Gabriel and Agarwal, Sandhini and Sastry, Girish and Askell, Amanda and Mishkin, Pamela and Clark, Jack and others},
  booktitle={International conference on machine learning},
  pages={8748--8763},
  year={2021},
  organization={PMLR}
}

@inproceedings{ramesh2021zero,
  title={Zero-shot text-to-image generation},
  author={Ramesh, Aditya and Pavlov, Mikhail and Goh, Gabriel and Gray, Scott and Voss, Chelsea and Radford, Alec and Chen, Mark and Sutskever, Ilya},
  booktitle={International conference on machine learning},
  pages={8821--8831},
  year={2021},
  organization={Pmlr}
}

@inproceedings{shi2023logoprompt,
  title={Logoprompt: Synthetic text images can be good visual prompts for vision-language models},
  author={Shi, Cheng and Yang, Sibei},
  booktitle={Proceedings of the IEEE/CVF International Conference on Computer Vision},
  pages={2932--2941},
  year={2023}
}

@inproceedings{wang2022learning,
  title={Learning to prompt for continual learning},
  author={Wang, Zifeng and Zhang, Zizhao and Lee, Chen-Yu and Zhang, Han and Sun, Ruoxi and Ren, Xiaoqi and Su, Guolong and Perot, Vincent and Dy, Jennifer and Pfister, Tomas},
  booktitle={Proceedings of the IEEE/CVF Conference on Computer Vision and Pattern Recognition},
  pages={139--149},
  year={2022}
}

@inproceedings{wang2023learning,
  title={Learning conditional attributes for compositional zero-shot learning},
  author={Wang, Qingsheng and Liu, Lingqiao and Jing, Chenchen and Chen, Hao and Liang, Guoqiang and Wang, Peng and Shen, Chunhua},
  booktitle={Proceedings of the IEEE/CVF Conference on Computer Vision and Pattern Recognition},
  pages={11197--11206},
  year={2023}
}

@inproceedings{xian2018feature,
  title={Feature generating networks for zero-shot learning},
  author={Xian, Yongqin and Lorenz, Tobias and Schiele, Bernt and Akata, Zeynep},
  booktitle={Proceedings of the IEEE conference on computer vision and pattern recognition},
  pages={5542--5551},
  year={2018}
}

@article{xie2022towards,
  title={Towards zero-shot learning: A brief review and an attention-based embedding network},
  author={Xie, Guo-Sen and Zhang, Zheng and Xiong, Huan and Shao, Ling and Li, Xuelong},
  journal={IEEE Transactions on Circuits and Systems for Video Technology},
  volume={33},
  number={3},
  pages={1181--1197},
  year={2022},
  publisher={IEEE}
}

@inproceedings{xu2024gipcol,
  title={GIPCOL: Graph-Injected Soft Prompting for Compositional Zero-Shot Learning},
  author={Xu, Guangyue and Chai, Joyce and Kordjamshidi, Parisa},
  booktitle={Proceedings of the IEEE/CVF Winter Conference on Applications of Computer Vision},
  pages={5774--5783},
  year={2024}
}

@inproceedings{yu2020episode,
  title={Episode-based prototype generating network for zero-shot learning},
  author={Yu, Yunlong and Ji, Zhong and Han, Jungong and Zhang, Zhongfei},
  booktitle={Proceedings of the IEEE/CVF Conference on Computer Vision and Pattern Recognition},
  pages={14035--14044},
  year={2020}
}

@inproceedings{zhou2022conditional,
  title={Conditional prompt learning for vision-language models},
  author={Zhou, Kaiyang and Yang, Jingkang and Loy, Chen Change and Liu, Ziwei},
  booktitle={Proceedings of the IEEE/CVF Conference on Computer Vision and Pattern Recognition},
  pages={16816--16825},
  year={2022}
}

@article{zhou2022learning,
  title={Learning to prompt for vision-language models},
  author={Zhou, Kaiyang and Yang, Jingkang and Loy, Chen Change and Liu, Ziwei},
  journal={International Journal of Computer Vision},
  volume={130},
  number={9},
  pages={2337--2348},
  year={2022},
  publisher={Springer}
}

