@String(PAMI = {IEEE Trans. Pattern Anal. Mach. Intell.})
@String(IJCV = {Int. J. Comput. Vis.})
@String(CVPR= {IEEE Conf. Comput. Vis. Pattern Recog.})
@String(ICCV= {Int. Conf. Comput. Vis.})
@String(ECCV= {Eur. Conf. Comput. Vis.})
@String(NIPS= {Adv. Neural Inform. Process. Syst.})
@String(ICPR = {Int. Conf. Pattern Recog.})
@String(BMVC= {Brit. Mach. Vis. Conf.})
@String(TOG= {ACM Trans. Graph.})
@String(TIP  = {IEEE Trans. Image Process.})
@String(TVCG  = {IEEE Trans. Vis. Comput. Graph.})
@String(TMM  = {IEEE Trans. Multimedia})
@String(ACMMM= {ACM Int. Conf. Multimedia})
@String(ICME = {Int. Conf. Multimedia and Expo})
@String(ICASSP=	{ICASSP})
@String(ICIP = {IEEE Int. Conf. Image Process.})
@String(ACCV  = {ACCV})
@String(ICLR = {Int. Conf. Learn. Represent.})
@String(IJCAI = {IJCAI})
@String(PR   = {Pattern Recognition})
@String(AAAI = {AAAI})
@String(CVPRW= {IEEE Conf. Comput. Vis. Pattern Recog. Worksh.})
@String(CSVT = {IEEE Trans. Circuit Syst. Video Technol.})

@String(SPL	= {IEEE Sign. Process. Letters})
@String(VR   = {Vis. Res.})
@String(JOV	 = {J. Vis.})
@String(TVC  = {The Vis. Comput.})
@String(JCST  = {J. Comput. Sci. Tech.})
@String(CGF  = {Comput. Graph. Forum})
@String(CVM = {Computational Visual Media})


@String(PAMI  = {IEEE TPAMI})
@String(IJCV  = {IJCV})
@String(CVPR  = {CVPR})
@String(ICCV  = {ICCV})
@String(ECCV  = {ECCV})
@String(NIPS  = {NeurIPS})
@String(ICPR  = {ICPR})
@String(BMVC  =	{BMVC})
@String(TOG   = {ACM TOG})
@String(TIP   = {IEEE TIP})
@String(TVCG  = {IEEE TVCG})
@String(TCSVT = {IEEE TCSVT})
@String(TMM   =	{IEEE TMM})
@String(ACMMM = {ACM MM})
@String(ICME  =	{ICME})
@String(ICASSP=	{ICASSP})
@String(ICIP  = {ICIP})
@String(ACCV  = {ACCV})
@String(ICLR  = {ICLR})
@String(IJCAI = {IJCAI})
@String(PR = {PR})
@String(AAAI = {AAAI})
@String(CVPRW= {CVPRW})
@String(CSVT = {IEEE TCSVT})

@phdthesis{lake2014towards,
  title={Towards more human-like concept learning in machines: Compositionality, causality, and learning-to-learn},
  author={Lake, Brenden M},
  year={2014},
  school={Massachusetts Institute of Technology}
}

@article{lake2017building,
  title={Building machines that learn and think like people},
  author={Lake, Brenden M and Ullman, Tomer D and Tenenbaum, Joshua B and Gershman, Samuel J},
  journal={Behavioral and brain sciences},
  volume={40},
  pages={e253},
  year={2017},
  publisher={Cambridge University Press}
}

@article{frankland2020concepts,
  title={Concepts and compositionality: in search of the brain's language of thought},
  author={Frankland, Steven M and Greene, Joshua D},
  journal={Annual review of psychology},
  volume={71},
  number={1},
  pages={273--303},
  year={2020},
  publisher={Annual Reviews}
}

@article{chen2021hsva,
  title={Hsva: Hierarchical semantic-visual adaptation for zero-shot learning},
  author={Chen, Shiming and Xie, Guosen and Liu, Yang and Peng, Qinmu and Sun, Baigui and Li, Hao and You, Xinge and Shao, Ling},
  journal={Advances in Neural Information Processing Systems},
  volume={34},
  pages={16622--16634},
  year={2021}
}

@article{jin2024llms,
  title={Llms meet vlms: Boost open vocabulary object detection with fine-grained descriptors},
  author={Jin, Sheng and Jiang, Xueying and Huang, Jiaxing and Lu, Lewei and Lu, Shijian},
  journal={arXiv preprint arXiv:2402.04630},
  year={2024}
}

@inproceedings{huynh2020fine,
  title={Fine-grained generalized zero-shot learning via dense attribute-based attention},
  author={Huynh, Dat and Elhamifar, Ehsan},
  booktitle={Proceedings of the IEEE/CVF Conference on Computer Vision and Pattern Recognition},
  pages={4483--4493},
  year={2020}
}

@article{huynh2020compositional,
  title={Compositional zero-shot learning via fine-grained dense feature composition},
  author={Huynh, Dat and Elhamifar, Ehsan},
  journal={Advances in Neural Information Processing Systems},
  volume={33},
  pages={19849--19860},
  year={2020}
}

@article{yang2022decomposable,
  title={A decomposable causal view of compositional zero-shot learning},
  author={Yang, Muli and Xu, Chenghao and Wu, Aming and Deng, Cheng},
  journal={IEEE Transactions on Multimedia},
  volume={25},
  pages={5892--5902},
  year={2022},
  publisher={IEEE}
}

@inproceedings{tong2019hierarchical,
  title={Hierarchical disentanglement of discriminative latent features for zero-shot learning},
  author={Tong, Bin and Wang, Chao and Klinkigt, Martin and Kobayashi, Yoshiyuki and Nonaka, Yuuichi},
  booktitle={Proceedings of the IEEE/CVF Conference on Computer Vision and Pattern Recognition},
  pages={11467--11476},
  year={2019}
}
@inproceedings{ma2018disentangled,
  title={Disentangled person image generation},
  author={Ma, Liqian and Sun, Qianru and Georgoulis, Stamatios and Van Gool, Luc and Schiele, Bernt and Fritz, Mario},
  booktitle={Proceedings of the IEEE conference on computer vision and pattern recognition},
  pages={99--108},
  year={2018}
}

@InProceedings{Tong_2019_CVPR,
author = {Tong, Bin and Wang, Chao and Klinkigt, Martin and Kobayashi, Yoshiyuki and Nonaka, Yuuichi},
title = {Hierarchical Disentanglement of Discriminative Latent Features for Zero-Shot Learning},
booktitle = {Proceedings of the IEEE/CVF Conference on Computer Vision and Pattern Recognition (CVPR)},
month = {June},
year = {2019}
}

@inproceedings{chen2021semantics,
  title={Semantics disentangling for generalized zero-shot learning},
  author={Chen, Zhi and Luo, Yadan and Qiu, Ruihong and Wang, Sen and Huang, Zi and Li, Jingjing and Zhang, Zheng},
  booktitle={Proceedings of the IEEE/CVF international conference on computer vision},
  pages={8712--8720},
  year={2021}
}

@inproceedings{li2021generalized,
  title={Generalized zero-shot learning via disentangled representation},
  author={Li, Xiangyu and Xu, Zhe and Wei, Kun and Deng, Cheng},
  booktitle={Proceedings of the AAAI Conference on Artificial Intelligence},
  volume={35},
  number={3},
  pages={1966--1974},
  year={2021}
}

@inproceedings{hao2023learning,
  title={Learning attention as disentangler for compositional zero-shot learning},
  author={Hao, Shaozhe and Han, Kai and Wong, Kwan-Yee K},
  booktitle={Proceedings of the IEEE/CVF Conference on Computer Vision and Pattern Recognition},
  pages={15315--15324},
  year={2023}
}

@misc{alamri2021implicitexplicitattentionzeroshot,
      title={Implicit and Explicit Attention for Zero-Shot Learning}, 
      author={Faisal Alamri and Anjan Dutta},
      year={2021},
      eprint={2110.00860},
      archivePrefix={arXiv},
      primaryClass={cs.CV},
      url={https://arxiv.org/abs/2110.00860}, 
}

@article{xie2022towards,
  title={Towards zero-shot learning: A brief review and an attention-based embedding network},
  author={Xie, Guo-Sen and Zhang, Zheng and Xiong, Huan and Shao, Ling and Li, Xuelong},
  journal={IEEE Transactions on Circuits and Systems for Video Technology},
  volume={33},
  number={3},
  pages={1181--1197},
  year={2022},
  publisher={IEEE}
}

@inproceedings{yu2020episode,
  title={Episode-based prototype generating network for zero-shot learning},
  author={Yu, Yunlong and Ji, Zhong and Han, Jungong and Zhang, Zhongfei},
  booktitle={Proceedings of the IEEE/CVF Conference on Computer Vision and Pattern Recognition},
  pages={14035--14044},
  year={2020}
}

@inproceedings{xian2018feature,
  title={Feature generating networks for zero-shot learning},
  author={Xian, Yongqin and Lorenz, Tobias and Schiele, Bernt and Akata, Zeynep},
  booktitle={Proceedings of the IEEE conference on computer vision and pattern recognition},
  pages={5542--5551},
  year={2018}
}

@article{gao2020zero,
  title={Zero-VAE-GAN: Generating unseen features for generalized and transductive zero-shot learning},
  author={Gao, Rui and Hou, Xingsong and Qin, Jie and Chen, Jiaxin and Liu, Li and Zhu, Fan and Zhang, Zhao and Shao, Ling},
  journal={IEEE Transactions on Image Processing},
  volume={29},
  pages={3665--3680},
  year={2020},
  publisher={IEEE}
}

@article{liu2022learning,
  title={Learning discriminative and representative feature with cascade GAN for generalized zero-shot learning},
  author={Liu, Jingren and Fu, Liyong and Zhang, Haofeng and Ye, Qiaolin and Yang, Wankou and Liu, Li},
  journal={Knowledge-Based Systems},
  volume={236},
  pages={107780},
  year={2022},
  publisher={Elsevier}
}

@article{liu2023pre,
  title={Pre-train, prompt, and predict: A systematic survey of prompting methods in natural language processing},
  author={Liu, Pengfei and Yuan, Weizhe and Fu, Jinlan and Jiang, Zhengbao and Hayashi, Hiroaki and Neubig, Graham},
  journal={ACM Computing Surveys},
  volume={55},
  number={9},
  pages={1--35},
  year={2023},
  publisher={ACM New York, NY}
}

@inproceedings{khattak2023maple,
  title={Maple: Multi-modal prompt learning},
  author={Khattak, Muhammad Uzair and Rasheed, Hanoona and Maaz, Muhammad and Khan, Salman and Khan, Fahad Shahbaz},
  booktitle={Proceedings of the IEEE/CVF Conference on Computer Vision and Pattern Recognition},
  pages={19113--19122},
  year={2023}
}

@inproceedings{ramesh2021zero,
  title={Zero-shot text-to-image generation},
  author={Ramesh, Aditya and Pavlov, Mikhail and Goh, Gabriel and Gray, Scott and Voss, Chelsea and Radford, Alec and Chen, Mark and Sutskever, Ilya},
  booktitle={International conference on machine learning},
  pages={8821--8831},
  year={2021},
  organization={Pmlr}
}

@inproceedings{kim2021vilt,
  title={Vilt: Vision-and-language transformer without convolution or region supervision},
  author={Kim, Wonjae and Son, Bokyung and Kim, Ildoo},
  booktitle={International conference on machine learning},
  pages={5583--5594},
  year={2021},
  organization={PMLR}
}

@inproceedings{wang2022learning,
  title={Learning to prompt for continual learning},
  author={Wang, Zifeng and Zhang, Zizhao and Lee, Chen-Yu and Zhang, Han and Sun, Ruoxi and Ren, Xiaoqi and Su, Guolong and Perot, Vincent and Dy, Jennifer and Pfister, Tomas},
  booktitle={Proceedings of the IEEE/CVF Conference on Computer Vision and Pattern Recognition},
  pages={139--149},
  year={2022}
}

@inproceedings{zhou2022conditional,
  title={Conditional prompt learning for vision-language models},
  author={Zhou, Kaiyang and Yang, Jingkang and Loy, Chen Change and Liu, Ziwei},
  booktitle={Proceedings of the IEEE/CVF Conference on Computer Vision and Pattern Recognition},
  pages={16816--16825},
  year={2022}
}

@article{jin2021good,
  title={A good prompt is worth millions of parameters: Low-resource prompt-based learning for vision-language models},
  author={Jin, Woojeong and Cheng, Yu and Shen, Yelong and Chen, Weizhu and Ren, Xiang},
  journal={arXiv preprint arXiv:2110.08484},
  year={2021}
}

@article{zhou2022learning,
  title={Learning to prompt for vision-language models},
  author={Zhou, Kaiyang and Yang, Jingkang and Loy, Chen Change and Liu, Ziwei},
  journal={International Journal of Computer Vision},
  volume={130},
  number={9},
  pages={2337--2348},
  year={2022},
  publisher={Springer}
}

@article{huang2022unsupervised,
  title={Unsupervised prompt learning for vision-language models},
  author={Huang, Tony and Chu, Jack and Wei, Fangyun},
  journal={arXiv preprint arXiv:2204.03649},
  year={2022}
}

@inproceedings{shi2023logoprompt,
  title={Logoprompt: Synthetic text images can be good visual prompts for vision-language models},
  author={Shi, Cheng and Yang, Sibei},
  booktitle={Proceedings of the IEEE/CVF International Conference on Computer Vision},
  pages={2932--2941},
  year={2023}
}

@inproceedings{chao2016empirical,
  title={An empirical study and analysis of generalized zero-shot learning for object recognition in the wild},
  author={Chao, Wei-Lun and Changpinyo, Soravit and Gong, Boqing and Sha, Fei},
  booktitle={Computer Vision--ECCV 2016: 14th European Conference, Amsterdam, The Netherlands, October 11-14, 2016, Proceedings, Part II 14},
  pages={52--68},
  year={2016},
  organization={Springer}
}

@inproceedings{li2020symmetry,
  title={Symmetry and group in attribute-object compositions},
  author={Li, Yong-Lu and Xu, Yue and Mao, Xiaohan and Lu, Cewu},
  booktitle={Proceedings of the IEEE/CVF Conference on Computer Vision and Pattern Recognition},
  pages={11316--11325},
  year={2020}
}

@article{bao2023prompting,
  title={Prompting language-informed distribution for compositional zero-shot learning},
  author={Bao, Wentao and Chen, Lichang and Huang, Heng and Kong, Yu},
  journal={arXiv preprint arXiv:2305.14428},
  year={2023}
}

@inproceedings{li2022siamese,
  title={Siamese contrastive embedding network for compositional zero-shot learning},
  author={Li, Xiangyu and Yang, Xu and Wei, Kun and Deng, Cheng and Yang, Muli},
  booktitle={Proceedings of the IEEE/CVF Conference on Computer Vision and Pattern Recognition},
  pages={9326--9335},
  year={2022}
}

@inproceedings{li2024context,
  title={Context-based and Diversity-driven Specificity in Compositional Zero-Shot Learning},
  author={Li, Yun and Liu, Zhe and Chen, Hang and Yao, Lina},
  booktitle={Proceedings of the IEEE/CVF Conference on Computer Vision and Pattern Recognition},
  pages={17037--17046},
  year={2024}
}

@inproceedings{jing2024retrieval,
  title={Retrieval-Augmented Primitive Representations for Compositional Zero-Shot Learning},
  author={Jing, Chenchen and Li, Yukun and Chen, Hao and Shen, Chunhua},
  booktitle={Proceedings of the AAAI Conference on Artificial Intelligence},
  volume={38},
  number={3},
  pages={2652--2660},
  year={2024}
}

@inproceedings{wang2023learning,
  title={Learning conditional attributes for compositional zero-shot learning},
  author={Wang, Qingsheng and Liu, Lingqiao and Jing, Chenchen and Chen, Hao and Liang, Guoqiang and Wang, Peng and Shen, Chunhua},
  booktitle={Proceedings of the IEEE/CVF Conference on Computer Vision and Pattern Recognition},
  pages={11197--11206},
  year={2023}
}

@inproceedings{radford2021learning,
  title={Learning transferable visual models from natural language supervision},
  author={Radford, Alec and Kim, Jong Wook and Hallacy, Chris and Ramesh, Aditya and Goh, Gabriel and Agarwal, Sandhini and Sastry, Girish and Askell, Amanda and Mishkin, Pamela and Clark, Jack and others},
  booktitle={International conference on machine learning},
  pages={8748--8763},
  year={2021},
  organization={PMLR}
}

@inproceedings{pennington2014glove,
  title={Glove: Global vectors for word representation},
  author={Pennington, Jeffrey and Socher, Richard and Manning, Christopher D},
  booktitle={Proceedings of the 2014 conference on empirical methods in natural language processing (EMNLP)},
  pages={1532--1543},
  year={2014}
}


@inproceedings{lu2023decomposed,
  title={Decomposed soft prompt guided fusion enhancing for compositional zero-shot learning},
  author={Lu, Xiaocheng and Guo, Song and Liu, Ziming and Guo, Jingcai},
  booktitle={Proceedings of the IEEE/CVF Conference on Computer Vision and Pattern Recognition},
  pages={23560--23569},
  year={2023}
}

@inproceedings{mancini2021open,
  title={Open world compositional zero-shot learning},
  author={Mancini, Massimiliano and Naeem, Muhammad Ferjad and Xian, Yongqin and Akata, Zeynep},
  booktitle={Proceedings of the IEEE/CVF Conference on Computer Vision and Pattern Recognition},
  pages={5222--5230},
  year={2021}
}

@inproceedings{isola2015discovering,
  title={Discovering states and transformations in image collections},
  author={Isola, Phillip and Lim, Joseph J and Adelson, Edward H},
  booktitle={Proceedings of the IEEE conference on computer vision and pattern recognition},
  pages={1383--1391},
  year={2015}
}

@inproceedings{min2020domain,
  title={Domain-aware visual bias eliminating for generalized zero-shot learning},
  author={Min, Shaobo and Yao, Hantao and Xie, Hongtao and Wang, Chaoqun and Zha, Zheng-Jun and Zhang, Yongdong},
  booktitle={Proceedings of the IEEE/CVF Conference on Computer Vision and Pattern Recognition},
  pages={12664--12673},
  year={2020}
}

@inproceedings{naeem2021learning,
  title={Learning graph embeddings for compositional zero-shot learning},
  author={Naeem, Muhammad Ferjad and Xian, Yongqin and Tombari, Federico and Akata, Zeynep},
  booktitle={Proceedings of the IEEE/CVF Conference on Computer Vision and Pattern Recognition},
  pages={953--962},
  year={2021}
}

@inproceedings{yu2014fine,
  title={Fine-grained visual comparisons with local learning},
  author={Yu, Aron and Grauman, Kristen},
  booktitle={Proceedings of the IEEE conference on computer vision and pattern recognition},
  pages={192--199},
  year={2014}
}

@inproceedings{nagarajan2018attributes,
  title={Attributes as operators: factorizing unseen attribute-object compositions},
  author={Nagarajan, Tushar and Grauman, Kristen},
  booktitle={Proceedings of the European Conference on Computer Vision (ECCV)},
  pages={169--185},
  year={2018}
}

@inproceedings{purushwalkam2019task,
  title={Task-driven modular networks for zero-shot compositional learning},
  author={Purushwalkam, Senthil and Nickel, Maximilian and Gupta, Abhinav and Ranzato, Marc'Aurelio},
  booktitle={Proceedings of the IEEE/CVF International Conference on Computer Vision},
  pages={3593--3602},
  year={2019}
}

@article{nayak2022learning,
  title={Learning to compose soft prompts for compositional zero-shot learning},
  author={Nayak, Nihal V and Yu, Peilin and Bach, Stephen H},
  journal={arXiv preprint arXiv:2204.03574},
  year={2022}
}

@article{mancini2022learning,
  title={Learning graph embeddings for open world compositional zero-shot learning},
  author={Mancini, Massimiliano and Naeem, Muhammad Ferjad and Xian, Yongqin and Akata, Zeynep},
  journal={IEEE Transactions on pattern analysis and machine intelligence},
  volume={46},
  number={3},
  pages={1545--1560},
  year={2022},
  publisher={IEEE}
}


@inproceedings{xu2024gipcol,
  title={GIPCOL: Graph-Injected Soft Prompting for Compositional Zero-Shot Learning},
  author={Xu, Guangyue and Chai, Joyce and Kordjamshidi, Parisa},
  booktitle={Proceedings of the IEEE/CVF Winter Conference on Applications of Computer Vision},
  pages={5774--5783},
  year={2024}
}

@inproceedings{karthik2022kg,
  title={Kg-sp: Knowledge guided simple primitives for open world compositional zero-shot learning},
  author={Karthik, Shyamgopal and Mancini, Massimiliano and Akata, Zeynep},
  booktitle={Proceedings of the IEEE/CVF Conference on Computer Vision and Pattern Recognition},
  pages={9336--9345},
  year={2022}
}

@article{paszke2019pytorch,
  title={Pytorch: An imperative style, high-performance deep learning library},
  author={Paszke, Adam and Gross, Sam and Massa, Francisco and Lerer, Adam and Bradbury, James and Chanan, Gregory and Killeen, Trevor and Lin, Zeming and Gimelshein, Natalia and Antiga, Luca and others},
  journal={Advances in neural information processing systems},
  volume={32},
  year={2019}
}


\
}
