@ARTICLE{10602544,
  author={Zare, Maryam and Kebria, Parham M. and Khosravi, Abbas and Nahavandi, Saeid},
  journal={IEEE Transactions on Cybernetics}, 
  title={A Survey of Imitation Learning: Algorithms, Recent Developments, and Challenges}, 
  year={2024},
  volume={54},
  number={12},
  pages={7173-7186},
  keywords={Training;Robots;Surveys;Costs;Autonomous vehicles;Trajectory;Reinforcement learning;Imitation learning;Imitation learning (IL);learning from demonstrations;reinforcement learning (RL);robotics;survey},
  doi={10.1109/TCYB.2024.3395626}
}

@InProceedings{Wu_2024_CVPR,
    author    = {Ruihai Wu and Haoran Lu and Yiyan Wang and Yubo Wang and Hao Dong},
    title     = {UniGarmentManip: A Unified Framework for Category-Level Garment Manipulation via Dense Visual Correspondence},
    booktitle = {Proceedings of the IEEE/CVF Conference on Computer Vision and Pattern Recognition (CVPR)},
    month     = {June},
    year      = {2024}
}

@inproceedings{bai2014dexterous,
  title={Dexterous manipulation using both palm and fingers},
  author={Bai, Yunfei and Liu, C Karen},
  booktitle={2014 IEEE International Conference on Robotics and Automation (ICRA)},
  pages={1560--1565},
  year={2014},
  organization={IEEE}
}

@inproceedings{chen2022system,
  title={A system for general in-hand object re-orientation},
  author={Chen, Tao and Xu, Jie and Agrawal, Pulkit},
  booktitle={Conference on Robot Learning},
  pages={297--307},
  year={2022},
  organization={PMLR}
}

@article{chen2022towards,
  title={Towards human-level bimanual dexterous manipulation with reinforcement learning},
  author={Chen, Yuanpei and Wu, Tianhao and Wang, Shengjie and Feng, Xidong and Jiang, Jiechuan and Lu, Zongqing and McAleer, Stephen and Dong, Hao and Zhu, Song-Chun and Yang, Yaodong},
  journal={Advances in Neural Information Processing Systems},
  volume={35},
  pages={5150--5163},
  year={2022}
}

@article{chen2023sequential,
  title={Sequential dexterity: Chaining dexterous policies for long-horizon manipulation},
  author={Chen, Yuanpei and Wang, Chen and Fei-Fei, Li and Liu, C Karen},
  journal={arXiv preprint arXiv:2309.00987},
  year={2023}
}

@article{chen2024g3flow,
  title={G3Flow: Generative 3D Semantic Flow for Pose-aware and Generalizable Object Manipulation},
  author={Chen, Tianxing and Mu, Yao and Liang, Zhixuan and Chen, Zanxin and Peng, Shijia and Chen, Qiangyu and Xu, Mingkun and Hu, Ruizhen and Zhang, Hongyuan and Li, Xuelong and others},
  journal={arXiv preprint arXiv:2411.18369},
  year={2024}
}

@article{chi2023diffusion,
  title={Diffusion policy: Visuomotor policy learning via action diffusion},
  author={Chi, Cheng and Xu, Zhenjia and Feng, Siyuan and Cousineau, Eric and Du, Yilun and Burchfiel, Benjamin and Tedrake, Russ and Song, Shuran},
  journal={The International Journal of Robotics Research},
  pages={02783649241273668},
  year={2023},
  publisher={SAGE Publications Sage UK: London, England}
}

@inproceedings{ding2024preafford,
  title={Preafford: Universal affordance-based pre-grasping for diverse objects and environments},
  author={Ding, Kairui and Chen, Boyuan and Wu, Ruihai and Li, Yuyang and Zhang, Zongzheng and Gao, Huan-ang and Li, Siqi and Zhou, Guyue and Zhu, Yixin and Dong, Hao and others},
  booktitle={2024 IEEE/RSJ International Conference on Intelligent Robots and Systems (IROS)},
  pages={7278--7285},
  year={2024},
  organization={IEEE}
}

@article{doshi2024scaling,
  title={Scaling cross-embodied learning: One policy for manipulation, navigation, locomotion and aviation},
  author={Doshi, Ria and Walke, Homer and Mees, Oier and Dasari, Sudeep and Levine, Sergey},
  journal={arXiv preprint arXiv:2408.11812},
  year={2024}
}

@article{gervet2023act3d,
  title={Act3d: Infinite resolution action detection transformer for robotic manipulation},
  author={Gervet, Theophile and Xian, Zhou and Gkanatsios, Nikolaos and Fragkiadaki, Katerina},
  journal={arXiv preprint arXiv:2306.17817},
  year={2023}
}

@inproceedings{gupta2021reset,
  title={Reset-free reinforcement learning via multi-task learning: Learning dexterous manipulation behaviors without human intervention},
  author={Gupta, Abhishek and Yu, Justin and Zhao, Tony Z and Kumar, Vikash and Rovinsky, Aaron and Xu, Kelvin and Devlin, Thomas and Levine, Sergey},
  booktitle={2021 IEEE International Conference on Robotics and Automation (ICRA)},
  pages={6664--6671},
  year={2021},
  organization={IEEE}
}

@inproceedings{guss2021towards,
  title={Towards robust and domain agnostic reinforcement learning competitions: MineRL 2020},
  author={Guss, William Hebgen and Milani, Stephanie and Topin, Nicholay and Houghton, Brandon and Mohanty, Sharada and Melnik, Andrew and Harter, Augustin and Buschmaas, Benoit and Jaster, Bjarne and Berganski, Christoph and others},
  booktitle={NeurIPS 2020 Competition and Demonstration Track},
  pages={233--252},
  year={2021},
  organization={PMLR}
}

@inproceedings{handa2023dextreme,
  title={Dextreme: Transfer of agile in-hand manipulation from simulation to reality},
  author={Handa, Ankur and Allshire, Arthur and Makoviychuk, Viktor and Petrenko, Aleksei and Singh, Ritvik and Liu, Jingzhou and Makoviichuk, Denys and Van Wyk, Karl and Zhurkevich, Alexander and Sundaralingam, Balakumar and others},
  booktitle={2023 IEEE International Conference on Robotics and Automation (ICRA)},
  pages={5977--5984},
  year={2023},
  organization={IEEE}
}

@inproceedings{haugaard2022surfemb,
  title={Surfemb: Dense and continuous correspondence distributions for object pose estimation with learnt surface embeddings},
  author={Haugaard, Rasmus Laurvig and Buch, Anders Glent},
  booktitle={Proceedings of the IEEE/CVF Conference on Computer Vision and Pattern Recognition},
  pages={6749--6758},
  year={2022}
}

@inproceedings{kumar2014real,
  title={Real-time behaviour synthesis for dynamic hand-manipulation},
  author={Kumar, Vikash and Tassa, Yuval and Erez, Tom and Todorov, Emanuel},
  booktitle={2014 IEEE International Conference on Robotics and Automation (ICRA)},
  pages={6808--6815},
  year={2014},
  organization={IEEE}
}

@inproceedings{lai2021functional,
  title={The functional correspondence problem},
  author={Lai, Zihang and Purushwalkam, Senthil and Gupta, Abhinav},
  booktitle={Proceedings of the IEEE/CVF International Conference on Computer Vision},
  pages={15772--15781},
  year={2021}
}

@misc{liang2024dexhanddiffinteractionawarediffusionplanning,
      title={DexHandDiff: Interaction-aware Diffusion Planning for Adaptive Dexterous Manipulation}, 
      author={Zhixuan Liang and Yao Mu and Yixiao Wang and Tianxing Chen and Wenqi Shao and Wei Zhan and Masayoshi Tomizuka and Ping Luo and Mingyu Ding},
      year={2024},
      eprint={2411.18562},
      archivePrefix={arXiv},
      primaryClass={cs.RO},
      url={https://arxiv.org/abs/2411.18562}, 
}

@article{lin2020limitations,
  title={Limitations of autoregressive models and their alternatives},
  author={Lin, Chu-Cheng and Jaech, Aaron and Li, Xin and Gormley, Matthew R and Eisner, Jason},
  journal={arXiv preprint arXiv:2010.11939},
  year={2020}
}

@article{lu2024manicm,
  title={ManiCM: Real-time 3D Diffusion Policy via Consistency Model for Robotic Manipulation},
  author={Lu, Guanxing and Gao, Zifeng and Chen, Tianxing and Dai, Wenxun and Wang, Ziwei and Tang, Yansong},
  journal={arXiv preprint arXiv:2406.01586},
  year={2024}
}

@inproceedings{mordatch2012contact,
  title={Contact-invariant optimization for hand manipulation},
  author={Mordatch, Igor and Popovi{\'c}, Zoran and Todorov, Emanuel},
  booktitle={Proceedings of the ACM SIGGRAPH/Eurographics symposium on computer animation},
  pages={137--144},
  year={2012}
}

@article{patten2020dgcm,
  title={Dgcm-net: dense geometrical correspondence matching network for incremental experience-based robotic grasping},
  author={Patten, Timothy and Park, Kiru and Vincze, Markus},
  journal={Frontiers in Robotics and AI},
  volume={7},
  pages={120},
  year={2020},
  publisher={Frontiers Media SA}
}

@article{pearce2023imitating,
  title={Imitating human behaviour with diffusion models},
  author={Pearce, Tim and Rashid, Tabish and Kanervisto, Anssi and Bignell, Dave and Sun, Mingfei and Georgescu, Raluca and Macua, Sergio Valcarcel and Tan, Shan Zheng and Momennejad, Ida and Hofmann, Katja and others},
  journal={arXiv preprint arXiv:2301.10677},
  year={2023}
}

@inproceedings{pitz2023dextrous,
  title={Dextrous tactile in-hand manipulation using a modular reinforcement learning architecture},
  author={Pitz, Johannes and R{\"o}stel, Lennart and Sievers, Leon and B{\"a}uml, Berthold},
  booktitle={2023 IEEE International Conference on Robotics and Automation (ICRA)},
  pages={1852--1858},
  year={2023},
  organization={IEEE}
}

@article{pomerleau1988alvinn,
  title={Alvinn: An autonomous land vehicle in a neural network},
  author={Pomerleau, Dean A},
  journal={Advances in neural information processing systems},
  volume={1},
  year={1988}
}

@inproceedings{qi2023hand,
  title={In-hand object rotation via rapid motor adaptation},
  author={Qi, Haozhi and Kumar, Ashish and Calandra, Roberto and Ma, Yi and Malik, Jitendra},
  booktitle={Conference on Robot Learning},
  pages={1722--1732},
  year={2023},
  organization={PMLR}
}

@misc{qin2021dexmv,
    title={DexMV: Imitation Learning for Dexterous Manipulation
    from Human Videos},
    author = {Qin, Yuzhe and Wu, Yueh-Hua and Liu, Shaowei and Jiang, Hanwen and Yang, Ruihan and Fu, Yang and Wang, Xiaolong},
    year={2021},
    archivePrefix={arXiv},
    primaryClass={cs.LG}
}

@article{reuss2023goal,
  title={Goal-conditioned imitation learning using score-based diffusion policies},
  author={Reuss, Moritz and Li, Maximilian and Jia, Xiaogang and Lioutikov, Rudolf},
  journal={arXiv preprint arXiv:2304.02532},
  year={2023}
}

@article{team2024octo,
  title={Octo: An open-source generalist robot policy},
  author={Team, Octo Model and Ghosh, Dibya and Walke, Homer and Pertsch, Karl and Black, Kevin and Mees, Oier and Dasari, Sudeep and Hejna, Joey and Kreiman, Tobias and Xu, Charles and others},
  journal={arXiv preprint arXiv:2405.12213},
  year={2024}
}

@article{touch-dexterity,
    title          = {Rotating without Seeing: Towards In-hand Dexterity through Touch },
    author         = {Yin, Zhao-Heng and Huang, Binghao and Qin, Yuzhe and Chen, Qifeng and Wang, Xiaolong},
    journal        = {Robotics: Science and Systems},
    year           = {2023},
}

@article{wang2022dexgraspnet,
  title={DexGraspNet: A Large-Scale Robotic Dexterous Grasp Dataset for General Objects Based on Simulation},
  author={Wang, Ruicheng and Zhang, Jialiang and Chen, Jiayi and Xu, Yinzhen and Li, Puhao and Liu, Tengyu and Wang, He},
  journal={arXiv preprint arXiv:2210.02697},
  year={2022}
}

@article{wang2023mimicplay,
    title={Mimicplay: Long-horizon imitation learning by watching human play},
    author={Wang, Chen and Fan, Linxi and Sun, Jiankai and Zhang, Ruohan and Fei-Fei, Li and Xu, Danfei and Zhu, Yuke and
    Anandkumar, Anima},
    journal={arXiv preprint arXiv:2302.12422},
    year={2023}
}

@article{wang2024dexcap,
  title = {DexCap: Scalable and Portable Mocap Data Collection System for Dexterous Manipulation},
  author = {Wang, Chen and Shi, Haochen and Wang, Weizhuo and Zhang, Ruohan and Fei-Fei, Li and Liu, C. Karen},
  journal = {arXiv preprint arXiv:2403.07788},
  year = {2024}
}

@article{wang2024rise,
    title   = {RISE: 3D Perception Makes Real-World Robot Imitation Simple and Effective},
    author  = {Chenxi Wang and Hongjie Fang and Hao-Shu Fang and Cewu Lu},
    journal = {arXiv preprint arXiv:2404.12281},
    year    = {2024}
}

@inproceedings{ze20243d,
  title={3d diffusion policy: Generalizable visuomotor policy learning via simple 3d representations},
  author={Ze, Yanjie and Zhang, Gu and Zhang, Kangning and Hu, Chenyuan and Wang, Muhan and Xu, Huazhe},
  booktitle={ICRA 2024 Workshop on 3D Visual Representations for Robot Manipulation},
  year={2024}
}

@inproceedings{zhao2020sim,
  title={Sim-to-real transfer in deep reinforcement learning for robotics: a survey},
  author={Zhao, Wenshuai and Queralta, Jorge Pe{\~n}a and Westerlund, Tomi},
  booktitle={2020 IEEE symposium series on computational intelligence (SSCI)},
  pages={737--744},
  year={2020},
  organization={IEEE}
}

@article{zhao2023learning,
  title={Learning fine-grained bimanual manipulation with low-cost hardware},
  author={Zhao, Tony Z and Kumar, Vikash and Levine, Sergey and Finn, Chelsea},
  journal={arXiv preprint arXiv:2304.13705},
  year={2023}
}

