@article{shaw2023leap,
  title={Leap hand: Low-cost, efficient, and anthropomorphic hand for robot learning},
  author={Shaw, Kenneth and Agarwal, Ananye and Pathak, Deepak},
  journal={arXiv preprint arXiv:2309.06440},
  year={2023}
}

@inproceedings{pavlakos2024reconstructing,
    title={Reconstructing Hands in 3{D} with Transformers},
    author={Pavlakos, Georgios and Shan, Dandan and Radosavovic, Ilija and Kanazawa, Angjoo and Fouhey, David and Malik, Jitendra},
    booktitle={CVPR},
    year={2024}
}

@article{qin2023anyteleop,
  title={Anyteleop: A general vision-based dexterous robot arm-hand teleoperation system},
  author={Qin, Yuzhe and Yang, Wei and Huang, Binghao and Van Wyk, Karl and Su, Hao and Wang, Xiaolong and Chao, Yu-Wei and Fox, Dieter},
  journal={arXiv preprint arXiv:2307.04577},
  year={2023}
}

@article{wu2024canonical,
  title={Canonical Representation and Force-Based Pretraining of 3D Tactile for Dexterous Visuo-Tactile Policy Learning},
  author={Wu, Tianhao and Li, Jinzhou and Zhang, Jiyao and Wu, Mingdong and Dong, Hao},
  journal={arXiv preprint arXiv:2409.17549},
  year={2024}
}

@article{TripoSR2024,
  title={TripoSR: Fast 3D Object Reconstruction from a Single Image},
  author={Tochilkin, Dmitry and Pankratz, David and Liu, Zexiang and Huang, Zixuan and and Letts, Adam and Li, Yangguang and Liang, Ding and Laforte, Christian and Jampani, Varun and Cao, Yan-Pei},
  journal={arXiv preprint arXiv:2403.02151},
  year={2024}
}

@article{pomerleau1988alvinn,
  title={Alvinn: An autonomous land vehicle in a neural network},
  author={Pomerleau, Dean A},
  journal={Advances in neural information processing systems},
  volume={1},
  year={1988}
}

@article{shafiullah2022behavior,
  title={Behavior transformers: Cloning $ k $ modes with one stone},
  author={Shafiullah, Nur Muhammad and Cui, Zichen and Altanzaya, Ariuntuya Arty and Pinto, Lerrel},
  journal={Advances in neural information processing systems},
  volume={35},
  pages={22955--22968},
  year={2022}
}

@inproceedings{florence2022implicit,
  title={Implicit behavioral cloning},
  author={Florence, Pete and Lynch, Corey and Zeng, Andy and Ramirez, Oscar A and Wahid, Ayzaan and Downs, Laura and Wong, Adrian and Lee, Johnny and Mordatch, Igor and Tompson, Jonathan},
  booktitle={Conference on Robot Learning},
  pages={158--168},
  year={2022},
  organization={PMLR}
}

@article{pari2021surprising,
  title={The surprising effectiveness of representation learning for visual imitation},
  author={Pari, Jyothish and Shafiullah, Nur Muhammad and Arunachalam, Sridhar Pandian and Pinto, Lerrel},
  journal={arXiv preprint arXiv:2112.01511},
  year={2021}
}

@inproceedings{rahmatizadeh2018vision,
  title={Vision-based multi-task manipulation for inexpensive robots using end-to-end learning from demonstration},
  author={Rahmatizadeh, Rouhollah and Abolghasemi, Pooya and B{\"o}l{\"o}ni, Ladislau and Levine, Sergey},
  booktitle={2018 IEEE international conference on robotics and automation (ICRA)},
  pages={3758--3765},
  year={2018},
  organization={IEEE}
}

@article{chi2023diffusion,
  title={Diffusion policy: Visuomotor policy learning via action diffusion},
  author={Chi, Cheng and Xu, Zhenjia and Feng, Siyuan and Cousineau, Eric and Du, Yilun and Burchfiel, Benjamin and Tedrake, Russ and Song, Shuran},
  journal={The International Journal of Robotics Research},
  pages={02783649241273668},
  year={2023},
  publisher={SAGE Publications Sage UK: London, England}
}

@inproceedings{ze20243d,
  title={3d diffusion policy: Generalizable visuomotor policy learning via simple 3d representations},
  author={Ze, Yanjie and Zhang, Gu and Zhang, Kangning and Hu, Chenyuan and Wang, Muhan and Xu, Huazhe},
  booktitle={ICRA 2024 Workshop on 3D Visual Representations for Robot Manipulation},
  year={2024}
}

@article{lu2024manicm,
  title={ManiCM: Real-time 3D Diffusion Policy via Consistency Model for Robotic Manipulation},
  author={Lu, Guanxing and Gao, Zifeng and Chen, Tianxing and Dai, Wenxun and Wang, Ziwei and Tang, Yansong},
  journal={arXiv preprint arXiv:2406.01586},
  year={2024}
}

@misc{liang2024dexhanddiffinteractionawarediffusionplanning,
      title={DexHandDiff: Interaction-aware Diffusion Planning for Adaptive Dexterous Manipulation}, 
      author={Zhixuan Liang and Yao Mu and Yixiao Wang and Tianxing Chen and Wenqi Shao and Wei Zhan and Masayoshi Tomizuka and Ping Luo and Mingyu Ding},
      year={2024},
      eprint={2411.18562},
      archivePrefix={arXiv},
      primaryClass={cs.RO},
      url={https://arxiv.org/abs/2411.18562}, 
}

@article{janner2022planning,
  title={Planning with diffusion for flexible behavior synthesis},
  author={Janner, Michael and Du, Yilun and Tenenbaum, Joshua B and Levine, Sergey},
  journal={arXiv preprint arXiv:2205.09991},
  year={2022}
}

@article{alonso2024diffusion,
  title={Diffusion for World Modeling: Visual Details Matter in Atari},
  author={Alonso, Eloi and Jelley, Adam and Micheli, Vincent and Kanervisto, Anssi and Storkey, Amos and Pearce, Tim and Fleuret, Fran{\c{c}}ois},
  journal={arXiv preprint arXiv:2405.12399},
  year={2024}
}

@article{yang2023learning,
  title={Learning interactive real-world simulators},
  author={Yang, Mengjiao and Du, Yilun and Ghasemipour, Kamyar and Tompson, Jonathan and Schuurmans, Dale and Abbeel, Pieter},
  journal={arXiv preprint arXiv:2310.06114},
  year={2023}
}

@article{rigter2023world,
  title={World models via policy-guided trajectory diffusion},
  author={Rigter, Marc and Yamada, Jun and Posner, Ingmar},
  journal={arXiv preprint arXiv:2312.08533},
  year={2023}
}

@article{ho2020denoising,
  title={Denoising diffusion probabilistic models},
  author={Ho, Jonathan and Jain, Ajay and Abbeel, Pieter},
  journal={Advances in neural information processing systems},
  volume={33},
  pages={6840--6851},
  year={2020}
}

@inproceedings{rombach2022high,
  title={High-resolution image synthesis with latent diffusion models},
  author={Rombach, Robin and Blattmann, Andreas and Lorenz, Dominik and Esser, Patrick and Ommer, Bj{\"o}rn},
  booktitle={Proceedings of the IEEE/CVF conference on computer vision and pattern recognition},
  pages={10684--10695},
  year={2022}
}

@article{wei2024dro,
    title={D(R,O) Grasp: A Unified Representation of Robot and Object Interaction for Cross-Embodiment Dexterous Grasping},
    author={Wei, Zhenyu and Xu, Zhixuan and Guo, Jingxiang and Hou, Yiwen and Gao, Chongkai and Cai, Zhehao and Luo, Jiayu and Shao, Lin},
    journal={arXiv preprint arXiv:2410.01702},
    year={2024}
}

@article{chen2022towards,
  title={Towards human-level bimanual dexterous manipulation with reinforcement learning},
  author={Chen, Yuanpei and Wu, Tianhao and Wang, Shengjie and Feng, Xidong and Jiang, Jiechuan and Lu, Zongqing and McAleer, Stephen and Dong, Hao and Zhu, Song-Chun and Yang, Yaodong},
  journal={Advances in Neural Information Processing Systems},
  volume={35},
  pages={5150--5163},
  year={2022}
}

@inproceedings{bai2014dexterous,
  title={Dexterous manipulation using both palm and fingers},
  author={Bai, Yunfei and Liu, C Karen},
  booktitle={2014 IEEE International Conference on Robotics and Automation (ICRA)},
  pages={1560--1565},
  year={2014},
  organization={IEEE}
}

@inproceedings{kumar2014real,
  title={Real-time behaviour synthesis for dynamic hand-manipulation},
  author={Kumar, Vikash and Tassa, Yuval and Erez, Tom and Todorov, Emanuel},
  booktitle={2014 IEEE International Conference on Robotics and Automation (ICRA)},
  pages={6808--6815},
  year={2014},
  organization={IEEE}
}

@inproceedings{mordatch2012contact,
  title={Contact-invariant optimization for hand manipulation},
  author={Mordatch, Igor and Popovi{\'c}, Zoran and Todorov, Emanuel},
  booktitle={Proceedings of the ACM SIGGRAPH/Eurographics symposium on computer animation},
  pages={137--144},
  year={2012}
}

@article{chen2024g3flow,
  title={G3Flow: Generative 3D Semantic Flow for Pose-aware and Generalizable Object Manipulation},
  author={Chen, Tianxing and Mu, Yao and Liang, Zhixuan and Chen, Zanxin and Peng, Shijia and Chen, Qiangyu and Xu, Mingkun and Hu, Ruizhen and Zhang, Hongyuan and Li, Xuelong and others},
  journal={arXiv preprint arXiv:2411.18369},
  year={2024}
}

@inproceedings{chen2022system,
  title={A system for general in-hand object re-orientation},
  author={Chen, Tao and Xu, Jie and Agrawal, Pulkit},
  booktitle={Conference on Robot Learning},
  pages={297--307},
  year={2022},
  organization={PMLR}
}

@inproceedings{qi2023hand,
  title={In-hand object rotation via rapid motor adaptation},
  author={Qi, Haozhi and Kumar, Ashish and Calandra, Roberto and Ma, Yi and Malik, Jitendra},
  booktitle={Conference on Robot Learning},
  pages={1722--1732},
  year={2023},
  organization={PMLR}
}

@inproceedings{pitz2023dextrous,
  title={Dextrous tactile in-hand manipulation using a modular reinforcement learning architecture},
  author={Pitz, Johannes and R{\"o}stel, Lennart and Sievers, Leon and B{\"a}uml, Berthold},
  booktitle={2023 IEEE International Conference on Robotics and Automation (ICRA)},
  pages={1852--1858},
  year={2023},
  organization={IEEE}
}

@inproceedings{handa2023dextreme,
  title={Dextreme: Transfer of agile in-hand manipulation from simulation to reality},
  author={Handa, Ankur and Allshire, Arthur and Makoviychuk, Viktor and Petrenko, Aleksei and Singh, Ritvik and Liu, Jingzhou and Makoviichuk, Denys and Van Wyk, Karl and Zhurkevich, Alexander and Sundaralingam, Balakumar and others},
  booktitle={2023 IEEE International Conference on Robotics and Automation (ICRA)},
  pages={5977--5984},
  year={2023},
  organization={IEEE}
}

@article{chen2023sequential,
  title={Sequential dexterity: Chaining dexterous policies for long-horizon manipulation},
  author={Chen, Yuanpei and Wang, Chen and Fei-Fei, Li and Liu, C Karen},
  journal={arXiv preprint arXiv:2309.00987},
  year={2023}
}

@inproceedings{gupta2021reset,
  title={Reset-free reinforcement learning via multi-task learning: Learning dexterous manipulation behaviors without human intervention},
  author={Gupta, Abhishek and Yu, Justin and Zhao, Tony Z and Kumar, Vikash and Rovinsky, Aaron and Xu, Kelvin and Devlin, Thomas and Levine, Sergey},
  booktitle={2021 IEEE International Conference on Robotics and Automation (ICRA)},
  pages={6664--6671},
  year={2021},
  organization={IEEE}
}

@ARTICLE{10602544,
  author={Zare, Maryam and Kebria, Parham M. and Khosravi, Abbas and Nahavandi, Saeid},
  journal={IEEE Transactions on Cybernetics}, 
  title={A Survey of Imitation Learning: Algorithms, Recent Developments, and Challenges}, 
  year={2024},
  volume={54},
  number={12},
  pages={7173-7186},
  keywords={Training;Robots;Surveys;Costs;Autonomous vehicles;Trajectory;Reinforcement learning;Imitation learning;Imitation learning (IL);learning from demonstrations;reinforcement learning (RL);robotics;survey},
  doi={10.1109/TCYB.2024.3395626}
}

@inproceedings{zhao2020sim,
  title={Sim-to-real transfer in deep reinforcement learning for robotics: a survey},
  author={Zhao, Wenshuai and Queralta, Jorge Pe{\~n}a and Westerlund, Tomi},
  booktitle={2020 IEEE symposium series on computational intelligence (SSCI)},
  pages={737--744},
  year={2020},
  organization={IEEE}
}

@article{kirillov2023segany,
  title={Segment Anything},
  author={Kirillov, Alexander and Mintun, Eric and Ravi, Nikhila and Mao, Hanzi and Rolland, Chloe and Gustafson, Laura and Xiao, Tete and Whitehead, Spencer and Berg, Alexander C. and Lo, Wan-Yen and Doll{\'a}r, Piotr and Girshick, Ross},
  journal={arXiv:2304.02643},
  year={2023}
}

@InProceedings{foundationposewen2024,
    author        = {Wen, Bowen and Yang, Wei and Kautz, Jan and Birchfield, Stan},
    title         = {{FoundationPose}: Unified 6D Pose Estimation and Tracking of Novel Objects},
    booktitle     = {CVPR},
    year          = {2024},
}

@ARTICLE{1053964,
  author={Cover, T. and Hart, P.},
  journal={IEEE Transactions on Information Theory}, 
  title={Nearest neighbor pattern classification}, 
  year={1967},
  volume={13},
  number={1},
  pages={21-27},
  keywords={},
  doi={10.1109/TIT.1967.1053964}}

@inproceedings{jiang2021graspTTA,
          title={Hand-Object Contact Consistency Reasoning for Human Grasps Generation},
          author={Jiang, Hanwen and Liu, Shaowei and Wang, Jiashun and Wang, Xiaolong},
          booktitle={Proceedings of the International Conference on Computer Vision},
          year={2021}
}

@article{pearce2023imitating,
  title={Imitating human behaviour with diffusion models},
  author={Pearce, Tim and Rashid, Tabish and Kanervisto, Anssi and Bignell, Dave and Sun, Mingfei and Georgescu, Raluca and Macua, Sergio Valcarcel and Tan, Shan Zheng and Momennejad, Ida and Hofmann, Katja and others},
  journal={arXiv preprint arXiv:2301.10677},
  year={2023}
}

@article{lin2020limitations,
  title={Limitations of autoregressive models and their alternatives},
  author={Lin, Chu-Cheng and Jaech, Aaron and Li, Xin and Gormley, Matthew R and Eisner, Jason},
  journal={arXiv preprint arXiv:2010.11939},
  year={2020}
}

@inproceedings{guss2021towards,
  title={Towards robust and domain agnostic reinforcement learning competitions: MineRL 2020},
  author={Guss, William Hebgen and Milani, Stephanie and Topin, Nicholay and Houghton, Brandon and Mohanty, Sharada and Melnik, Andrew and Harter, Augustin and Buschmaas, Benoit and Jaster, Bjarne and Berganski, Christoph and others},
  booktitle={NeurIPS 2020 Competition and Demonstration Track},
  pages={233--252},
  year={2021},
  organization={PMLR}
}

@article{reuss2023goal,
  title={Goal-conditioned imitation learning using score-based diffusion policies},
  author={Reuss, Moritz and Li, Maximilian and Jia, Xiaogang and Lioutikov, Rudolf},
  journal={arXiv preprint arXiv:2304.02532},
  year={2023}
}

@article{team2024octo,
  title={Octo: An open-source generalist robot policy},
  author={Team, Octo Model and Ghosh, Dibya and Walke, Homer and Pertsch, Karl and Black, Kevin and Mees, Oier and Dasari, Sudeep and Hejna, Joey and Kreiman, Tobias and Xu, Charles and others},
  journal={arXiv preprint arXiv:2405.12213},
  year={2024}
}

@article{doshi2024scaling,
  title={Scaling cross-embodied learning: One policy for manipulation, navigation, locomotion and aviation},
  author={Doshi, Ria and Walke, Homer and Mees, Oier and Dasari, Sudeep and Levine, Sergey},
  journal={arXiv preprint arXiv:2408.11812},
  year={2024}
}

@article{qi2016pointnet,
  title={PointNet: Deep Learning on Point Sets for 3D Classification and Segmentation},
  author={Qi, Charles R and Su, Hao and Mo, Kaichun and Guibas, Leonidas J},
  journal={arXiv preprint arXiv:1612.00593},
  year={2016}
}


@article{mandlekar2021matters,
  title={What matters in learning from offline human demonstrations for robot manipulation},
  author={Mandlekar, Ajay and Xu, Danfei and Wong, Josiah and Nasiriany, Soroush and Wang, Chen and Kulkarni, Rohun and Fei-Fei, Li and Savarese, Silvio and Zhu, Yuke and Mart{\'\i}n-Mart{\'\i}n, Roberto},
  journal={arXiv preprint arXiv:2108.03298},
  year={2021}
}

@article{zhao2023learning,
  title={Learning fine-grained bimanual manipulation with low-cost hardware},
  author={Zhao, Tony Z and Kumar, Vikash and Levine, Sergey and Finn, Chelsea},
  journal={arXiv preprint arXiv:2304.13705},
  year={2023}
}

@inproceedings{haugaard2022surfemb,
  title={Surfemb: Dense and continuous correspondence distributions for object pose estimation with learnt surface embeddings},
  author={Haugaard, Rasmus Laurvig and Buch, Anders Glent},
  booktitle={Proceedings of the IEEE/CVF Conference on Computer Vision and Pattern Recognition},
  pages={6749--6758},
  year={2022}
}

@inproceedings{lai2021functional,
  title={The functional correspondence problem},
  author={Lai, Zihang and Purushwalkam, Senthil and Gupta, Abhinav},
  booktitle={Proceedings of the IEEE/CVF International Conference on Computer Vision},
  pages={15772--15781},
  year={2021}
}

@article{patten2020dgcm,
  title={Dgcm-net: dense geometrical correspondence matching network for incremental experience-based robotic grasping},
  author={Patten, Timothy and Park, Kiru and Vincze, Markus},
  journal={Frontiers in Robotics and AI},
  volume={7},
  pages={120},
  year={2020},
  publisher={Frontiers Media SA}
}

@inproceedings{ding2024preafford,
  title={Preafford: Universal affordance-based pre-grasping for diverse objects and environments},
  author={Ding, Kairui and Chen, Boyuan and Wu, Ruihai and Li, Yuyang and Zhang, Zongzheng and Gao, Huan-ang and Li, Siqi and Zhou, Guyue and Zhu, Yixin and Dong, Hao and others},
  booktitle={2024 IEEE/RSJ International Conference on Intelligent Robots and Systems (IROS)},
  pages={7278--7285},
  year={2024},
  organization={IEEE}
}

@article{song2020denoising,
  title={Denoising diffusion implicit models},
  author={Song, Jiaming and Meng, Chenlin and Ermon, Stefano},
  journal={arXiv preprint arXiv:2010.02502},
  year={2020}
}

@article{wang2024rise,
    title   = {RISE: 3D Perception Makes Real-World Robot Imitation Simple and Effective},
    author  = {Chenxi Wang and Hongjie Fang and Hao-Shu Fang and Cewu Lu},
    journal = {arXiv preprint arXiv:2404.12281},
    year    = {2024}
}

@article{ze2024generalizable,
  title={Generalizable humanoid manipulation with improved 3d diffusion policies},
  author={Ze, Yanjie and Chen, Zixuan and Wang, Wenhao and Chen, Tianyi and He, Xialin and Yuan, Ying and Peng, Xue Bin and Wu, Jiajun},
  journal={arXiv preprint arXiv:2410.10803},
  year={2024}
}

@article{eisner2024deep,
  title={Deep SE (3)-Equivariant Geometric Reasoning for Precise Placement Tasks},
  author={Eisner, Ben and Yang, Yi and Davchev, Todor and Vecerik, Mel and Scholz, Jonathan and Held, David},
  journal={arXiv preprint arXiv:2404.13478},
  year={2024}
}

@article{qi2017pointnetplusplus,
  title={PointNet++: Deep Hierarchical Feature Learning on Point Sets in a Metric Space},
  author={Qi, Charles R and Yi, Li and Su, Hao and Guibas, Leonidas J},
  journal={arXiv preprint arXiv:1706.02413},
  year={2017}
}

@InProceedings{qian2022pointnext,
  title   = {PointNeXt: Revisiting PointNet++ with Improved Training and Scaling Strategies},
  author  = {Qian, Guocheng and Li, Yuchen and Peng, Houwen and Mai, Jinjie and Hammoud, Hasan and Elhoseiny, Mohamed and Ghanem, Bernard},
  booktitle={Advances in Neural Information Processing Systems (NeurIPS)},
  year    = {2022},
}


@misc{qin2021dexmv,
    title={DexMV: Imitation Learning for Dexterous Manipulation
    from Human Videos},
    author = {Qin, Yuzhe and Wu, Yueh-Hua and Liu, Shaowei and Jiang, Hanwen and Yang, Ruihan and Fu, Yang and Wang, Xiaolong},
    year={2021},
    archivePrefix={arXiv},
    primaryClass={cs.LG}
}

@article{touch-dexterity,
    title          = {Rotating without Seeing: Towards In-hand Dexterity through Touch },
    author         = {Yin, Zhao-Heng and Huang, Binghao and Qin, Yuzhe and Chen, Qifeng and Wang, Xiaolong},
    journal        = {Robotics: Science and Systems},
    year           = {2023},
}

@article{wang2022dexgraspnet,
  title={DexGraspNet: A Large-Scale Robotic Dexterous Grasp Dataset for General Objects Based on Simulation},
  author={Wang, Ruicheng and Zhang, Jialiang and Chen, Jiayi and Xu, Yinzhen and Li, Puhao and Liu, Tengyu and Wang, He},
  journal={arXiv preprint arXiv:2210.02697},
  year={2022}
}

@article{wang2023mimicplay,
    title={Mimicplay: Long-horizon imitation learning by watching human play},
    author={Wang, Chen and Fan, Linxi and Sun, Jiankai and Zhang, Ruohan and Fei-Fei, Li and Xu, Danfei and Zhu, Yuke and
    Anandkumar, Anima},
    journal={arXiv preprint arXiv:2302.12422},
    year={2023}
} 

@article{gervet2023act3d,
  title={Act3d: Infinite resolution action detection transformer for robotic manipulation},
  author={Gervet, Theophile and Xian, Zhou and Gkanatsios, Nikolaos and Fragkiadaki, Katerina},
  journal={arXiv preprint arXiv:2306.17817},
  year={2023}
}

@article{wang2024dexcap,
  title = {DexCap: Scalable and Portable Mocap Data Collection System for Dexterous Manipulation},
  author = {Wang, Chen and Shi, Haochen and Wang, Weizhuo and Zhang, Ruohan and Fei-Fei, Li and Liu, C. Karen},
  journal = {arXiv preprint arXiv:2403.07788},
  year = {2024}
}

@article{
  xia2024cage,
  title   = {CAGE: Causal Attention Enables Data-Efficient Generalizable Robotic Manipulation},
  author  = {Xia, Shangning and Fang, Hongjie and Lu, Cewu and Fang, Hao-Shu},
  journal = {arXiv preprint arXiv:2410.14974},
  year    = {2024}
}

@InProceedings{Wu_2024_CVPR,
    author    = {Ruihai Wu and Haoran Lu and Yiyan Wang and Yubo Wang and Hao Dong},
    title     = {UniGarmentManip: A Unified Framework for Category-Level Garment Manipulation via Dense Visual Correspondence},
    booktitle = {Proceedings of the IEEE/CVF Conference on Computer Vision and Pattern Recognition (CVPR)},
    month     = {June},
    year      = {2024}
}

@article{haldar2023teach,
  title={Teach a robot to fish: Versatile imitation from one minute of demonstrations},
  author={Haldar, Siddhant and Pari, Jyothish and Rai, Anant and Pinto, Lerrel},
  journal={arXiv preprint arXiv:2303.01497},
  year={2023}
}

@inproceedings{
  wang2024equivariant,
  title={Equivariant Diffusion Policy},
  author={Dian Wang and Stephen Hart and David Surovik and Tarik Kelestemur and Haojie Huang and Haibo Zhao and Mark Yeatman and Jiuguang Wang and Robin Walters and Robert Platt},
  booktitle={8th Annual Conference on Robot Learning},
  year={2024},
  url={https://openreview.net/forum?id=wD2kUVLT1g}
}

@misc{jia2024lift3dfoundationpolicylifting,
    title={Lift3D Foundation Policy: Lifting 2D Large-Scale Pretrained Models for Robust 3D Robotic Manipulation}, 
    author={Yueru Jia and Jiaming Liu and Sixiang Chen and Chenyang Gu and Zhilue Wang and Longzan Luo and Lily Lee and Pengwei Wang and Zhongyuan Wang and Renrui Zhang and Shanghang Zhang},
    year={2024},
    eprint={2411.18623},
    archivePrefix={arXiv},
    primaryClass={cs.CV},
    url={https://arxiv.org/abs/2411.18623}, 
}

@inproceedings{shridhar2023perceiver,
  title={Perceiver-actor: A multi-task transformer for robotic manipulation},
  author={Shridhar, Mohit and Manuelli, Lucas and Fox, Dieter},
  booktitle={Conference on Robot Learning},
  pages={785--799},
  year={2023},
  organization={PMLR}
}

@article{eisner2022flowbot3d,
  title={Flowbot3d: Learning 3d articulation flow to manipulate articulated objects},
  author={Eisner, Ben and Zhang, Harry and Held, David},
  journal={arXiv preprint arXiv:2205.04382},
  year={2022}
}

@inproceedings{goyal2023rvt,
  title={Rvt: Robotic view transformer for 3d object manipulation},
  author={Goyal, Ankit and Xu, Jie and Guo, Yijie and Blukis, Valts and Chao, Yu-Wei and Fox, Dieter},
  booktitle={Conference on Robot Learning},
  pages={694--710},
  year={2023},
  organization={PMLR}
}

@inproceedings{xian2023chaineddiffuser,
  title={Chaineddiffuser: Unifying trajectory diffusion and keypose prediction for robotic manipulation},
  author={Xian, Zhou and Gkanatsios, Nikolaos and Gervet, Theophile and Ke, Tsung-Wei and Fragkiadaki, Katerina},
  booktitle={7th Annual Conference on Robot Learning},
  year={2023}
}

@article{su2024motion,
  title={Motion Before Action: Diffusing Object Motion as Manipulation Condition},
  author={Su, Yup and Zhan, Xinyu and Fang, Hongjie and Li, Yong-Lu and Lu, Cewu and Yang, Lixin},
  journal={arXiv preprint arXiv:2411.09658},
  year={2024}
}

@article{guzey2023dexterity,
  title={Dexterity from touch: Self-supervised pre-training of tactile representations with robotic play},
  author={Guzey, Irmak and Evans, Ben and Chintala, Soumith and Pinto, Lerrel},
  journal={arXiv preprint arXiv:2303.12076},
  year={2023}
}

@article{yin2023rotating,
  title={Rotating without seeing: Towards in-hand dexterity through touch},
  author={Yin, Zhao-Heng and Huang, Binghao and Qin, Yuzhe and Chen, Qifeng and Wang, Xiaolong},
  journal={arXiv preprint arXiv:2303.10880},
  year={2023}
}

@inproceedings{guzey2024see,
  title={See to touch: Learning tactile dexterity through visual incentives},
  author={Guzey, Irmak and Dai, Yinlong and Evans, Ben and Chintala, Soumith and Pinto, Lerrel},
  booktitle={2024 IEEE International Conference on Robotics and Automation (ICRA)},
  pages={13825--13832},
  year={2024},
  organization={IEEE}
}

@article{bhirangi2023all,
  title={All the Feels: A dexterous hand with large-area tactile sensing},
  author={Bhirangi, Raunaq and DeFranco, Abigail and Adkins, Jacob and Majidi, Carmel and Gupta, Abhinav and Hellebrekers, Tess and Kumar, Vikash},
  journal={IEEE Robotics and Automation Letters},
  year={2023},
  publisher={IEEE}
}