@book{Katz2020,
  author    = {Yarden Katz},
  title     = {Artificial Whiteness: Politics and Ideology in Artificial Intelligence},
  year      = {2020},
  publisher = {Columbia University Press},
  address   = {New York (US)}
}

@inproceedings{Klein2024,
  author    = {Laura F. Klein and Catherine D’Ignazio},
  title     = {Data Feminism for {AI}},
  booktitle = {The 2024 ACM Conference on Fairness, Accountability, and Transparency},
  pages     = {100-112},
  year      = {2024}
}

@misc{Kneese2024,
  author    = {Tamara Kneese and Mel Young},
  title     = {Carbon Emissions in the Tailpipe of Generative {AI}},
  year      = {2024},
  journal   = {Harvard Data Science Review}
}

@article{Lehuedé2024,
  author    = {Sebastián Lehuedé},
  title     = {An elemental ethics for artificial intelligence: water as resistance within {AI}’s value chain},
  journal   = {AI \& SOCIETY},
  pages     = {1-14},
  year      = {2024}
}

@article{Libertson2021,
  author    = {Frans Libertson and et al.},
  title     = {Data-center infrastructure and energy gentrification: perspectives from Sweden},
  journal   = {Sustainability: science, practice and policy},
  volume    = {17},
  number    = {1},
  pages     = {152-161},
  year      = {2021}
}

@article{Luccioni2023,
  author    = {Alexandra Sasha Luccioni and Sylvain Viguier and Anne-Laure Ligozat},
  title     = {Estimating the carbon footprint of bloom, a 176b parameter language model},
  journal   = {Journal of Machine Learning Research},
  volume    = {24},
  number    = {253},
  pages     = {1-15},
  year      = {2023}
}

@misc{MITTechReview2024,
  author    = {MIT Technology Review},
  title     = {OpenAI’s new defense contract completes its military pivot},
  year      = {2024},
  note      = {Retrieved December 20, 2024 from \url{https://www.technologyreview.com/2024/12/04/1107897/openais-new-defense-contract-completes-its-military-pivot/}}
}

@article{Maher2022,
  author    = {Hamid Maher and et al.},
  title     = {{AI} Is Essential for Solving the Climate Crisis},
  year      = {2022},
  journal   = {Boston Consulting Group},
  url       = {https://www.bcg.com/publications/2022/how-ai-can-help-climate-change},
  note      = {Retrieved December 11, 2024 from \url{https://www.bcg.com/publications/2022/how-ai-can-help-climate-change}}
}

@article{Rakova2023,
  author    = {Bogdana Rakova and Roel Dobbe},
  title     = {Algorithms as social-ecological-technological systems: an environmental justice lens on algorithmic audits},
  journal   = {arXiv preprint arXiv:2305.05733},
  year      = {2023}
}

@misc{ShivaHerrero2024,
  author    = {Vandana Shiva and Yayo Herrero},
  title     = {Ecofeminist Futures},
  year      = {2024},
  note      = {Keynote at Literal Bookfair: Radical Ideas and Books (Barcelona). Retrieved December 19, 2024 from \url{https://www.youtube.com/watch?v=Pl9VYOWHTss&ab_channel=LITERALIdees%26llibresradicals}}
}

@misc{Stein2024,
  author    = {Amy L. Stein},
  title     = {Generative {AI} And Sustainability},
  year      = {2024},
  note      = {Chapter 21, University of Florida Levin College of Law Research Paper Forthcoming. Retrieved December 11, 2024 from \url{http://dx.doi.org/10.2139/ssrn.4935208}}
}

@article{Taffel2021,
  author    = {Sy Taffel},
  title     = {Data and Oil: Metaphor, Materiality and Metabolic Rifts},
  year      = {2021},
  journal   = {New Media \& Society},
  volume    = {25},
  number    = {5},
  pages     = {980-998}
}

@misc{TheNewYorkTimes2021,
  author    = {The New York Times},
  title     = {Drought in Taiwan Pits Chip Makers Against Farmers},
  year      = {2021},
  note      = {Retrieved December 27, 2024 from \url{https://www.nytimes.com/2021/04/08/technology/taiwan-drought-tsmc-semiconductors.html}}
}

@article{Valdivia2024a,
  author    = {Valdivia, Ana},
  title     = {The supply chain capitalism of {AI}: a call to (re) think algorithmic harms and resistance through environmental lens},
  year      = {2024},
  journal   = {Information, Communication \& Society},
  pages      = {1--17}
}

@article{VanWynsberghe2021,
  author    = {Amy Van Wynsberghe},
  title     = {{Sustainable {AI}}: {AI} for sustainability and the sustainability of {AI}},
  year      = {2021},
  journal   = {AI and Ethics},
  volume    = {1},
  number    = {3},
  pages     = {213-218}
}

@book{Wajcman1991,
  author    = {Judy Wajcman},
  title     = {Feminism confronts technology},
  year      = {1991},
  publisher = {Polity Press},
  address   = {Cambridge, UK}
}

@inproceedings{bender2021stochastic,
  author = {Bender, Emily and and et al.},
  title = {On the Dangers of Stochastic Parrots: Can Language Models Be Too Big?},
  booktitle = {Proceedings of the 2021 ACM Conference on Fairness, Accountability, and Transparency},
  pages = {610--623},
  year = {2021}
}

@book{benjamin2019race,
  author = {Benjamin, Ruja},
  title = {Race after Technology: Abolitionist Tools for the New Jim Code},
  publisher = {Polity Press},
  year = {2019},
  address = {Cambridge, UK}
}

@inproceedings{birhane2022values,
  author = {Birhane, Abeba and et al.},
  title = {The Values Encoded in Machine Learning Research},
  booktitle = {Proceedings of the 2022 ACM Conference on Fairness, Accountability, and Transparency},
  year = {2022}
}

@article{bolukbasi2016debiasing,
  author = {Bolukbasi, Tolga and et al.},
  title = {Man is to Computer Programmer as Woman is to Homemaker? {D}ebiasing Word Embeddings},
  journal = {Advances in Neural Information Processing Systems},
  volume = {29},
  year = {2016}
}

@article{bresnihan2021extractive,
  author = {Bresnihan, Patrick and Brodie, Patrick},
  title = {New Extractive Frontiers in Ireland and the Moebius Strip of Wind/Data},
  journal = {Environment and Planning E: Nature and Space},
  volume = {4},
  number = {4},
  pages = {1645--1664},
  year = {2021}
}

@book{brevini2021ai,
  author = {Brevini, Benedetta},
  title = {Is {AI} Good for the Planet?},
  publisher = {Polity},
  year = {2021},
  address = {Cambridge, UK}
}

@article{brodie2023data,
  author = {Brodie, Patrick},
  title = {Data Infrastructure Studies on an Unequal Planet},
  journal = {Big Data \& Society},
  volume = {10},
  number = {1},
  pages = {20539517231182402},
  year = {2023}
}

@article{coeckelbergh2021ai_climate,
  author = {Coeckelbergh, Mark},
  title = {{AI} for Climate: Freedom, Justice, and Other Ethical and Political Challenges},
  journal = {AI \& Ethics},
  volume = {1},
  pages = {67--21},
  year = {2021}
}

@article{cowls2023ai_gambit,
  author = {Cowls, Josh and et al.},
  title = {The {AI} {G}ambit: {L}everaging {A}rtificial {I}ntelligence to {C}ombat {C}limate {C}hange—{O}pportunities, {C}hallenges, and {R}ecommendations},
  journal = {AI \& Society},
  pages = {1--25},
  year = {2023}
}

@misc{crawford2016white_guy,
  author = {Crawford, Kate},
  title = {{A}rtificial {I}ntelligence's {W}hite {G}uy {P}roblem},
  note = {Retrieved January 19, 2025 from \url{https://www.nytimes.com/2016/06/26/opinion/sunday/artificial-intelligences-white-guy-problem.html}}
}

@article{crawford2024generative_ai,
  author = {Crawford, Kate},
  title = {Generative {AI}'s Environmental Costs Are Soaring — and Mostly Secret},
  journal = {Nature},
  volume = {626},
  number = {693},
  year = {2024}
}

@book{dignazio2020data_feminism,
  author = {D'Ignazio, Catherine and Klein, Lauren F.},
  title = {Data Feminism},
  publisher = {MIT Press},
  year = {2020},
  address = {Cambridge, US}
}

@article{dobbe2019ai_climate,
  author = {Dobbe, Roel and Whittaker, Meredith},
  title = {{AI} and Climate Change: How They’re Connected, and What We Can Do About It},
  note = {Retrieved December 29, 2024 from \url{https://ainowinstitute.org/publication/ai-and-climate-change-how-theyre-connected-and-what-we-can-do-about-it}},
  year = {2019},
  journal = {AI Now Institute}
}

@inproceedings{dodge2022carbon_ai,
  author = {Dodge, Jesse and et al.},
  title = {Measuring the Carbon Intensity of {AI} in Cloud Instances},
  booktitle = {Proceedings of the 2022 ACM Conference on Fairness, Accountability, and Transparency},
  year = {2022}
}

@article{gebru2024tescreal,
  author = {Gebru, Timnit and Torres, Émile P.},
  title = {The TESCREAL Bundle: Eugenics and the Promise of Utopia Through Artificial General Intelligence},
  journal = {First Monday},
  volume = {29},
  number = {4},
  year = {2024}
}

@book{haraway1991simians,
  author       = {Haraway, Donna},
  title        = {Simians, Cyborgs and Women: The Reinvention of Nature},
  publisher    = {Routledge},
  address      = {New York (US)},
  year         = {1991}
}

@article{hogan2015data,
  author       = {Hogan, Mél},
  title        = {Data flows and water woes: The Utah data center},
  journal      = {Big Data \& Society},
  volume       = {2},
  number       = {2},
  pages        = {2053951715592429},
  year         = {2015}
}

@article{hogan2024fumes,
  author       = {Hogan, Mél},
  title        = {The fumes of {AI}},
  journal      = {Critical {AI}},
  volume       = {2},
  number       = {1},
  year         = {2024}
}

