
% Journals

% First the Full Name is given, then the abbreviation used in the AMS Math
% Reviews, with an indication if it could not be found there.
% Note the 2nd overwrites the 1st, so swap them if you want the full name.

 %{AMS}
 @String{AMSTrans = "American Mathematical Society Translations" }
 @String{AMSTrans = "Amer. Math. Soc. Transl." }
 @String{BullAMS = "Bulletin of the American Mathematical Society" }
 @String{BullAMS = "Bull. Amer. Math. Soc." }
 @String{ProcAMS = "Proceedings of the American Mathematical Society" }
 @String{ProcAMS = "Proc. Amer. Math. Soc." }
 @String{TransAMS = "Transactions of the American Mathematical Society" }
 @String{TransAMS = "Trans. Amer. Math. Soc." }

 %ACM
 @String{CACM = "Communications of the {ACM}" }
 @String{CACM = "Commun. {ACM}" }
 @String{CompServ = "Comput. Surveys" }
 @String{JACM = "J. ACM" }
 @String{ACMMathSoft = "{ACM} Transactions on Mathematical Software" }
 @String{ACMMathSoft = "{ACM} Trans. Math. Software" }
 @String{SIGNUM = "{ACM} {SIGNUM} Newsletter" }
 @String{SIGNUM = "{ACM} {SIGNUM} Newslett." }

 @String{AmerSocio = "American Journal of Sociology" }
 @String{AmerStatAssoc = "Journal of the American Statistical Association" }
 @String{AmerStatAssoc = "J. Amer. Statist. Assoc." }
 @String{ApplMathComp = "Applied Mathematics and Computation" }
 @String{ApplMathComp = "Appl. Math. Comput." }
 @String{AmerMathMonthly = "American Mathematical Monthly" }
 @String{AmerMathMonthly = "Amer. Math. Monthly" }
 @String{BIT = "{BIT}" }
 @String{BritStatPsych = "British Journal of Mathematical and Statistical
          Psychology" }
 @String{BritStatPsych = "Brit. J. Math. Statist. Psych." }
 @String{CanMathBull = "Canadian Mathematical Bulletin" }
 @String{CanMathBull = "Canad. Math. Bull." }
 @String{CompApplMath = "Journal of Computational and Applied Mathematics" }
 @String{CompApplMath = "J. Comput. Appl. Math." }
 @String{CompPhys = "Journal of Computational Physics" }
 @String{CompPhys = "J. Comput. Phys." }
 @String{CompStruct = "Computers and Structures" }
 @String{CompStruct = "Comput. \& Structures" }
 @String{CompJour = "The Computer Journal" }
 @String{CompJour = "Comput. J." }
 @String{CompSysSci = "Journal of Computer and System Sciences" }
 @String{CompSysSci = "J. Comput. System Sci." }
 @String{Computing = "Computing" }
 @String{ContempMath = "Contemporary Mathematics" }
 @String{ContempMath = "Contemp. Math." }
 @String{Crelle = "Crelle's Journal" }
 @String{GiornaleMath = "Giornale di Mathematiche" }
 @String{GiornaleMath = "Giorn. Mat." } % didn't find in AMS MR., ibid.

 %IEEE
 @String{Computer = "{IEEE} Computer" }
 @String{IEEETransComp = "{IEEE} Transactions on Computers" }
 @String{IEEETransComp = "{IEEE} Trans. Comput." }
 @String{IEEETransAC = "{IEEE} Transactions on Automatic Control" }
 @String{IEEETransAC = "{IEEE} Trans. Automat. Control" }
 @String{IEEESpec = "{IEEE} Spectrum" } % didn't find in AMS MR
 @String{ProcIEEE = "Proceedings of the {IEEE}" }
 @String{ProcIEEE = "Proc. {IEEE}" } % didn't find in AMS MR
 @String{IEEETransAeroElec = "{IEEE} Transactions on Aerospace and Electronic
     Systems" }
 @String{IEEETransAeroElec = "{IEEE} Trans. Aerospace Electron. Systems" }

 @String{IMANumerAna = "{IMA} Journal of Numerical Analysis" }
 @String{IMANumerAna = "{IMA} J. Numer. Anal." }
 @String{InfProcLet = "Information Processing Letters" }
 @String{InfProcLet = "Inform. Process. Lett." }
 @String{InstMathApp = "Journal of the Institute of Mathematics and
     its Applications" }
 @String{InstMathApp = "J. Inst. Math. Appl." }
 @String{IntControl = "International Journal of Control" }
 @String{IntControl = "Internat. J. Control" }
 @String{IntNumerEng = "International Journal for Numerical Methods in
     Engineering" }
 @String{IntNumerEng = "Internat. J. Numer. Methods Engrg." }
 @String{IntSuper = "International Journal of Supercomputing Applications" }
 @String{IntSuper = "Internat. J. Supercomputing Applic." } % didn't find
%% in AMS MR
 @String{Kibernetika = "Kibernetika" }
 @String{JResNatBurStand = "Journal of Research of the National Bureau
     of Standards" }
 @String{JResNatBurStand = "J. Res. Nat. Bur. Standards" }
 @String{LinAlgApp = "Linear Algebra and its Applications" }
 @String{LinAlgApp = "Linear Algebra Appl." }
 @String{MathAnaAppl = "Journal of Mathematical Analysis and Applications" }
 @String{MathAnaAppl = "J. Math. Anal. Appl." }
 @String{MathAnnalen = "Mathematische Annalen" }
 @String{MathAnnalen = "Math. Ann." }
 @String{MathPhys = "Journal of Mathematical Physics" }
 @String{MathPhys = "J. Math. Phys." }
 @String{MathComp = "Mathematics of Computation" }
 @String{MathComp = "Math. Comp." }
 @String{MathScand = "Mathematica Scandinavica" }
 @String{MathScand = "Math. Scand." }
 @String{TablesAidsComp = "Mathematical Tables and Other {AI}ds to Computation" }
 @String{TablesAidsComp = "Math. Tables {AI}ds Comput." }
 @String{NumerMath = "Numerische Mathematik" }
 @String{NumerMath = "Numer. Math." }
 @String{PacificMath = "Pacific Journal of Mathematics" }
 @String{PacificMath = "Pacific J. Math." }
 @String{ParDistComp = "Journal of Parallel and Distributed Computing" }
 @String{ParDistComp = "J. Parallel and Distrib. Comput." } % didn't find
%% in AMS MR
 @String{ParComputing = "Parallel Computing" }
 @String{ParComputing = "Parallel Comput." }
 @String{PhilMag = "Philosophical Magazine" }
 @String{PhilMag = "Philos. Mag." }
 @String{ProcNAS = "Proceedings of the National Academy of Sciences
                    of the USA" }
 @String{ProcNAS = "Proc. Nat. Acad. Sci. U. S. A." }
 @String{Psychometrika = "Psychometrika" }
 @String{QuartMath = "Quarterly Journal of Mathematics, Oxford, Series (2)" }
 @String{QuartMath = "Quart. J. Math. Oxford Ser. (2)" }
 @String{QuartApplMath = "Quarterly of Applied Mathematics" }
 @String{QuartApplMath = "Quart. Appl. Math." }
 @String{RevueInstStat = "Review of the International Statisical Institute" }
 @String{RevueInstStat = "Rev. Inst. Internat. Statist." }

 %SIAM
 @String{JSIAM = "Journal of the Society for Industrial and Applied
     Mathematics" }
 @String{JSIAM = "J. Soc. Indust. Appl. Math." }
 @String{JSIAMB = "Journal of the Society for Industrial and Applied
     Mathematics, Series B, Numerical Analysis" }
 @String{JSIAMB = "J. Soc. Indust. Appl. Math. Ser. B Numer. Anal." }
 @String{SIAMAlgMeth = "{SIAM} Journal on Algebraic and Discrete Methods" }
 @String{SIAMAlgMeth = "{SIAM} J. Algebraic Discrete Methods" }
 @String{SIAMAppMath = "{SIAM} Journal on Applied Mathematics" }
 @String{SIAMAppMath = "{SIAM} J. Appl. Math." }
 @String{SIAMComp = "{SIAM} Journal on Computing" }
 @String{SIAMComp = "{SIAM} J. Comput." }
 @String{SIAMMatrix = "{SIAM} Journal on Matrix Analysis and Applications" }
 @String{SIAMMatrix = "{SIAM} J. Matrix Anal. Appl." }
 @String{SIAMNumAnal = "{SIAM} Journal on Numerical Analysis" }
 @String{SIAMNumAnal = "{SIAM} J. Numer. Anal." }
 @String{SIAMReview = "{SIAM} Review" }
 @String{SIAMReview = "{SIAM} Rev." }
 @String{SIAMSciStat = "{SIAM} Journal on Scientific and Statistical
     Computing" }
 @String{SIAMSciStat = "{SIAM} J. Sci. Statist. Comput." }

 @String{SoftPracExp = "Software Practice and Experience" }
 @String{SoftPracExp = "Software Prac. Experience" } % didn't find in AMS MR
 @String{StatScience = "Statistical Science" }
 @String{StatScience = "Statist. Sci." }
 @String{Techno = "Technometrics" }
 @String{USSRCompMathPhys = "{USSR} Computational Mathematics and Mathematical
     Physics" }
 @String{USSRCompMathPhys = "{U. S. S. R.} Comput. Math. and Math. Phys." }
 @String{VLSICompSys = "Journal of {VLSI} and Computer Systems" }
 @String{VLSICompSys = "J. {VLSI} Comput. Syst." }
 @String{ZAngewMathMech = "Zeitschrift fur Angewandte Mathematik und
     Mechanik" }
 @String{ZAngewMathMech = "Z. Angew. Math. Mech." }
 @String{ZAngewMathPhys = "Zeitschrift fur Angewandte Mathematik und Physik" }
 @String{ZAngewMathPhys = "Z. Angew. Math. Phys." }

% Publishers % ================================================= |

 @String{Academic = "Academic Press" }
 @String{ACMPress = "{ACM} Press" }
 @String{AdamHilger = "Adam Hilger" }
 @String{AddisonWesley = "Addison-Wesley" }
 @String{AllynBacon = "Allyn and Bacon" }
 @String{AMS = "American Mathematical Society" }
 @String{Birkhauser = "Birkh{\"a}user" }
 @String{CambridgePress = "Cambridge University Press" }
 @String{Chelsea = "Chelsea" }
 @String{ClaredonPress = "Claredon Press" }
 @String{DoverPub = "Dover Publications" }
 @String{Eyolles = "Eyolles" }
 @String{HoltRinehartWinston = "Holt, Rinehart and Winston" }
 @String{Interscience = "Interscience" }
 @String{JohnsHopkinsPress = "The Johns Hopkins University Press" }
 @String{JohnWileySons = "John Wiley and Sons" }
 @String{Macmillan = "Macmillan" }
 @String{MathWorks = "The Math Works Inc." }
 @String{McGrawHill = "McGraw-Hill" }
 @String{NatBurStd = "National Bureau of Standards" }
 @String{NorthHolland = "North-Holland" }
 @String{OxfordPress = "Oxford University Press" }  %address Oxford or London?
 @String{PergamonPress = "Pergamon Press" }
 @String{PlenumPress = "Plenum Press" }
 @String{PrenticeHall = "Prentice-Hall" }
 @String{SIAMPub = "{SIAM} Publications" }
 @String{Springer = "Springer-Verlag" }
 @String{TexasPress = "University of Texas Press" }
 @String{VanNostrand = "Van Nostrand" }
 @String{WHFreeman = "W. H. Freeman and Co." }

%Entries

@misc{abraham2024lavender,
  title        = {{Lavender}: The {AI} machine directing {I}srael’s bombing spree in {G}aza},
  author      = {+972 Magazine},
  year         = {2024},
  note         = {Retrieved December 20, 2024 from \url{https://www.972mag.com/lavender-ai-israeli-army-gaza/}}
}


@article{abercrombie2024taxonomy,
  author = {Abercrombie, Gavin and et al.},
  title = {A Collaborative, Human-Centred Taxonomy of {AI}, Algorithmic, and Automation Harms},
  journal = {arXiv preprint},
  volume = {arXiv:2407.01294},
  year = {2024}
}

@article{agarwal1992gender,
  author = {Agarwal, Bina},
  title = {The Gender and Environment Debate: Lessons from India},
  journal = {Feminist Studies},
  volume = {18},
  number = {1},
  pages = {119--158},
  year = {1992}
}

@misc{AWS2024,
  author    = {{AWS}},
  title     = {{AWS re:Invent}},
  year      = {2024},
  note      = {Retrieved September 29, 2024 from: \url{https://d1.awsstatic.com/events/Summits/reinvent2022/AIM405_Train-and-deploy-large-language-models-on-Amazon-SageMaker.pdf}}
}

@article{AzamarAlonso2019,
  author    = {Aleida Azamar-Alonso},
  title     = {Ecofeminismo: pobreza y ruralidad en {M}éxico},
  journal   = {Política y Cultura},
  year      = {2019},
  volume    = {51},
  pages     = {83--102}
}

@incollection{barcena2023prologue,
  author = {Barcena, Iñaki},
  title = {Prologue. {I}n {F}avour of {C}omun(al)ism},
  booktitle = {New Communalisms (Eds. Adrián Almazán and Iñaki Barcena)},
  publisher = {Ned Ediciones},
  year = {2023},
  address = {Barcelona, Spain}
}


@inproceedings{bender2021stochastic,
  author = {Bender, Emily and and et al.},
  title = {On the Dangers of Stochastic Parrots: Can Language Models Be Too Big?},
  booktitle = {Proceedings of the 2021 ACM Conference on Fairness, Accountability, and Transparency},
  pages = {610--623},
  year = {2021}
}

@book{benjamin2019race,
  author = {Benjamin, Ruja},
  title = {Race after Technology: Abolitionist Tools for the New Jim Code},
  publisher = {Polity Press},
  year = {2019},
  address = {Cambridge, UK}
}

@book{biehl1991rethinking,
  author = {Biehl, Janet},
  title = {Rethinking Ecofeminist Politics},
  publisher = {South End Press},
  year = {1991},
  address = {Boston, US}
}

@inproceedings{birhane2022values,
  author = {Birhane, Abeba and et al.},
  title = {The Values Encoded in Machine Learning Research},
  booktitle = {Proceedings of the 2022 ACM Conference on Fairness, Accountability, and Transparency},
  year = {2022}
}

@incollection{birkeland1993ecofeminism,
  author = {Birkeland, Janis},
  title = {Ecofeminism: Linking Theory and Practice},
  booktitle = {Ecofeminism: Women, Animals, Nature (Eds. Greta Gaard)},
  pages = {1--12},
  publisher = {Temple University Press},
  year = {1993},
  address = {Philadelphia, US}
}

@article{bolukbasi2016debiasing,
  author = {Bolukbasi, Tolga and et al.},
  title = {Man is to Computer Programmer as Woman is to Homemaker? {D}ebiasing Word Embeddings},
  journal = {Advances in Neural Information Processing Systems},
  volume = {29},
  year = {2016}
}

@article{bresnihan2021extractive,
  author = {Bresnihan, Patrick and Brodie, Patrick},
  title = {New Extractive Frontiers in Ireland and the Moebius Strip of Wind/Data},
  journal = {Environment and Planning E: Nature and Space},
  volume = {4},
  number = {4},
  pages = {1645--1664},
  year = {2021}
}

@book{brevini2021ai,
  author = {Brevini, Benedetta},
  title = {Is {AI} Good for the Planet?},
  publisher = {Polity},
  year = {2021},
  address = {Cambridge, UK}
}

@article{brisson2017connectedness,
  author = {Brisson, Sami},
  title = {Women’s Connectedness to Nature: An Ecofeminist Exploration},
  howpublished = {Regis University Student Publications (comprehensive collection)},
  note = {Retrieved December 09, 2024},
  url = {https://epublications.regis.edu/theses/846},
  journal={""},
  year = {2017}
}

@article{brodie2020climate,
  author = {Brodie, Patrick},
  title = {Climate Extraction and Supply Chains of Data},
  journal = {Media, Culture \& Society},
  volume = {42},
  number = {7--8},
  pages = {1095--1114},
  year = {2020}
}

@article{brodie2023data,
  author = {Brodie, Patrick},
  title = {Data Infrastructure Studies on an Unequal Planet},
  journal = {Big Data \& Society},
  volume = {10},
  number = {1},
  pages = {20539517231182402},
  year = {2023}
}

@book{cancela2023utopias,
  author = {Cancela, Ekatiz},
  title = {Digital Utopias: How to Imagine the End of Capitalism},
  publisher = {Verso Libros},
  year = {2023},
  address = {Madrid, Spain}
}

@book{carson1962silent,
  author = {Carson, Rachel},
  title = {Silent Spring},
  publisher = {Penguin},
  year = {1962},
  address = {London, UK}
}

@article{cbinsights2023nvidia,
  author = {{CBInsights}},
  title = {Nvidia’s High-End Chips Will Consume the Same Amount of Energy as Small Nations in 2024},
  journal = {""},
  year = {2023}
}



@article{chen2023frugalgpt,
  author = {Chen, Lingjiao and Zaharia, Matei and Zou, James},
  title = {FrugalGPT: How to Use Large Language Models While Reducing Cost and Improving Performance},
  journal = {arXiv preprint},
  volume = {arXiv:2305.05176},
  year = {2023}
}

@article{cockburn1981male_power,
  author = {Cockburn, Cynthia},
  title = {The Material of Male Power},
  journal = {Feminist Review},
  volume = {9},
  number = {1},
  pages = {41--58},
  year = {1981}
}

@article{coeckelbergh2021ai_climate,
  author = {Coeckelbergh, Mark},
  title = {{AI} for Climate: Freedom, Justice, and Other Ethical and Political Challenges},
  journal = {AI \& Ethics},
  volume = {1},
  pages = {67--21},
  year = {2021}
}

@book{couldry2019costs,
  author = {Couldry, Nick and Mejías, Ulises A.},
  title = {The Costs of Connection: How Data Is Colonizing Human Life and Appropriating It for Capitalism},
  publisher = {Stanford University Press},
  year = {2019},
  address = {Stanford, US}
}

@article{cowls2023ai_gambit,
  author = {Cowls, Josh and et al.},
  title = {The {AI} {G}ambit: {L}everaging {A}rtificial {I}ntelligence to {C}ombat {C}limate {C}hange—{O}pportunities, {C}hallenges, and {R}ecommendations},
  journal = {AI \& Society},
  pages = {1--25},
  year = {2023}
}

@misc{crawford2016white_guy,
  author = {Crawford, Kate},
  title = {{A}rtificial {I}ntelligence's {W}hite {G}uy {P}roblem},
  note = {Retrieved January 19, 2025 from \url{https://www.nytimes.com/2016/06/26/opinion/sunday/artificial-intelligences-white-guy-problem.html}}
}

@article{crawford2024generative_ai,
  author = {Crawford, Kate},
  title = {Generative {AI}'s Environmental Costs Are Soaring — and Mostly Secret},
  journal = {Nature},
  volume = {626},
  number = {693},
  year = {2024}
}

@misc{creativecommons2023ai_commons,
  author = {{Creative Commons}},
  title = {Making {AI} Work for Creators and the Commons},
  note = {Retrieved January 14, 2025 from \url{https://creativecommons.org/2023/10/07/making-ai-work-for-creators-and-the-commons/}},
  year = {2023}
}


@article{curiel2021decolonial_feminism,
  author = {Curiel, Ochy},
  title = {{D}ecolonial {F}eminism in {A}bya {Y}ala},
  journal = {Multitudes},
  volume = {84},
  number = {3},
  pages = {78--86},
  year = {2021}
}

@book{deaubonne1974feminism_or_death,
  author = {D{'}Eaubonne, Fran{ç}oise},
  title = {Feminism Or Death: How the Women's Movement Can Save the Planet},
  publisher = {Verso Books},
  year = {1974},
  address = {London, UK}
}

@book{dignazio2020data_feminism,
  author = {D'Ignazio, Catherine and Klein, Lauren F.},
  title = {Data Feminism},
  publisher = {MIT Press},
  year = {2020},
  address = {Cambridge, US}
}

@book{dardot2019common,
  author = {Dardot, Pierre and Laval, Christian},
  title = {Common: On Revolution in the 21st Century},
  publisher = {Bloomsbury},
  year = {2019},
  address = {London, UK}
}

@misc{datacentre2024investment,
  author = {{Data Centre Dynamics}},
  title = {2023 {S}econd-Largest Investment Year in Decade for Data Centers - Report},
  note = {Retrieved December 27, 2024 from \url{https://www.datacenterdynamics.com/en/news/2023-second-largest-investment-year-in-decade-for-data-centers-report/}},
  year = {2024}
}


@book{debeauvoir1955pensee,
  author = {De Beauvoir, Simone},
  title = {La Pens{é}e de Droite Aujourd{’}hui},
  publisher = {Privil{è}ges},
  year = {1955}
}

@book{delacadena2018worlds,
  author = {De la Cadena, Marisol and Blaser, Mario},
  title = {A World of Many Worlds},
  publisher = {Duke University Press},
  year = {2018},
  address = {Durham, UK}
}

@article{devries2023ai_energy,
  author = {De Vries, Alex},
  title = {The Growing Energy Footprint of Artificial Intelligence},
  journal = {Joule},
  volume = {7},
  number = {10},
  pages = {2191--2194},
  year = {2023}
}

@article{dobbe2019ai_climate,
  author = {Dobbe, Roel and Whittaker, Meredith},
  title = {{AI} and Climate Change: How They’re Connected, and What We Can Do About It},
  note = {Retrieved December 29, 2024 from \url{https://ainowinstitute.org/publication/ai-and-climate-change-how-theyre-connected-and-what-we-can-do-about-it}},
  year = {2019},
  journal = {AI Now Institute}
}



@inproceedings{dodge2022carbon_ai,
  author = {Dodge, Jesse and et al.},
  title = {Measuring the Carbon Intensity of {AI} in Cloud Instances},
  booktitle = {Proceedings of the 2022 ACM Conference on Fairness, Accountability, and Transparency},
  year = {2022}
}

@book{escobar2018pluriverse,
  author = {Escobar, Arturo},
  title = {Designs for the Pluriverse: Radical Interdependence, Autonomy, and the Making of Worlds},
  publisher = {Duke University Press},
  year = {2018},
  address = {London, UK}
}

@book{escobar2020pluriversal,
  author = {Escobar, Arturo},
  title = {Pluriversal Politics: The Real and the Possible},
  publisher = {Duke University Press},
  year = {2020},
  address = {London, UK}
}

@article{euler2019commons,
  author = {Euler, Johannes},
  title = {The Commons: A Social Form That Allows for Degrowth and Sustainability},
  journal = {Capitalism Nature Socialism},
  volume = {30},
  number = {2},
  pages = {158--175},
  year = {2019}
}

@incollection{federicci2022ecofeminism,
  author = {Federicci, Silvia},
  title = {Ecofeminism and the Commons: The Feminization of Resistance in Latin America},
  booktitle = {Handbook of Critical Environmental Politics (Eds. Luigi Pellizzoni, Emanuele Leonardi, Viviana Asara)},
  publisher = {Edward Elgar},
  address = {Cheltenham, UK},
  year = {2022}
}

@article{bouzo2022amazonas,
  author = {Fernández Bouzo, Soledad},
  title = {Amazonas del Ambiente en Abya Yala: Las Experiencias Ecofeministas y su Contribución a las Imaginaciones Socioecológicas en América Latina},
  note = {Retrieved December 13, 2024 from \url{https://www.clacso.org/wp-content/uploads/2022/01/V3_Senti-pensarnos-tierra_N9.pdf}},
  year = {2022},
  journal = {Senti-Pensarnos Tierra}
}

@misc{fondapol2017digital,
  author = {{Fondapol}},
  title = {Digital Sovereignty—Steps Towards a New System of Internet Governance},
  note = {Retrieved January 11, 2025 from: \url{https://www.fondapol.org/en/study/digital-sovereignty-steps-towards-a-new-system-of-internet-governance/}},
  year = {2017}
}

@misc{forbes2023climate,
  author = {{Forbes}},
  title = {Current Climate: Big Tech’s Massive Carbon Footprint},
  note = {Retrieved December 29, 2024 from \url{https://www.forbes.com/sites/alanohnsman/2023/03/04/current-climate-big-techs-massive-carbon-footprint/}},
  year = {2023}
}

@book{franco2024networks,
  author = {Franco, Marta},
  title = {The Networks Are Ours},
  publisher = {Consonni},
  year = {2024},
  address = {Bilbao, Spain}
}

@book{fraser2023cannibal,
  author = {Fraser, Nancy},
  title = {Cannibal Capitalism: How Our System Is Devouring Democracy, Care and the Planet —And What We Can Do About It},
  publisher = {Verso},
  year = {2023},
  address = {London, UK}
}

@article{fuchs2021digital_commons,
  author = {Fuchs, Christian},
  title = {The Digital Commons and the Digital Public Sphere: How to Advance Digital Democracy Today},
  journal = {Westminster Papers in Communication and Culture},
  volume = {16},
  number = {1},
  pages = {9--26},
  year = {2021}
}

@incollection{gaard1993animals_nature,
  author = {Gaard, Greta},
  title = {Living Interconnections with Animals and Nature},
  booktitle = {Ecofeminism: Women, Animals, Nature (Eds. Greta Gaard)},
  pages = {1--12},
  publisher = {Temple University Press},
  address = {Philadelphia, US},
  year = {1993}
}

@article{gebru2024tescreal,
  author = {Gebru, Timnit and Torres, Émile P.},
  title = {The TESCREAL Bundle: Eugenics and the Promise of Utopia Through Artificial General Intelligence},
  journal = {First Monday},
  volume = {29},
  number = {4},
  year = {2024}
}

@incollection{gruen1993dismantling,
  author = {Gruen, Lori},
  title = {Dismantling Oppression: An Analysis of the Connection Between Women and Animals},
  booktitle = {Ecofeminism: Women, Animals, Nature (Eds. Greta Gaard)},
  pages = {60--90},
  publisher = {Temple University Press},
  address = {Philadelphia, US},
  year = {1993}
}

@misc{greenpeace2020oil,
  author = {{Greenpeace}},
  title = {Oil in the Cloud},
  note = {Retrieved December 29, 2024 from \url{https://www.greenpeace.org/usa/oil-in-the-cloud/}},
  year = {2020}
}

@misc{google2024environmental,
  author = {{Google}},
  title = {Environmental Report},
  note = {Retrieved December 06, 2024 from \url{https://sustainability.google/reports/google-2024-environmental-report/}},
  year = {2024}
}

@misc{goldman2024ai_power,
  author = {{Goldman Sachs}},
  title = {{AI} is Poised to Drive 160\% Increase in Data Center Power Demand},
  note = {Retrieved January 09, 2025 from \url{https://www.goldmansachs.com/insights/articles/AI-poised-to-drive-160-increase-in-power-demand}},
  year = {2024}
}

@incollection{gonzalez2020feminismo,
  author = {González, Leila},
  title = {Por um Feminismo Afro-Latino-Americano},
  booktitle = {Pensamento Feminista Hoje: Perspectivas Decoloniais (Eds. Ana Cecilia Impellizieri Martins and Maria de Andrade)},
  publisher = {Bazar do Tempo},
  address = {Rio de Janeiro, Brasil},
  year = {2020}
}

@misc{hache2023feminist_infra,
  author = {Haché, Alexandra},
  title = {Feminist Infrastructure: The Creation of What Sustains Us},
  note = {Retrieved January 14, 2025 from \url{https://genderit.org/feminist-talk/feminist-infrastructure-creation-what-sustains-us}},
  year = {2023}
}

@article{hajad2024ecofeminism,
  author       = {Hajad, Vellayati and Ikshan, Ikshan},
  title        = {Ecofeminism as a Movement: Choosing between Economics and Nature Protection},
  journal      = {Theoretical and Practical Research in Economic Fields},
  volume       = {15},
  number       = {1},
  pages        = {91--100},
  year         = {2024}
}

@book{haraway1991simians,
  author       = {Haraway, Donna},
  title        = {Simians, Cyborgs and Women: The Reinvention of Nature},
  publisher    = {Routledge},
  address      = {New York (US)},
  year         = {1991}
}

@misc{herrero2015introductory,
  author       = {Herrero, Yayo},
  title        = {Introductory notes on Ecofeminism},
  howpublished = {Centro de Documentación Hegoa. Boletín de recursos de información num. 43},
  month        = {June},
  year         = {2015}
}

@book{herrero2023sustainability,
  author       = {Herrero, Yayo and Gago, Verónica},
  title        = {Ecofeminism: The sustainability of life},
  publisher    = {Icária Señales},
  address      = {Barcelona (Spain)},
  year         = {2023}
}

@misc{shiva2024ecofeminist,
  author       = {Shiva, Vandana and Herrero, Yayo},
  title        = {Ecofeminist futures. Vandana Shiva talks with Yayo Herrero},
  howpublished = {Literal Bookfair: Radical Ideas and Books},
  note         = {Retrieved January 15, 2025 from \url{https://www.youtube.com/watch?v=Pl9VYOWHTss&ab_channel=LITERALIdees\%26llibresradicals}},
  year         = {2024}
}

@misc{heikkila2020permacomputing,
  author       = {Heikkilä, Ville-Matias},
  title        = {Permacomputing},
  howpublished = {Viznut},
  note         = {Retrieved January 11, 2025 from \url{http://viznut.fi/texts-en/permacomputing.html}},
  year         = {2020}
}

@article{hickel2020quantifying,
  author       = {Hickel, Jason},
  title        = {Quantifying national responsibility for climate breakdown: an equality-based attribution approach for carbon dioxide emissions in excess of the planetary boundary},
  journal      = {The Lancet Planetary Health},
  volume       = {4},
  number       = {9},
  year         = {2020}
}

@book{hickel2022less,
  author       = {Hickel, Jason},
  title        = {Less is More: How Degrowth will Save the World},
  publisher    = {Penguin Books},
  address      = {London (UK)},
  year         = {2022}
}

@article{hogan2015data,
  author       = {Hogan, Mél},
  title        = {Data flows and water woes: The Utah data center},
  journal      = {Big Data \& Society},
  volume       = {2},
  number       = {2},
  pages        = {2053951715592429},
  year         = {2015}
}

@article{hogan2024fumes,
  author       = {Hogan, Mél},
  title        = {The fumes of {AI}},
  journal      = {Critical {AI}},
  volume       = {2},
  number       = {1},
  year         = {2024}
}

@book{hristova2022datafarms,
  author       = {Hristova, Tsvetelina and et al.},
  title        = {Data farms: circuits, labour, territory},
  publisher    = {Open Humanities Press},
  address      = {London (UK)},
  year         = {2022}
}

@misc{ipcc2022climate,
  author       = {IPCC},
  title        = {Climate Change 2022: Impacts, Adaptation and Vulnerability},
  note = {Retrieved December 22, 2024 from \url{https://www.ipcc.ch/report/ar6/wg2/downloads/report/IPCC_AR6_WGII_FullReport.pdf}},
  year         = {2022}
}

@incollection{Isla2021,
  author    = {Ana Isla},
  title     = {{Greening} the Highest Stage of Extractivism in Latin America},
  booktitle = {The Routledge Handbook on Ecosocialism (Eds. Leigh Brownhill and et al.)},
  pages     = {67--80},
  publisher = {Routledge},
  year      = {2021},
  address   = {London (UK)}
}


@book{Katz2020,
  author    = {Yarden Katz},
  title     = {Artificial Whiteness: Politics and Ideology in Artificial Intelligence},
  year      = {2020},
  publisher = {Columbia University Press},
  address   = {New York (US)}
}

@article{King1981,
  author    = {Ynestra King},
  title     = {Feminism and the Revolt of Nature},
  journal   = {Heresies},
  volume    = {13},
  pages     = {12–15},
  year      = {1981}
}

@article{Kirk1997,
  author    = {Gwyn Kirk},
  title     = {Ecofeminism and Environmental Justice: Bridges across Gender, Race, and Class},
  journal   = {Frontiers: A Journal of Women Studies},
  volume    = {18},
  number    = {2},
  pages     = {2–20},
  year      = {1997},
  doi       = {10.2307/3346962}
}

@inproceedings{Klein2024,
  author    = {Laura F. Klein and Catherine D’Ignazio},
  title     = {Data Feminism for {AI}},
  booktitle = {The 2024 ACM Conference on Fairness, Accountability, and Transparency},
  pages     = {100-112},
  year      = {2024}
}

@misc{Kneese2024,
  author    = {Tamara Kneese and Mel Young},
  title     = {Carbon Emissions in the Tailpipe of Generative {AI}},
  year      = {2024},
  journal   = {Harvard Data Science Review}
}

@book{Kropotkin1902,
  author    = {Peter Kropotkin},
  title     = {Mutual {AI}d},
  year      = {1902},
  publisher = {McClure Phillips \& Co.},
  address   = {New York (US)}
}

@misc{LaMarea2025,
  author    = {La Marea},
  title     = {Amazon’s data centres in Aragón will consume more energy than the whole of the Community of Aragón},
  year      = {2025},
  note      = {Retrieved January 10, 2025 from \url{https://www.lamarea.com/2025/01/09/centros-datos-amazon-aragon-mas-energia-toda-comunidad/}}
}

@misc{LaParadoja2024,
  author    = {La Paradoja de Jevons},
  title     = {Mutual {AI}d and {V}alencia},
  year      = {2024},
  note      = {Retrieved January 13, 2025 from \url{https://www.elsaltodiario.com/paradoja-jevons-ciencia-poder/apoyo-mutuo-pais-valenciano}}
}

@book{Lehdonvirta2022,
  author    = {Vili Lehdonvirta},
  title     = {Cloud Empires: How Digital Platforms Are Overtaking the State and How We Can Regain Control},
  year      = {2022},
  publisher = {The MIT Press},
  address   = {London (UK)}
}

@article{Lehuedé2024,
  author    = {Sebastián Lehuedé},
  title     = {An elemental ethics for artificial intelligence: water as resistance within {AI}’s value chain},
  journal   = {AI \& SOCIETY},
  pages     = {1-14},
  year      = {2024}
}

@article{Li2023,
  author    = {Pengfei Li and et al.},
  title     = {Making {AI} less “thirsty”: Uncovering and addressing the secret water footprint of {AI} models},
  journal   = {arXiv preprint arXiv:2304.03271},
  year      = {2023}
}

@article{Libertson2021,
  author    = {Frans Libertson and et al.},
  title     = {Data-center infrastructure and energy gentrification: perspectives from Sweden},
  journal   = {Sustainability: science, practice and policy},
  volume    = {17},
  number    = {1},
  pages     = {152-161},
  year      = {2021}
}

@book{Loncon2023,
  author    = {Eva Loncon},
  title     = {Azmapu: Contributions of Mapuche Philosophy for the Care of the Lof and Mother Earth},
  year      = {2023},
  publisher = {Ariel},
  address   = {Santiago de Chile (Chile)}
}

@article{Luccioni2023,
  author    = {Alexandra Sasha Luccioni and Sylvain Viguier and Anne-Laure Ligozat},
  title     = {Estimating the carbon footprint of bloom, a 176b parameter language model},
  journal   = {Journal of Machine Learning Research},
  volume    = {24},
  number    = {253},
  pages     = {1-15},
  year      = {2023}
}

@article{Maher2022,
  author    = {Hamid Maher and et al.},
  title     = {{AI} Is Essential for Solving the Climate Crisis},
  year      = {2022},
  journal   = {Boston Consulting Group},
  url       = {https://www.bcg.com/publications/2022/how-ai-can-help-climate-change},
  note      = {Retrieved December 11, 2024 from \url{https://www.bcg.com/publications/2022/how-ai-can-help-climate-change}}
}

@book{Merchant1980,
  author    = {Carolyn Merchant},
  title     = {The Death of Nature: Women, Ecology, and the Scientific Revolution},
  year      = {1980},
  publisher = {Harper Row},
  address   = {San Francisco (US)}
}

@mastersthesis{Meyers2023,
  author    = {Marion Meyers},
  title     = {A Degrowth Perspective on Artificial Intelligence - Analysing the Appropriateness of Machine Learning to a Degrowth Context},
  year      = {2023},
  school    = {ETH Zurich},
  address   = {Zurich, Switzerland}
}

@misc{Microsoft2024,
  author    = {Microsoft},
  title     = {Environmental Sustainability Report},
  year      = {2024},
  note      = {Retrieved December 06, 2024 from \url{https://www.microsoft.com/en-us/corporate-responsibility/sustainability/report}}
}

@book{Mies1993,
  author    = {Maria Mies and Vandana Shiva},
  title     = {Ecofeminism},
  year      = {1993},
  publisher = {Zed Books},
  address   = {London (UK)}
}

@article{Migliaro2020,
  author    = {Alicia Isabel Migliaro González and Lorena Rodríguez Lezica},
  title     = {Ecofeminismos al Sur: Claves para pensar la vida en el centro desde Uruguay},
  journal   = {Bajo el Volcán},
  volume    = {1},
  number    = {2},
  pages     = {143-174},
  year      = {2020}
}

@article{Mills2024,
  author    = {Stuart Mills},
  title     = {Algorithms, Bytes, and Chips: The Emerging Political Economy of Foundation Models},
  journal   = {SSRN},
  year      = {2024},
  note      = {Available at SSRN 4834417}
}

@misc{MITTechReview2024,
  author    = {MIT Technology Review},
  title     = {OpenAI’s new defense contract completes its military pivot},
  year      = {2024},
  note      = {Retrieved December 20, 2024 from \url{https://www.technologyreview.com/2024/12/04/1107897/openais-new-defense-contract-completes-its-military-pivot/}}
}

@inproceedings{Mitra2024,
  author    = {Srinjoy Mitra and Mario Pansera},
  title     = {Why degrowth community should worry about the growth of microchips?},
  booktitle = {10th International Degrowth Conference},
  year      = {2024}
}

@misc{Miyazaki2022,
  author    = {Shintaro Miyazaki and Marloes de Valk and Ville-Matias Heikkilä},
  title     = {Permacomputing},
  year      = {2022},
  note      = {Retrieved January 11, 2025 from \url{https://monoskop.org/images/5/55/Valk_Marloes_de_Heikkila_Ville-Matias_2022_Permacomputing.pdf}}
}

@article{Muldoon2023,
  author    = {James Muldoon and et al.},
  title     = {The poverty of ethical {AI}: impact sourcing and {AI} supply chains},
  journal   = {AI \& SOCIETY},
  pages     = {1-15},
  year      = {2023}
}

@article{Narayanan2019,
  author    = {Arvind Narayanan},
  title     = {How to recognize {AI} snake oil},
  year      = {2019},
  journal   = {Arthur Miller Lecture on Science and Ethics}
}

@article{Nesti2001,
  author    = {Lorenzo Nesti},
  title     = {Indigenous peoples’ rights to land and their link to environmental protection: The case of Mapuche-Pehuenche},
  journal   = {International Yearbook for Legal Anthropology},
  volume    = {11},
  pages     = {67-155},
  year      = {2001}
}

@misc{NYTimes2024,
  author    = {The New York Times},
  title     = {Who Is Tech Really For?},
  author    = {Timnit Gebru},
  year      = {2024},
  note      = {Retrieved December 20, 2024 from \url{https://www.nytimes.com/2024/12/05/special-series/tech-protest-gaza-artificial-intelligence.html?unlocked_article_code=1.fE4.OXrP.4Edbt-DeY0P3&smid=url-share}}
}

@misc{NVIDIA2024,
  author    = {NVIDIA},
  title     = {Oil and gas operations powered by {AI}},
  year      = {2024},
  note       = {Retrieve December 20, 2024 from \url{https://www.nvidia.com/es-es/industries/energy/oil-gas-operations/}}
}

@article{Owen2023,
  author    = {John R. Owen and et al.},
  title     = {Energy transition minerals and their intersection with land-connected peoples},
  journal   = {Nature Sustainability},
  volume    = {6},
  number    = {2},
  pages     = {203-211},
  year      = {2023}
}

@misc{Oxfam2023,
  author    = {Oxfam},
  title     = {Climate Equality: A Planet for the 99%},
  year      = {2023},
  note      = {Retrieved December 22, 2024 from \url{https://policy-practice.oxfam.org/resources/climate-equality-a-planet-for-the-99-621551/}}
}

@misc{Oxfam2024,
  author    = {Oxfam},
  title     = {Carbon Inequality Kills: Why curbing the excessive emissions of an elite few can create a sustainable planet for all},
  year      = {2024},
  note      = {Retrieved December 29, 2024 from \url{https://oxfamilibrary.openrepository.com/bitstream/handle/10546/621656/bp-carbon-inequality-kills-281024-en.pdf?sequence=12}}
}

@book{Parikka2021,
  author    = {Jussi Parikka},
  title     = {Antropobscene and other essays: Media, materiality and ecology},
  year      = {2021},
  publisher = {Mimesis},
  address   = {Santiago de Chile (Chile)}
}

@book{Pappucio2018,
  author    = {Silvia Pappucio de Vidal and María Elena Ramognini},
  title     = {Teoría y praxis del ecofeminismo en Argentina},
  year      = {2018},
  publisher = {Silvia Pappucio de Vidal and María Elena Ramognini (eds.). Liberería de Mujeres Editores},
  address   = {Ciudad Autónoma de Buenos {AI}res (Argentina)}
}

@misc{PerezAguilera2024,
  author    = {Abigali Pérez Aguilera},
  title     = {A Global South Ecofeminist Approach to the Anthropocene},
  year      = {2024},
  note      = {Talk at the Consortium on Gender, Security and Human Rights. Retrieved December 10, 2024 from \url{https://genderandsecurity.org/projects-resources/consortium-lectures/end-nature-and-human-global-south-ecofeminist-approach}}
}

@incollection{Plant2013,
  author    = {Sadie Plant},
  title     = {On the matrix: Cyberfeminist simulations},
  booktitle = {The Gendered Cyborg (Eds. Fiona Hovenden and Linda Janes and Gill Kirkup and Kathryn Woodward)},
  year      = {2013},
  publisher = {Routledge},
  address   = {London, UK}
}

@book{Plumwood1993,
  author    = {Val Plumwood},
  title     = {Feminism and the Mastery of Nature},
  year      = {1993},
  publisher = {Routledge},
  address   = {New York, US}
}

@article{Phillips2020,
  author    = {Mary E. Phillips},
  title     = {Reconnecting with nature: an ecofeminist view of environmental management},
  journal   = {Geographical Research},
  year      = {2020},
  volume    = {58},
  number    = {2},
  pages     = {154--166}
}


@article{Pohle2020,
  author    = {Julia Pohle and Thorsten Thiel},
  title     = {Digital sovereignty},
  journal   = {Internet Policy Review},
  volume    = {9},
  number    = {4},
  year      = {2020}
}

@article{Rakova2023,
  author    = {Bogdana Rakova and Roel Dobbe},
  title     = {Algorithms as social-ecological-technological systems: an environmental justice lens on algorithmic audits},
  journal   = {arXiv preprint arXiv:2305.05733},
  year      = {2023}
}

@misc{Reuters2024,
  author    = {Reuters},
  title     = {Microsoft, {OpenAI} plan \$100 billion data-center project, media report says},
  year      = {2024},
  note       = {Retrieved December 27, 2024 from \url{https://www.reuters.com/technology/microsoft-openai-planning-100-billion-data-center-project-information-reports-2024-03-29/}}
}

@article{Ricaurte2019,
  author    = {Paola Ricaurte},
  title     = {Data Epistemologies, The Coloniality of Power, and Resistance},
  journal   = {Television \& New Media},
  volume    = {20},
  number    = {4},
  pages     = {350-365},
  year      = {2019}
}

@inbook{Romberger2011,
  author    = {Julia E. Romberger},
  title     = {Ecofeminist Ethics and Digital Technology: A Case Study of Microsoft Word},
  booktitle = {Ecofeminism and Rhetoric: Critical Perspectives on Sex, Technology, and Discourse (Eds. D. A. Vakoch)},
  year      = {2011},
  publisher = {Berghahn Books},
  pages     = {117–144}
}

@incollection{Sandoval1995,
  author    = {Chela Sandoval},
  title     = {New Sciences. Cyborg feminism and the methodology of the oppressed},
  booktitle = {The Cyborg Handbook (Eds. Chris H. Grey)},
  year      = {1995},
  publisher = {Routledge},
  address   = {London (UK)}
}

@book{Sandoval2000,
  author    = {Chela Sandoval},
  title     = {The Methodology of the Oppressed},
  year      = {2000},
  publisher = {Duke University Press},
  address   = {Durham (US)}
}

@misc{Sandvine2024,
  author    = {Sandvine},
  title     = {Sandvine’s 2024 Global Internet Phenomena Report: Global Internet Usage Continues to Grow},
  year      = {2024},
  note = {Retrieved January 10, 2025 from \url{https://www.sandvine.com/blog/sandvines-2024-global-internet-phenomena-report-global-internet-usage-continues-to-grow}}
}

@book{Schaffer1999,
  author    = {Kay Schaffer},
  title     = {The Game Girls of VNS Matrix: Challenging Gendered Identities in Cyberspace},
  booktitle = {Virtual Gender: Fantasies of Subjectivity and Embodiment (Eds. Anne O’Farrell and Lynne Vallone)},
  year      = {1999},
  publisher = {University of Michigan Press},
  address   = {Michigan (US)}
}

@article{Selwyn2023,
  author    = {Neil Selwyn},
  title     = {Digital degrowth: toward radically sustainable education technology},
  journal   = {Learning, Media and Technology},
  year      = {2023}
}


@misc{Sherman2024,
  author       = {The BBC},
  title        = {Microsoft Chooses Infamous Nuclear Site for {AI} Power},
note        = {Retrieved December 20, 2024 from \url{https://www.bbc.co.uk/news/articles/cx25v2d7zexo}},
  year         = {2024},
}

@misc{ShivaHerrero2024,
  author    = {Vandana Shiva and Yayo Herrero},
  title     = {Ecofeminist Futures},
  year      = {2024},
  note      = {Keynote at Literal Bookfair: Radical Ideas and Books (Barcelona). Retrieved December 19, 2024 from \url{https://www.youtube.com/watch?v=Pl9VYOWHTss&ab_channel=LITERALIdees%26llibresradicals}}
}

@misc{Statista2024a,
  author       = {Statista},
  year         = {2024},
  title        = {Average household water usage per person per day in England and Wales from 2016 to 2023},
  note          = {Retrieved December 06, 2024 from \url{https://www.statista.com/statistics/1211708/liters-per-day-per-person-water-usage-united-kingdom-uk/}},
}

@misc{Statista2024b,
  author    = {Statista},
  title     = {Volume of data information created, captured, copied, and consumed worldwide from 2010 to 2023, with forecasts from 2024 to 2028},
  year      = {2024},
  note          = {Retrieved December 06, 2024 from \url{https://www.statista.com/statistics/871513/worldwide-data-created/}}
}


@misc{Stein2024,
  author    = {Amy L. Stein},
  title     = {Generative {AI} And Sustainability},
  year      = {2024},
  note      = {Chapter 21, University of Florida Levin College of Law Research Paper Forthcoming. Retrieved December 11, 2024 from \url{http://dx.doi.org/10.2139/ssrn.4935208}}
}

@article{Stenzel2023,
  author    = {Aurel Stenzel and Israel Waichman},
  title     = {Supply-chain data sharing for scope 3 emissions},
  year      = {2023},
  journal   = {Npj Climate Action},
  volume    = {2},
  number    = {7}
}

@article{Strubell2020,
  author    = {Emma Strubell and Ananya Ganesh and Andrew McCallum},
  title     = {Energy and policy considerations for modern deep learning research},
  year      = {2020},
  journal   = {Proceedings of the AAAI Conference on Artificial Intelligence},
  volume    = {34},
  number    = {09},
  pages     = {13693-13696}
}

@book{Sturgeon1997,
  author    = {No{ë}l Sturgeon},
  title     = {Ecofeminist Natures: Race, Gender, Feminist Theory, and Political Action},
  year      = {1997},
  publisher = {Routledge},
  address   = {London (UK)}
}

@misc{Sursiendo2022,
  author    = {Sursiendo},
  title     = {Digital communality: a permaculture ethics perspective},
  year      = {2022},
  note       = {Retrieved January 10, 2025 from \url{https://sursiendo.org/2022/04/digital-communality-a-permaculture-ethics-perspective/}}
}

@book{Taffel2019,
  author    = {Sy Taffel},
  title     = {Digital Media Ecologies: Entanglements of Content, Code and Hardware},
  year      = {2019},
  publisher = {Bloomsbury Publishing},
  address   = {New York (US)}
}

@article{Taffel2021,
  author    = {Sy Taffel},
  title     = {Data and Oil: Metaphor, Materiality and Metabolic Rifts},
  year      = {2021},
  journal   = {New Media \& Society},
  volume    = {25},
  number    = {5},
  pages     = {980-998}
}

@misc{TheConversation2024,
  author    = {The Conversation},
  title     = {Power-hungry {AI} is driving a surge in tech giant carbon emissions. Nobody knows what to do about it},
  year      = {2024},
  note      = {Retrieved January 09, 2025 from \url{https://theconversation.com/power-hungry-ai-is-driving-a-surge-in-tech-giant-carbon-emissions-nobody-knows-what-to-do-about-it-233452}}
}

@misc{TheEuropeanParliament2023,
  author    = {{T}he {E}uropean {P}arliament and {t}he {C}ouncil of the {E}uropean {U}nion},
  title     = {{Directive} ({EU}) 2023/1791 OF {T}he {E}uropean {P}arliament AND OF {T}HE {C}ouncil  of 13 September 2023 on energy efficiency and amending Regulation (EU) 2023/955 (recast)},
  year      = {2023}
}

@misc{TheEuropeanParliament2024,
  author    = {{T}he {E}uropean {P}arliament and of the {C}ouncil},
  title     = {Directive ({EU}) 2024/1760 of the {E}uropean {P}arliamentand of the {C}ouncil of 13 June 2024 on corporate sustainability due diligence and amending Directive (EU) 2019/1937 and Regulation (EU) 2023/2859},
  year      = {2024}
}

@misc{TheNewYorkTimes2021,
  author    = {The New York Times},
  title     = {Drought in Taiwan Pits Chip Makers Against Farmers},
  year      = {2021},
  note      = {Retrieved December 27, 2024 from \url{https://www.nytimes.com/2021/04/08/technology/taiwan-drought-tsmc-semiconductors.html}}
}

@misc{TheRegister2020,
  author    = {The Register},
  title     = {{AI} me to the Moon... Carbon footprint for 'training GPT-3' same as driving to our natural satellite and back},
  year      = {2020},
  note      = {Retrieved January 09, 2025 from \url{https://www.theregister.com/2020/11/04/gpt3_carbon_footprint_estimate/}}
}

@misc{UN2015,
  author    = {UN},
  title     = {Paris Agreement},
  year      = {2015},
  note       = {Retrieved January 09, 2025 from \url{https://unfccc.int/files/essential_background/convention/application/pdf/english_paris_agreement.pdf}}
}

@misc{UN2021,
  author    = {UN},
  title     = {Climate and Weather-Related Disasters Surge Five-Fold Over 50 Years},
  year      = {2021},
  note       = {Retrieved December 23, 2024 from \url{https://news.un.org/en/story/2021/09/1098662}}
}

@article{Valdivia2024a,
  author    = {Valdivia, Ana},
  title     = {The supply chain capitalism of {AI}: a call to (re) think algorithmic harms and resistance through environmental lens},
  year      = {2024},
  journal   = {Information, Communication \& Society},
  pages      = {1--17}
}

@misc{Valdivia2024b,
  author    = {Ana Valdivia},
  title     = {Behind the Algorithmic Code: The Environmental Footprint of {AI}’s Supply Chains},
  year      = {2024},
  note       = {Retrieved December 20, 2024 from \url{https://www.oii.ox.ac.uk/news-events/videos/behind-the-algorithmic-code-the-environmental-footprint-of-ais-supply-chains/}}
}

@article{VanWynsberghe2021,
  author    = {Amy Van Wynsberghe},
  title     = {{Sustainable {AI}}: {AI} for sustainability and the sustainability of {AI}},
  year      = {2021},
  journal   = {AI and Ethics},
  volume    = {1},
  number    = {3},
  pages     = {213-218}
}


@book{VandanaShiva1989,
  author    = {Vandana Shiva},
  title     = {Staying Alive: Women, Ecology, and Survival in {India}},
  year      = {1989},
  publisher = {Zed Books},
  address   = {London (UK)}
}

@article{vanderbauwhede2023frugal,
  title={Frugal Computing--On the need for low-carbon and sustainable computing and the path towards zero-carbon computing},
  author={Vanderbauwhede, Wim},
  journal={arXiv preprint arXiv:2303.06642},
  year={2023}
}

@inbook{Verges2017,
  author    = {{Françoise} {Vergès}},
  title     = {Racial Capitalocene},
  year      = {2017},
  series = {Futures of Black Radicalism (Eds. Gaye Theresa Johnson and Alex Lubin)},
  publisher = {Verso},
  address   = {London (UK)}
}

@book{Verges2021,
  author    = {{Françoise} {Vergès}},
  title     = {A Decolonial Feminism},
  year      = {2021},
  publisher = {Pluto Press},
  address   = {London (UK)}
}

@article{Wang2024,
  author    = {Peng Wang and et al.},
  title     = {E-waste challenges of generative artificial intelligence},
  year      = {2024},
  journal   = {Nature Computational Science},
  pages     = {1-6}
}

@book{Puleo2013,
  author    = {Alicia Puleo},
  title     = {Ecofeminismo para otro mundo posible},
  publisher = {Ediciones {Cátedra}},
  year      = {2013},
  address   = {Madrid, Spain}
}

@book{Wajcman1991,
  author    = {Judy Wajcman},
  title     = {Feminism confronts technology},
  year      = {1991},
  publisher = {Polity Press},
  address   = {Cambridge, UK}
}

@article{Whitehead2015,
  author    = {Beth Whitehead and Deborah Andrews and Amip Shah},
  title     = {The life cycle assessment of a UK data centre},
  journal   = {The International Journal of Life Cycle Assessment},
  volume    = {20},
  pages     = {332--349},
  year      = {2015}
}

@misc{WomenandLifeonEarth1979,
  author    = {Women and Life on Earth},
  title     = {The Unity Statement},
  year      = {1979},
  note = {Retrieved December 06, 2024 from \url{http://www.wloe.org/unity-statement-1980.78.0.html}}
}

@article{petchesky1981antiabortion,
  title={Antiabortion, antifeminism, and the rise of the New Right},
  author={Petchesky, Rosalind Pollack},
  journal={Feminist Studies},
  volume={7},
  number={2},
  pages={206--246},
  year={1981},
  publisher={JSTOR}
}

@misc{rikap2024reclaiming,
  title={Reclaiming digital sovereignty: A roadmap to build a digital stack for people and the planet},
  author={Rikap, Cecilia and Durand, C{\'e}dric and Paran{\'a}, Edemilson and Gerbaudo, Paolo and Marx, Paris},
  note = {Retrieved January 19, 2025 from \url{https://www.ucl.ac.uk/bartlett/public-purpose/sites/bartlett_public_purpose/files/reclaiming-digital-sovereignty.pdf}},
  year={2024}
}

@misc{IndoPacific2024,
  author       = {Australian Strategic Policy Institute},
  title        = {Connecting the {I}ndo-{P}acific: The Future of Subsea Cables and Opportunities for {A}ustralia},
  year         = {2024},
  note          = {Retrieved January 18, 2025 from \url{https://ad-aspi.s3.ap-southeast-2.amazonaws.com/2024-09/Connecting%20the%20Indo-Pacific%20-%20The%20future%20of%20subsea%20cables%20and%20opportunities%20for%20Australia_0.pdf?VersionId=.LcTT0ZYi0Nab6DeTCLgQ8M1a15m42nD}}
}

@misc{ArteEsEtica2023,
  author       = {Arte es Etica},
  title        = {Authorship and Autoencoders},
  year         = {2023},
  note          = {Retrieved January 12, 2025 from \url{https://arteesetica.org/autoria-y-autoencoders/}}
}

@book{Angus2023,
  author       = {Angus, Ian},
  title        = {The War against the Commons: Dispossession and Resistance in the Making of Capitalism},
  year         = {2023},
  publisher    = {Monthly Review Press},
  address      = {London, UK}
}



@article{MyersVipra2025                                      ,
  author    = {Sarah Myers West and Jay Vipra},
  title     = {Complicating the {US}-{C}hina binary: Taiwanese Semiconductor Manufacturing},
  journal   = {Logic(s)},
  volume    = {22},
  pages     = {39--48},
  year      = {2025}
}


@article{nakamura2014indigenous,
  title={Indigenous circuits: Navajo women and the racialization of early electronic manufacture},
  author={Nakamura, Lisa},
  journal={American Quarterly},
  volume={66},
  number={4},
  pages={919--941},
  year={2014},
  publisher={Johns Hopkins University Press}
}