@misc{Canvas,
author = {Canvas},
title = {{Canva}},
howpublished = {\url{https://app.learnplatform.com/marketplace/}},
journal={},
month = {},
year = {},
note = {}
}

@misc{Moveit_breach,
    howpublished ={\url{https://www.infosecurity-magazine.com/news/us-900-schools-breached-moveit/}},
    title = {Almost 900 US Schools Breached Via MOVEit},
    author = {Phil Muncaster},
    journal = {Infosecurity Magazine},
    year={2023},
    urldate = {2024-04-19},
}

@article{russell2018transparencystudentdata,
  title={Transparency and the marketplace for student data},
  author={Russell, N Cameron and Reidenberg, Joel R and Martin, Elizabeth and Norton, Thomas B},
  journal={Va. JL \& Tech.},
  volume={22},
  pages={107},
  year={2018},
  publisher={HeinOnline}
}

@misc{student-data-broker,
    url={https://gizmodo.com/remote-learning-data-brokers-privacy-1848975202},
    year={2022},
    title = {Remote Learning Software Tracked Kidsâ€™ Data to Sell to Brokers},
    author={Barr, Kyle}
}

@article{zeide2015student,
  title={Student privacy principles for the age of big data: Moving beyond FERPA and FIPPS},
  author={Zeide, Elana},
  journal={Drexel L. Rev.},
  volume={8},
  pages={339},
  year={2015},
  publisher={HeinOnline}
}

