@article{emerson2015convenience,
  title={Convenience sampling, random sampling, and snowball sampling: How does sampling affect the validity of research?},
  author={Emerson, Robert Wall},
  journal={Journal of visual impairment \& blindness},
  volume={109},
  number={2},
  pages={164--168},
  year={2015},
  publisher={SAGE Publications Sage CA: Los Angeles, CA}
}

@inproceedings{rootkit,
author = {Dorner, Christoph and Klausner, Lukas Daniel},
title = {If It Looks Like a Rootkit and Deceives Like a Rootkit: A Critical Examination of Kernel-Level Anti-Cheat Systems},
year = {2024},
isbn = {9798400717185},
publisher = {Association for Computing Machinery},
address = {New York, NY, USA},
url = {https://doi.org/10.1145/3664476.3670433},
doi = {10.1145/3664476.3670433},
booktitle = {Proceedings of the 19th International Conference on Availability, Reliability and Security},
articleno = {62},
numpages = {11},
}

@misc{maxqda,
author = {MAXQDA},
title = {{MAXQDA}},
howpublished = {\url{https://www.maxqda.com/}},
journal={},
month = {},
year = {},
note = {}
}
@misc{wiki_edtech,
author = {Wikipedia},
title = {{Educational technology}},
howpublished = {\url{https://en.wikipedia.org/wiki/Educational_technology/}},
journal={},
month = {},
year ={},
urldate = {2024-04-19}
}


@misc{num_schools,
title={Educational Institutions},
howpublished = {\url{ https://nces.ed.gov/fastfacts/display.asp?id=1122}},
year={2022}
}

@misc{EDUCAUSE,
howpublished={\url{https://www.educause.edu/about}},
year ={}
}

@misc{Soc,
howpublished={\url{https://online.utulsa.edu/blog/what-is-soc-2-compliance/}},
title ={What Is SOC 2 Compliance, and Why Is It Important?},
author = {University of Tulsa},
year = {2024}
}

@misc{Ren-ISAC,
howpublished = {\url{https://www.ren-isac.net/public-resources/hecvat.html}},
title={Higher Education Community Vendor Assessment Tool},
year ={}
}

@article{mchugh2012interrater,
  title={Interrater reliability: the kappa statistic},
  author={McHugh, Mary L},
  journal={Biochemia medica},
  volume={22},
  number={3},
  pages={276--282},
  year={2012},
  publisher={Medicinska naklada}
}

@article{thabane2010tutorial,
  title={A tutorial on pilot studies: the what, why and how},
  author={Thabane, Lehana and Ma, Jinhui and Chu, Rong and Cheng, Ji and Ismaila, Afisi and Rios, Lorena P and Robson, Reid and Thabane, Marroon and Giangregorio, Lora and Goldsmith, Charles H},
  journal={BMC medical research methodology},
  volume={10},
  pages={1--10},
  year={2010},
  publisher={Springer}
}

@article{FTC-AI,
    title = {AI (and other) Companies: Quietly Changing Your Terms of Service Could Be Unfair or Deceptive},
    author = {Staff in the Office of Technology and The Division of Privacy and Identity Protection},
    url={https://www.ftc.gov/policy/advocacy-research/tech-at-ftc/2024/02/ai-other-companies-quietly-changing-your-terms-service-could-be-unfair-or-deceptive},
    journal = {},
    year = {2024}
}

@misc{microsoft,
    title = {Global Threat Activity},
    publisher = {Microsoft},
    url = {https://www.microsoft.com/en-us/wdsi/threats},
    howpublished = {\url{https://www.microsoft.com/en-us/wdsi/threats}},
    year ={},
    note = {}
}

@book{mack2005qualitative,
  title={Qualitative research methods},
  author={Mack, Natasha and Woodsong, Cynthia and MacQueen, Kathleen M and Guest, Greg},
  year={2005},
  publisher={Family Health International}
}

@article{goodman1961snowball,
  title={Snowball sampling},
  author={Goodman, Leo A},
  journal={The annals of mathematical statistics},
  pages={148--170},
  year={1961},
  publisher={JSTOR}
}

@article{fusch2015we,
  title={Are we there yet? Data saturation in qualitative research},
  author={Fusch Ph D, Patricia I and Ness, Lawrence R},
  year={2015}
}

@article{braun2022conceptual,
  title={Conceptual and design thinking for thematic analysis.},
  author={Braun, Virginia and Clarke, Victoria},
  journal={Qualitative psychology},
  volume={9},
  number={1},
  pages={3},
  year={2022},
  publisher={Educational Publishing Foundation}
}

@article{leung2015validity,
  title={Validity, reliability, and generalizability in qualitative research},
  author={Leung, Lawrence},
  journal={Journal of family medicine and primary care},
  volume={4},
  number={3},
  pages={324--327},
  year={2015},
  publisher={Medknow}
}

@article{voigt2017eu,
  title={The eu general data protection regulation (gdpr)},
  author={Voigt, Paul and Von dem Bussche, Axel},
  journal={A Practical Guide, 1st Ed., Cham: Springer International Publishing},
  volume={10},
  number={3152676},
  pages={10--5555},
  year={2017},
  publisher={Springer}
}

@article{FGDPR,
    author = {Halawi, Leila  and Makwana, Alpesh},
    title = {The GDPR and UK GDPR and its impact on US academic
institutions},
    journal = {Issues in Information Systems},
    volume={24},
    year = {2023}
}

@misc{BIG10,
    howpublished={\url{https://btaa.org/}},
    year ={},
    title = {Big Ten Academic Alliance}
}

@misc{UC,
    howpublished ={\url{https://security.ucop.edu/resources/infosec-council.html}},
    year ={},
    title = {UC Information Security Council (ISC)}
}

@misc{NIST-PF,
    howpublished ={\url{https://www.nist.gov/privacy-framework/privacy-framework}},
    year ={},
    title = {NIST Privacy Framework}
}

@misc{uni_attack,
    howpublished ={\url{https://www.upguard.com/blog/top-cybersecurity-problems-for-universities-colleges}},
    title = {The State of University Cybersecurity: 3 Major Problems in 2024},
    author = {Edward Kost},
    year = {2024},
    journal = {UpGuard}
}


@article{mcdonald2019reliability,
  title={Reliability and inter-rater reliability in qualitative research: Norms and guidelines for CSCW and HCI practice},
  author={McDonald, Nora and Schoenebeck, Sarita and Forte, Andrea},
  journal={Proceedings of the ACM on human-computer interaction},
  volume={3},
  number={CSCW},
  pages={1--23},
  year={2019},
  publisher={ACM New York, NY, USA}
}

@misc{edtech_breach_article,
    howpublished ={\url{https://digitalwatchdog.org/edtech-data-breach-emphasizes-need-for-bolstered-data-privacy-and-security-protections/}},
    title = {EdTech Data Breach Emphasizes Need for Bolstered Data Privacy and Security Protections},
    author = {Alex Psilakis},
    year ={},
    journal = {IDAC}
}


@misc{state-laws,
    howpublished ={\url{https://studentprivacycompass.org/state-laws/}},
    title = {State Student Privacy Laws},
    author = {Student Privacy Compass},
    urldate = {2024-04-19},
    year={2024}
}
@misc{WSU_breach,
    howpublished ={\url{https://news.wsu.edu/news/2023/07/11/third-party-data-breach-impacts-wsu-community-members/}},
    title = {Third-party data breach impacts WSU community},
    author = {RJ Wolcott},
    journal = {WSU Insider},
    urldate = {2024-04-19},
    year={2023}
}
@misc{Moveit_breach,
    howpublished ={\url{https://www.infosecurity-magazine.com/news/us-900-schools-breached-moveit/}},
    title = {Almost 900 US Schools Breached Via MOVEit},
    author = {Phil Muncaster},
    journal = {Infosecurity Magazine},
    year={2023},
    urldate = {2024-04-19},
}

@misc{hipaa,
    howpublished ={\url{https://en.wikipedia.org/wiki/Health_Insurance_Portability_and_Accountability_Act}},
    title = {Health Insurance Portability and Accountability Act},
    author = {Wikipedia},
    year={2024},
    urldate = {2024-04-19},
}
@misc{breach-stat,
    howpublished ={\url{https://www.highereddive.com/news/data-breaches-cost-higher-education-colleges/689499/
}},
    title = {Data breaches cost higher education and training organizations \$3.7M on average in 2023},
    author = {Natalie Schwartz},
    year={2023},
    urldate = {2024-04-19},
}

@inproceedings {balash2023educators,
author = {David G. Balash and Elena Korkes and Miles Grant and Adam J. Aviv and Rahel A. Fainchtein and Micah Sherr},
title = {{Educators{\textquoteright}} Perspectives of Using (or Not Using) Online Exam Proctoring},
booktitle = {32nd USENIX Security Symposium (USENIX Security 23)},
year = {2023},
isbn = {978-1-939133-37-3},
address = {Anaheim, CA},
pages = {5091--5108},
url = {https://www.usenix.org/conference/usenixsecurity23/presentation/balash},
publisher = {USENIX Association},
month = aug
}

@inproceedings{examining-examiners,
author = {David G. Balash and Dongkun Kim and Darika Shaibekova and Rahel A. Fainchtein and Micah Sherr and Adam J. Aviv},
title = {Examining the Examiners: Students{\textquoteright} Privacy and Security Perceptions of Online Proctoring Services},
booktitle = {Seventeenth Symposium on Usable Privacy and Security (SOUPS 2021)},
year = {2021},
isbn = {978-1-939133-25-0},
pages = {633--652},
url = {https://www.usenix.org/conference/soups2021/presentation/balash},
publisher = {USENIX Association},
month = aug
}
@inproceedings {cohney2021virtual,
author = {Shaanan Cohney and Ross Teixeira and Anne Kohlbrenner and Arvind Narayanan and Mihir Kshirsagar and Yan Shvartzshnaider and Madelyn Sanfilippo},
title = {Virtual Classrooms and Real Harms: Remote Learning at {U.S}. Universities},
booktitle = {Seventeenth Symposium on Usable Privacy and Security (SOUPS 2021)},
year = {2021},
isbn = {978-1-939133-25-0},
pages = {653--674},
url = {https://www.usenix.org/conference/soups2021/presentation/cohney},
publisher = {USENIX Association},
month = aug
}

@misc{hecvat,
    howpublished ={\url{https://library.educause.edu/resources/2020/4/higher-education-community-vendor-assessment-toolkit}},
    title = {Higher Education Community Vendor Assessment Toolkit},
    author = {EDUCause},
    year={2024},
    urldate = {2024-04-19},
}

@misc{ferpa,
    howpublished ={\url{https://www2.ed.gov/policy/gen/guid/fpco/ferpa/index.html}},
    title = {{Family Educational Rights and Privacy Act (FERPA)}},
    year ={},
    author = {{US Department of Education}},
    urldate = {2024-04-19},
}

@misc{canvas-data,
    howpublished ={\url{https://www.edsurge.com/news/2020-01-17-as-instructure-changes-ownership-academics-worry-whether-student-data-will-be-protected/}},
    title = {{As Instructure Changes Ownership, Academics Worry Whether Student Data Will Be Protected}},
    author = {Jeffrey R Young},
    year={2020},
    urldate = {2024-04-19},
}
@misc{canvas-la,
    howpublished ={\url{https://www.instructure.com/highereducation/solutions/data-analytics}},
    title = {{As Instructure Changes Ownership, Academics Worry Whether Student Data Will Be Protected}},
    author = {Instructure},
    year={2024},
    urldate = {2024-04-19},
}

@article{privacy-attacks-ml-survey,
  title={A survey of privacy attacks in machine learning},
  author={Rigaki, Maria and Garcia, Sebastian},
  journal={ACM Computing Surveys},
  volume={56},
  number={4},
  pages={1--34},
  year={2023},
  publisher={ACM New York, NY}
}

@misc{sopipa,
    howpublished ={\url{https://www.commonsensemedia.org/kids-action/about-us/our-issues/digital-life/sopipa}},
    title = {Student Online Personal Information Protection Act (SOPIPA)},
    author = {Common Sense},
    year={2024},
    urldate = {2024-04-19},
}



@article{russell2018transparencystudentdata,
  title={Transparency and the marketplace for student data},
  author={Russell, N Cameron and Reidenberg, Joel R and Martin, Elizabeth and Norton, Thomas B},
  journal={Va. JL \& Tech.},
  volume={22},
  pages={107},
  year={2018},
  publisher={HeinOnline}
}
@article{compulsory-tech-adoption,
author = {Walker, Kristen L. and Bodendorf, Kiya and Kiesler, Tina and de Mattos, Georgie and Rostom, Mark and Elkordy, Amr},
title = {Compulsory technology adoption and adaptation in education: A looming student privacy problem},
journal = {Journal of Consumer Affairs},
volume = {57},
number = {1},
pages = {445-478},
keywords = {K-12 education, technology adoption, student privacy, privacy-security chasm},
doi = {https://doi.org/10.1111/joca.12506},
url = {https://onlinelibrary.wiley.com/doi/abs/10.1111/joca.12506},
eprint = {https://onlinelibrary.wiley.com/doi/pdf/10.1111/joca.12506},
year = {2023}
}

@article{jones2019learning,
  title={Learning analytics and higher education: a proposed model for establishing informed consent mechanisms to promote student privacy and autonomy},
  author={Jones, Kyle ML},
  journal={International Journal of Educational Technology in Higher Education},
  volume={16},
  number={1},
  pages={1--22},
  year={2019},
  publisher={Springer}
}
@article{zeide2015student,
  title={Student privacy principles for the age of big data: Moving beyond FERPA and FIPPS},
  author={Zeide, Elana},
  journal={Drexel L. Rev.},
  volume={8},
  pages={339},
  year={2015},
  publisher={HeinOnline}
}


@phdthesis{abbott2020gatekeepers,
  title={Gatekeepers of Student Data: A Comparative Case Study of Requests for Student Data at Decentralized Research Universities},
  author={Abbott, Heather},
  year={2020},
  school={Northeastern University}
}
@article{adoption,
  title={Understanding academics' adoption of learning technologies: A systematic review},
  author={Liu, Qian and Geertshuis, Susan and Grainger, Rebacca},
  journal={Computers & Education},
  volume={151},
  year={2020},
}


@article{kyritsi2019pursuit,
  title={The Pursuit of Patterns in Educational Data Mining as a Threat to Student Privacy.},
  author={Kyritsi, Kyriaki H and Zorkadis, Vasilios and Stavropoulos, Elias C and Verykios, Vassilios S},
  journal={Journal of Interactive Media in Education},
  volume={2019},
  number={1},
  year={2019},
  publisher={ERIC}
}

@misc{gdpr,
    howpublished ={\url{https://gdpr-info.eu/}},
    title = {General Data Protection Regulation},
    author = {},
    year={2024},
}

@inproceedings{caine2016local,
  title={Local standards for sample size at CHI},
  author={Caine, Kelly},
  booktitle={Proceedings of the 2016 CHI conference on human factors in computing systems},
  pages={981--992},
  year={2016}
}
@article{o2020intercoder,
  title={Intercoder reliability in qualitative research: debates and practical guidelines},
  author={O’Connor, Cliodhna and Joffe, Helene},
  journal={International journal of qualitative methods},
  volume={19},
  pages={1609406919899220},
  year={2020},
  publisher={SAGE Publications Sage CA: Los Angeles, CA}
}
@misc{PF,
    howpublished ={\url{https://www.law.du.edu/content/the-privacy-foundation}},
    title = {The Privacy Foundation},
    author = {},
    year={2022},
}

@article{loopholes,
  title={Big Tech Makes Big Data Out of Your Child: The FERPA Loophole EdTech Exploits to Monetize Student DataEdTech Exploits to Monetize Student Data},
  author={Rhoades, Amy},
  journal={American University Business Law Review},
  volume={9},
  year={2020},
}