x@article{G77chance,
 author = {Allan Gibbard},
 journal = {Econometrica},
 number = {3},
 pages = {665--681},
 title = {Manipulation of Schemes that Mix Voting with Chance},
 volume = {45},
 year = {1977}
}

@book{arrow1951,
  author    = {Kenneth J. Arrow},
  title     = {Social Choice and Individual Values},
  publisher = {John Wiley \& Sons},
  year      = {1951},
  edition   = {2nd Edition, 1963}
}

@article{Gib73,
	Author = {Allan Gibbard},
	Journal = {Econometrica},
	Number = {4},
	Optmonth = {July},
	Pages = {587-602},
	Title = {Manipulation of Voting Schemes: A General Result},
	Volume = {41},
	Year = {1973}
}
@article{abdulkadirouglu2003ordinal,
  title={Ordinal efficiency and dominated sets of assignments},
  author={Abdulkadiro{\u{g}}lu, Atila and S{\"o}nmez, Tayfun},
  journal={Journal of Economic Theory},
  volume={112},
  number={1},
  pages={157--172},
  year={2003},
  publisher={Elsevier}
}


@article{abdulkadirouglu2003school,
  title={School choice: A mechanism design approach},
  author={Abdulkadiro{\u{g}}lu, Atila and S{\"o}nmez, Tayfun},
  journal={American Economic Review},
  volume={93},
  number={3},
  pages={729--747},
  year={2003},
  publisher={American Economic Association}
}

@article{bogomolnaia2001,
  author    = {Anna Bogomolnaia and Herv{\'e} Moulin},
  title     = {A New Solution to the Random Assignment Problem},
  journal   = {Journal of Economic Theory},
  volume    = {100},
  number    = {2},
  year      = {2001},
  pages     = {295--328}
}

@article{hylland1979efficient,
  title={The efficient allocation of individuals to positions},
  author={Hylland, Aanund and Zeckhauser, Richard},
  journal={Journal of Political Economy},
  volume={87},
  number={2},
  pages={293--314},
  year={1979},
  publisher={The University of Chicago Press}
}

@article{steinhaus1948problem,
  title={The problem of fair division},
  author={Steinhaus, Hugo},
  journal={Econometrica},
  volume={16},
  pages={101--104},
  year={1948}
}

@article{fishburn1972lotteries,
  title={Lotteries and social choices},
  author={Fishburn, Peter C},
  journal={Journal of Economic Theory},
  volume={5},
  number={2},
  pages={189--207},
  year={1972},
  publisher={Elsevier}
}

@book{foley1966resource,
  title={Resource allocation and the public sector},
  author={Foley, Duncan Karl},
  year={1966},
  publisher={Yale University}
}

@article{varian1973equity,
  title={Equity, envy, and efficiency},
  author={Varian, Hal R},
  year={1973},
  publisher={[Cambridge, MIT]}
}


@inproceedings{procaccia2010,
  author    = {Ariel D. Procaccia},
  title     = {Can Approximation Circumvent Gibbard-Satterthwaite?},
  booktitle = {Proceedings of the 26th Conference on Uncertainty in Artificial Intelligence (UAI)},
  year      = {2010},
  pages     = {597--606}
}
@article{Sat75,
	Author = {Mark Allen Satterthwaite},
	Journal = {Journal of Economic Theory},
	Number = {2},
	Optmonth = {April},
	Pages = {187-217},
	Title = {Strategy-proofness and {A}rrow's conditions: Existence and correspondence theorems for voting procedures and social welfare functions},
	Volume = {10},
	Year = {1975}
}

@incollection{b17,
  title={Rolling the dice: Recent results in probabilistic social choice},
  author={Brandt, Felix},
  booktitle={Trends in Computational Social Choice},
  editor = {Ulle Endriss},
  pages={3--26},
  year={2017},
  publisher={AI Access}
}

@article{a18,
  title={On the tradeoff between efficiency and strategyproofness},
  author={Aziz, Haris and Brandl, Florian and Brandt, Felix and Brill, Markus},
  journal={Games and Economic Behavior},
  volume={110},
  pages={1--18},
  year={2018},
  publisher={Elsevier}
}
@inproceedings{babaioff2022best,
  title={On best-of-both-worlds fair-share allocations},
  author={Babaioff, Moshe and Ezra, Tomer and Feige, Uriel},
  booktitle={Proceedings of the 18th International Conference on Web and Internet Economics (WINE)},
  pages={237--255},
  year={2022},
  organization={Springer}
}

@article{aziz2024best,
  title={Best of both worlds: Ex ante and ex post fairness in resource allocation},
  author={Aziz, Haris and Freeman, Rupert and Shah, Nisarg and Vaish, Rohit},
  journal={Operations Research},
  volume={72},
  number={4},
  pages={1674--1688},
  year={2024},
  publisher={INFORMS}
}

@article{kuhn1955hungarian,
  title={The Hungarian method for the assignment problem},
  author={Kuhn, Harold W},
  journal={Naval research logistics quarterly},
  volume={2},
  number={1-2},
  pages={83--97},
  year={1955},
  publisher={Wiley Online Library}
}

@article{CFKV20j,
title = "Stable fractional matchings",
journal = "Artificial Intelligence",
pages = "103416",
year = "2020",
issn = "0004-3702",
author = "Ioannis Caragiannis and Aris Filos-Ratsikas and Panagiotis Kanellopoulos and Rohit Vaish"
}

@article{gusfield1987three,
  title={Three fast algorithms for four problems in stable marriage},
  author={Gusfield, Dan},
  journal={SIAM Journal on Computing},
  volume={16},
  number={1},
  pages={111--128},
  year={1987},
  publisher={SIAM}
}

@article{irving1987efficient,
  title={An efficient algorithm for the “optimal” stable marriage},
  author={Irving, Robert W and Leather, Paul and Gusfield, Dan},
  journal={Journal of the ACM (JACM)},
  volume={34},
  number={3},
  pages={532--543},
  year={1987},
  publisher={ACM New York, NY, USA}
}

@article{kojima2009incentives,
  title={Incentives and stability in large two-sided matching markets},
  author={Kojima, Fuhito and Pathak, Parag A},
  journal={American Economic Review},
  volume={99},
  number={3},
  pages={608--627},
  year={2009},
  publisher={American Economic Association}
}

@article{intriligator1973probabilistic,
  title={A probabilistic model of social choice},
  author={Intriligator, Michael D},
  journal={The Review of Economic Studies},
  volume={40},
  number={4},
  pages={553--560},
  year={1973},
  publisher={Wiley-Blackwell}
}

@inproceedings{iwama2008survey,
  title={A survey of the stable marriage problem and its variants},
  author={Iwama, Kazuo and Miyazaki, Shuichi},
  booktitle={International conference on informatics education and research for knowledge-circulating society (ICKS 2008)},
  pages={131--136},
  year={2008},
  organization={IEEE}
}


@article{fleiner2007efficient,
  title={Efficient algorithms for generalized stable marriage and roommates problems},
  author={Fleiner, Tam{\'a}s and Irving, Robert W and Manlove, David F},
  journal={Theoretical computer science},
  volume={381},
  number={1-3},
  pages={162--176},
  year={2007},
  publisher={Elsevier}
}
%%%%%%%%%%%%%
@article{chen2020fractional,
  title={Fractional Matchings under Preferences: Stability and Optimality},
  author={Chen, Jiehua and Roy, Sanjukta and Sorge, Manuel},
  booktitle={30th International Joint Conference on Artificial Intelligence, IJCAI 2021},
  pages={89--95},
  year={2021},
  organization={International Joint Conferences on Artificial Intelligence}
}

@inproceedings{CFKV19,
  title = {Stable Fractional Matchings},
  booktitle = {Proceedings of the 2019 {ACM} Conference on Economics and Computation},
  author = {Caragiannis, Ioannis and Filos-Ratsikas, Aris and Kanellopoulos, Panagiotis and Vaish, Rohit},
  year = {2019},
  pages = {21--39},
  publisher = {Association for Computing Machinery}
}


@book{GJ79,
  title = {Computers and Intractability: {A} Guide to the Theory of {NP}-Completeness},
  author = {Garey, M. R. and Johnson, David S.},
  year = {1979},
  publisher = {W. H. Freeman}
}
@article{ BiroCechFleiner08stablehalfmatchings,
title    = {The dynamics of stable matchings and half-matchings for the stable marriage and roommates problems},
author   = {P{\'e}ter Bir{\'o} and Katarina Cechl{\'a}rova and Tam{\'a}s Fleiner},
year     = 2008,
pages    = {333--352},
journal  = {International Journal of Game Theory},
volume   = 36,
number   = 3 
}

@article{ AF03Scarfs,
 title = {On a lemma of {S}carf},
 author = {Ron Aharoni and Tam{\'a}s Fleiner},
 year = 2003,
 journal = {Journal of Combinatorial Theory, Series B},
 volume = {87},
 pages = {72--80}
}

@inproceedings{caragiannis2021interim,
  title={On interim envy-free allocation lotteries},
  author={Caragiannis, Ioannis and Kanellopoulos, Panagiotis and Kyropoulou, Maria},
  booktitle={Proceedings of the 22nd ACM Conference on Economics and Computation},
  pages={264--284},
  year={2021}
}



@article{ Irving1985,
  author    = {Robert W. Irving},
  title     = {An Efficient Algorithm for the `Stable Roommates' Problem},
  journal   = {Journal of Algorithms},
  journal-short   = {Journal of Algorithms},
  volume    = {6},
  number    = {4},
  pages     = {577--595},
  year      = {1985}
}


@article{GaleShapley1962,
  author    = {Gale, David and Shapley, Lloyd S},
  title     = {College Admissions and the Stability of Marriage},
  journal   = {The American Mathematical Monthly},
  volume    = {120},
  number    = {5},
  pages     = {386--391},
  year      = {1962}
}



@article{ Feder1994,
  author    = {Tom{\'{a}}s Feder},
  title     = {Network Flow and 2-Satisfiability},
  journal   = {Algorithmica},
  volume    = {11},
  number    = {3},
  pages     = {291--319},
  year      = {1994}
}


@book{ GusfieldIrving1989,
  author-short    = {D. Gusfield and
               R.W. Irving},
  author    = {Dan Gusfield and
               Robert W. Irving},
  title     = {The Stable Marriage Problem--{S}tructure and Algorithms},
  series    = {Foundations of Computing Series},
  publisher = {{MIT} Press},
  year      = {1989},
  xisbn      = {978-0-262-07118-5},
  timestamp = {Tue, 12 Apr 2011 15:08:30 +0200},
  biburl    = {http://dblp.uni-trier.de/rec/bib/books/daglib/0066875},
  bibsource = {dblp computer science bibliography, http://dblp.org}
}

@book{Manlove2013,
  author-long   = {David F. Manlove},
  author    = {David F. Manlove},
  title     = {Algorithmics of Matching Under Preferences},
  series    = {Series on Theoretical Computer Science},
  volume    = {2},
  publisher = {World Scientific},
  year      = {2013}
}

@article{ MaIrIwMiMo2002,
  author    = {D. Manlove and
               R.W. Irving and
               K. Iwama and
               S. Miyazaki and
               Y. Morita},
  author-long    = {David Manlove and
               Robert W. Irving and
               Kazuo Iwama and
               Shuichi Miyazaki and
               Yasufumi Morita},
  title     = {Hard variants of stable marriage},
  journal   = journal-tcs,
  volume    = {276},
  number    = {1-2},
  pages     = {261--279},
  year      = {2002}
}

@article{ Gusfield1987,
  author    = {Dan Gusfield},
  title     = {Three Fast Algorithms for Four Problems in Stable Marriage},
  journal={SIAM Journal on Computing},
  volume={16},
  number    = {1},
  pages     = {111--128},
  year      = {1987}
}

@article{mcvitie1971stable,
  title={The stable marriage problem},
  author={McVitie, David G and Wilson, Leslie B},
  journal={Communications of the ACM},
  volume={14},
  number={7},
  pages={486--490},
  year={1971},
  publisher={ACM New York, NY, USA}
}

@article{aziz_random_2019,
  title = {Random matching under priorities: {Stability} and no envy concepts},
  author = {Aziz, Haris and Klaus, Bettina},
  year = {2019},
  volume = {53},
  pages = {213--259},
  journal = {Social Choice and Welfare},
  number = {2},
}

@article{aziz2019probabilistic,
  title={A probabilistic approach to voting, allocation, matching, and coalition formation},
  author={Aziz, Haris},
  journal={The Future of Economic Design},
  pages={45--50},
  year={2019},
  publisher={Springer}
}


@book{horn_topics_1991,
  title = {Topics in Matrix Analysis},
  author = {Horn, Roger A. and Johnson, Charles R.},
  year = {1991},
  publisher = {Cambridge University Press},
}



@article{abeledo_stable_1994,
  title = {Stable matchings and linear inequalities},
  author = {Abeledo, Hern{\'a}n G. and Rothblum, Uriel G.},
  year = {1994},
  volume = {54},
  pages = {1--27},
  journal = {Discrete Applied Mathematics},
  number = {1},
}

@article{r82,
  title={The economics of matching: Stability and incentives},
  author={Roth, Alvin E},
  journal={Mathematics of Operations Research},
  volume={7},
  number={4},
  pages={617--628},
  year={1982},
  publisher={INFORMS}
}
@article{ RothRothblumVate1993lsm-lattice,
	title = {Stable Matchings, Optimal Assignments, and Linear Programming},
	volume = {18},
	xurl = {http://www.jstor.org/stable/3690124},
	number = {4},
	journal = {Mathematics of Operations Research},
	author = {Roth, Alvin E. and Rothblum, Uriel G. and Vate, John H. Vande},
	year = {1993},
	pages = {803--828}
}
@article{vandevate_linear_1989,
  title = {Linear programming brings marital bliss},
  author = {Vande Vate, John H.},
  year = {1989},
  volume = {8},
  pages = {147--153},
  journal = {Operations Research Letters},
  number = {3},
}

@article{teo1998geometry,
  title={The geometry of fractional stable matchings and its applications},
  author={Teo, Chung-Piaw and Sethuraman, Jay},
  journal={Mathematics of Operations Research},
  volume={23},
  number={4},
  pages={874--891},
  year={1998},
  publisher={INFORMS}
}

@article{ KiPRST2013osmhypegraphic,
  author    = {Shiva Kintali and
               Laura J. Poplawski and
               Rajmohan Rajaraman and
               Ravi Sundaram and
               Shang{-}Hua Teng},
  title     = {Reducibility among Fractional Stability Problems},
  journal={SIAM Journal on Computing},
  volume    = {42},
  number    = {6},
  pages     = {2063--2113},
  year      = {2013}
}

@inproceedings{ IK2018osm-hypergraphic,
  author    = {Takashi Ishizuka and
               Naoyuki Kamiyama},
  title     = {On the Complexity of Stable Fractional Hypergraph Matching},
  booktitle = {Proceedings of the 29th International Symposium on Algorithms and Computation ({ISAAC})},
  series    = {LIPIcs},
  volume    = {123},
  pages     = {11:1--11:12},
  year      = {2018}
}






@book{newman_networks_2010,
  title = {Networks: {A}n Introduction},
  author = {Newman, Mark},
  year = {2010},
  publisher = {Oxford University Press}
}




@article{dogan_efficiency_2016,
  title = {Efficiency and stability of probabilistic assignments in marriage problems},
  author = {Do{\u g}an, Battal and Y{\i}ld{\i}z, Kemal},
  year = {2016},
  volume = {95},
  pages = {47--58},
  journal = {Games and Economic Behavior},
}
  
@article{manjunath2013stability,
  title={Stability and the core of probabilistic marriage problems},
  author={Manjunath, Vikram},
  journal={Available at SSRN 1809941},
  year={2013}
}

@article{manjunath2014markets,
  title={Markets for fractional partnerships},
  author={Manjunath, Vikram},
  journal={Available at SSRN},
  year={2014},
  publisher={Citeseer}
}

@article{ KU2015,
  title = {A theory of school‐choice lotteries},
  author = {Onur Kesten and M. Utku {\"U}nver},
  year = 2015,
  pages = {543--595},
  journal = {Theoretical Economics},
  volume = {10},
  number = 2
}

@article{zeckhauser1969majority,
  title={Majority rule with lotteries on alternatives},
  author={Zeckhauser, Richard},
  journal={The Quarterly Journal of Economics},
  volume={83},
  number={4},
  pages={696--703},
  year={1969},
  publisher={MIT Press}
}


@article{alkan2003stable,
  title={Stable schedule matching under revealed preference},
  author={Alkan, Ahmet and Gale, David},
  journal={Journal of Economic Theory},
  volume={112},
  number={2},
  pages={289--306},
  year={2003},
  publisher={Elsevier}
}


@inproceedings{vaish2017manipulating,
  title={Manipulating Gale-Shapley Algorithm: Preserving Stability and Remaining Inconspicuous.},
  author={Vaish, Rohit and Garg, Dinesh},
  booktitle={IJCAI},
  pages={437--443},
  year={2017}
}