@article{CFKV20j,
title = "Stable fractional matchings",
journal = "Artificial Intelligence",
pages = "103416",
year = "2020",
issn = "0004-3702",
author = "Ioannis Caragiannis and Aris Filos-Ratsikas and Panagiotis Kanellopoulos and Rohit Vaish"
}

@article{Gib73,
	Author = {Allan Gibbard},
	Journal = {Econometrica},
	Number = {4},
	Optmonth = {July},
	Pages = {587-602},
	Title = {Manipulation of Voting Schemes: A General Result},
	Volume = {41},
	Year = {1973}
}

@article{Sat75,
	Author = {Mark Allen Satterthwaite},
	Journal = {Journal of Economic Theory},
	Number = {2},
	Optmonth = {April},
	Pages = {187-217},
	Title = {Strategy-proofness and {A}rrow's conditions: Existence and correspondence theorems for voting procedures and social welfare functions},
	Volume = {10},
	Year = {1975}
}

@article{a18,
  title={On the tradeoff between efficiency and strategyproofness},
  author={Aziz, Haris and Brandl, Florian and Brandt, Felix and Brill, Markus},
  journal={Games and Economic Behavior},
  volume={110},
  pages={1--18},
  year={2018},
  publisher={Elsevier}
}

@article{abdulkadirouglu2003ordinal,
  title={Ordinal efficiency and dominated sets of assignments},
  author={Abdulkadiro{\u{g}}lu, Atila and S{\"o}nmez, Tayfun},
  journal={Journal of Economic Theory},
  volume={112},
  number={1},
  pages={157--172},
  year={2003},
  publisher={Elsevier}
}

@article{abdulkadirouglu2003school,
  title={School choice: A mechanism design approach},
  author={Abdulkadiro{\u{g}}lu, Atila and S{\"o}nmez, Tayfun},
  journal={American Economic Review},
  volume={93},
  number={3},
  pages={729--747},
  year={2003},
  publisher={American Economic Association}
}

@article{abeledo_stable_1994,
  title = {Stable matchings and linear inequalities},
  author = {Abeledo, Hern{\'a}n G. and Rothblum, Uriel G.},
  year = {1994},
  volume = {54},
  pages = {1--27},
  journal = {Discrete Applied Mathematics},
  number = {1},
}

@article{alkan2003stable,
  title={Stable schedule matching under revealed preference},
  author={Alkan, Ahmet and Gale, David},
  journal={Journal of Economic Theory},
  volume={112},
  number={2},
  pages={289--306},
  year={2003},
  publisher={Elsevier}
}

@book{arrow1951,
  author    = {Kenneth J. Arrow},
  title     = {Social Choice and Individual Values},
  publisher = {John Wiley \& Sons},
  year      = {1951},
  edition   = {2nd Edition, 1963}
}

@article{aziz2019probabilistic,
  title={A probabilistic approach to voting, allocation, matching, and coalition formation},
  author={Aziz, Haris},
  journal={The Future of Economic Design},
  pages={45--50},
  year={2019},
  publisher={Springer}
}

@article{aziz2024best,
  title={Best of both worlds: Ex ante and ex post fairness in resource allocation},
  author={Aziz, Haris and Freeman, Rupert and Shah, Nisarg and Vaish, Rohit},
  journal={Operations Research},
  volume={72},
  number={4},
  pages={1674--1688},
  year={2024},
  publisher={INFORMS}
}

@article{aziz_random_2019,
  title = {Random matching under priorities: {Stability} and no envy concepts},
  author = {Aziz, Haris and Klaus, Bettina},
  year = {2019},
  volume = {53},
  pages = {213--259},
  journal = {Social Choice and Welfare},
  number = {2},
}

@inproceedings{babaioff2022best,
  title={On best-of-both-worlds fair-share allocations},
  author={Babaioff, Moshe and Ezra, Tomer and Feige, Uriel},
  booktitle={Proceedings of the 18th International Conference on Web and Internet Economics (WINE)},
  pages={237--255},
  year={2022},
  organization={Springer}
}

@article{bogomolnaia2001,
  author    = {Anna Bogomolnaia and Herv{\'e} Moulin},
  title     = {A New Solution to the Random Assignment Problem},
  journal   = {Journal of Economic Theory},
  volume    = {100},
  number    = {2},
  year      = {2001},
  pages     = {295--328}
}

@inproceedings{caragiannis2021interim,
  title={On interim envy-free allocation lotteries},
  author={Caragiannis, Ioannis and Kanellopoulos, Panagiotis and Kyropoulou, Maria},
  booktitle={Proceedings of the 22nd ACM Conference on Economics and Computation},
  pages={264--284},
  year={2021}
}

@article{chen2020fractional,
  title={Fractional Matchings under Preferences: Stability and Optimality},
  author={Chen, Jiehua and Roy, Sanjukta and Sorge, Manuel},
  booktitle={30th International Joint Conference on Artificial Intelligence, IJCAI 2021},
  pages={89--95},
  year={2021},
  organization={International Joint Conferences on Artificial Intelligence}
}

@article{dogan_efficiency_2016,
  title = {Efficiency and stability of probabilistic assignments in marriage problems},
  author = {Do{\u g}an, Battal and Y{\i}ld{\i}z, Kemal},
  year = {2016},
  volume = {95},
  pages = {47--58},
  journal = {Games and Economic Behavior},
}

@article{fishburn1972lotteries,
  title={Lotteries and social choices},
  author={Fishburn, Peter C},
  journal={Journal of Economic Theory},
  volume={5},
  number={2},
  pages={189--207},
  year={1972},
  publisher={Elsevier}
}

@book{foley1966resource,
  title={Resource allocation and the public sector},
  author={Foley, Duncan Karl},
  year={1966},
  publisher={Yale University}
}

@book{horn_topics_1991,
  title = {Topics in Matrix Analysis},
  author = {Horn, Roger A. and Johnson, Charles R.},
  year = {1991},
  publisher = {Cambridge University Press},
}

@article{hylland1979efficient,
  title={The efficient allocation of individuals to positions},
  author={Hylland, Aanund and Zeckhauser, Richard},
  journal={Journal of Political Economy},
  volume={87},
  number={2},
  pages={293--314},
  year={1979},
  publisher={The University of Chicago Press}
}

@article{intriligator1973probabilistic,
  title={A probabilistic model of social choice},
  author={Intriligator, Michael D},
  journal={The Review of Economic Studies},
  volume={40},
  number={4},
  pages={553--560},
  year={1973},
  publisher={Wiley-Blackwell}
}

@article{manjunath2013stability,
  title={Stability and the core of probabilistic marriage problems},
  author={Manjunath, Vikram},
  journal={Available at SSRN 1809941},
  year={2013}
}

@article{manjunath2014markets,
  title={Markets for fractional partnerships},
  author={Manjunath, Vikram},
  journal={Available at SSRN},
  year={2014},
  publisher={Citeseer}
}

@inproceedings{procaccia2010,
  author    = {Ariel D. Procaccia},
  title     = {Can Approximation Circumvent Gibbard-Satterthwaite?},
  booktitle = {Proceedings of the 26th Conference on Uncertainty in Artificial Intelligence (UAI)},
  year      = {2010},
  pages     = {597--606}
}

@article{steinhaus1948problem,
  title={The problem of fair division},
  author={Steinhaus, Hugo},
  journal={Econometrica},
  volume={16},
  pages={101--104},
  year={1948}
}

@article{teo1998geometry,
  title={The geometry of fractional stable matchings and its applications},
  author={Teo, Chung-Piaw and Sethuraman, Jay},
  journal={Mathematics of Operations Research},
  volume={23},
  number={4},
  pages={874--891},
  year={1998},
  publisher={INFORMS}
}

@article{vandevate_linear_1989,
  title = {Linear programming brings marital bliss},
  author = {Vande Vate, John H.},
  year = {1989},
  volume = {8},
  pages = {147--153},
  journal = {Operations Research Letters},
  number = {3},
}

@article{varian1973equity,
  title={Equity, envy, and efficiency},
  author={Varian, Hal R},
  year={1973},
  publisher={[Cambridge, MIT]}
}

@article{zeckhauser1969majority,
  title={Majority rule with lotteries on alternatives},
  author={Zeckhauser, Richard},
  journal={The Quarterly Journal of Economics},
  volume={83},
  number={4},
  pages={696--703},
  year={1969},
  publisher={MIT Press}
}

