@article{baker2014modeling,
  title={Modeling human plan recognition using Bayesian theory of mind},
  author={Baker, Chris L and Tenenbaum, Joshua B},
  journal={Plan, Activity, and Intent Recognition: Theory and Practice},
  volume={7},
  number={177-204},
  pages={86},
  year={2014},
  publisher={Morgan Kaufmann Waltham}
}

@book{baron1997mindblindness,
  title={Mindblindness: An essay on autism and theory of mind},
  author={Baron-Cohen, Simon},
  year={1997},
  publisher={MIT press}
}

@article{boldrer2020socially,
  title={Socially-aware reactive obstacle avoidance strategy based on limit cycle},
  author={Boldrer, Manuel and Andreetto, Marco and Divan, Stefano and Palopoli, Luigi and Fontanelli, Daniele},
  journal={IEEE Robotics and Automation Letters},
  volume={5},
  number={2},
  pages={3251--3258},
  year={2020},
  publisher={IEEE}
}

@article{boldrer2022multi,
  title={Multi-agent navigation in human-shared environments: A safe and socially-aware approach},
  author={Boldrer, Manuel and Antonucci, Alessandro and Bevilacqua, Paolo and Palopoli, Luigi and Fontanelli, Daniele},
  journal={Robotics and Autonomous Systems},
  volume={149},
  pages={103979},
  year={2022},
  publisher={Elsevier}
}

@article{cao2022direct,
  title={DIRECT: A differential dynamic programming based framework for trajectory generation},
  author={Cao, Kun and Cao, Muqing and Yuan, Shenghai and Xie, Lihua},
  journal={IEEE Robotics and Automation Letters},
  volume={7},
  number={2},
  pages={2439--2446},
  year={2022},
  publisher={IEEE}
}

@misc{cao2024learningdynamicweightadjustment,
      title={Learning Dynamic Weight Adjustment for Spatial-Temporal Trajectory Planning in Crowd Navigation}, 
      author={Muqing Cao and Xinhang Xu and Yizhuo Yang and Jianping Li and Tongxing Jin and Pengfei Wang and Tzu-Yi Hung and Guosheng Lin and Lihua Xie},
      year={2024},
      eprint={2412.00555},
      archivePrefix={arXiv},
      primaryClass={cs.RO},
      url={https://arxiv.org/abs/2412.00555}, 
}

@inproceedings{cathcart2023proactive,
  title={Proactive opinion-driven robot navigation around human movers},
  author={Cathcart, Charlotte and Santos, Mar{\'\i}a and Park, Shinkyu and Leonard, Naomi Ehrich},
  booktitle={2023 IEEE/RSJ International Conference on Intelligent Robots and Systems (IROS)},
  pages={4052--4058},
  year={2023},
  organization={IEEE}
}

@article{cuzzolin2020knowing,
  title={Knowing me, knowing you: theory of mind in AI},
  author={Cuzzolin, Fabio and Morelli, Alice and Cirstea, Bogdan and Sahakian, Barbara J},
  journal={Psychological Medicine},
  volume={50},
  number={7},
  pages={1057--1061},
  year={2020},
  publisher={Cambridge University Press}
}

@article{de2013much,
  title={How much does it help to know what she knows you know? An agent-based simulation study},
  author={De Weerd, Harmen and Verbrugge, Rineke and Verheij, Bart},
  journal={Artificial Intelligence},
  volume={199},
  pages={67--92},
  year={2013},
  publisher={Elsevier}
}

@article{de2015higher,
  title={Higher-order theory of mind in the tacit communication game},
  author={De Weerd, Harmen and Verbrugge, Rineke and Verheij, Bart},
  journal={Biologically Inspired Cognitive Architectures},
  volume={11},
  pages={10--21},
  year={2015},
  publisher={Elsevier}
}

@article{geldenbott2024legible,
  title={Legible and proactive robot planning for prosocial human-robot interactions},
  author={Geldenbott, Jasper and Leung, Karen},
  journal={arXiv preprint arXiv:2404.03734},
  year={2024}
}

@article{helbing1995social,
  title={Social force model for pedestrian dynamics},
  author={Helbing, Dirk and Molnar, Peter},
  journal={Physical Review E},
  volume={51},
  number={5},
  pages={4282},
  year={1995},
  publisher={APS}
}

@inproceedings{muktadir2024adaptive,
  title={Adaptive pedestrian agent modeling for scenario-based testing of autonomous vehicles through behavior retargeting},
  author={Muktadir, Golam Md and Whitehead, Jim},
  booktitle={IEEE Int. Conf. Robot. Automat.(ICRA)},
  year={2024}
}

@article{parekh2023learning,
  title={Learning latent representations to co-adapt to humans},
  author={Parekh, Sagar and Losey, Dylan P},
  journal={Autonomous Robots},
  volume={47},
  number={6},
  pages={771--796},
  year={2023},
  publisher={Springer}
}

@inproceedings{poddar2023crowd,
  title={From crowd motion prediction to robot navigation in crowds},
  author={Poddar, Sriyash and Mavrogiannis, Christoforos and Srinivasa, Siddhartha S},
  booktitle={2023 IEEE/RSJ International Conference on Intelligent Robots and Systems (IROS)},
  pages={6765--6772},
  year={2023},
  organization={IEEE}
}

@inproceedings{rabinowitz2018machine,
  title={Machine theory of mind},
  author={Rabinowitz, Neil and Perbet, Frank and Song, Francis and Zhang, Chiyuan and Eslami, SM Ali and Botvinick, Matthew},
  booktitle={International Conference on Machine Learning},
  pages={4218--4227},
  year={2018},
  organization={PMLR}
}

@article{ryu2024integrating,
  title={Integrating Predictive Motion Uncertainties with Distributionally Robust Risk-Aware Control for Safe Robot Navigation in Crowds},
  author={Ryu, Kanghyun and Mehr, Negar},
  journal={arXiv preprint arXiv:2403.05081},
  year={2024}
}

@inproceedings{salzmann2020trajectron++,
  title={Trajectron++: Dynamically-feasible trajectory forecasting with heterogeneous data},
  author={Salzmann, Tim and Ivanovic, Boris and Chakravarty, Punarjay and Pavone, Marco},
  booktitle={Computer Vision--ECCV 2020: 16th European Conference, Glasgow, UK, August 23--28, 2020, Proceedings, Part XVIII 16},
  pages={683--700},
  year={2020},
  organization={Springer}
}

@inproceedings{schaefer2021leveraging,
  title={Leveraging neural network gradients within trajectory optimization for proactive human-robot interactions},
  author={Schaefer, Simon and Leung, Karen and Ivanovic, Boris and Pavone, Marco},
  booktitle={2021 IEEE International Conference on Robotics and Automation (ICRA)},
  pages={9673--9679},
  year={2021},
  organization={IEEE}
}

@article{sighencea2021review,
  title={A review of deep learning-based methods for pedestrian trajectory prediction},
  author={Sighencea, Bogdan Ilie and Stanciu, Rare»ô Ion and C{\u{a}}leanu, C{\u{a}}t{\u{a}}lin Daniel},
  journal={Sensors},
  volume={21},
  number={22},
  pages={7543},
  year={2021},
  publisher={MDPI}
}

@inproceedings{sripathy2021dynamically,
  title={Dynamically switching human prediction models for efficient planning},
  author={Sripathy, Arjun and Bobu, Andreea and Brown, Daniel S and Dragan, Anca D},
  booktitle={2021 IEEE International Conference on Robotics and Automation (ICRA)},
  pages={3495--3501},
  year={2021},
  organization={IEEE}
}

@inproceedings{tian2021learning,
  title={Learning human rewards by inferring their latent intelligence levels in multi-agent games: A theory-of-mind approach with application to driving data},
  author={Tian, Ran and Tomizuka, Masayoshi and Sun, Liting},
  booktitle={2021 IEEE/RSJ International Conference on Intelligent Robots and Systems (IROS)},
  pages={4560--4567},
  year={2021},
  organization={IEEE}
}

@inproceedings{tian2022safety,
  title={Safety assurances for human-robot interaction via confidence-aware game-theoretic human models},
  author={Tian, Ran and Sun, Liting and Bajcsy, Andrea and Tomizuka, Masayoshi and Dragan, Anca D},
  booktitle={2022 International Conference on Robotics and Automation (ICRA)},
  pages={11229--11235},
  year={2022},
  organization={IEEE}
}

@inproceedings{tian2023towards,
  title={Towards modeling and influencing the dynamics of human learning},
  author={Tian, Ran and Tomizuka, Masayoshi and Dragan, Anca D and Bajcsy, Andrea},
  booktitle={Proceedings of the 2023 ACM/IEEE International Conference on Human-Robot Interaction},
  pages={350--358},
  year={2023}
}

@inproceedings{von2017minds,
  title={The Minds of Many: Opponent Modeling in a Stochastic Game.},
  author={Von Der Osten, Friedrich Burkhard and Kirley, Michael and Miller, Tim},
  booktitle={IJCAI},
  pages={3845--3851},
  year={2017}
}

@article{wu2018learn,
  title={Learn to steer through deep reinforcement learning},
  author={Wu, Keyu and Abolfazli Esfahani, Mahdi and Yuan, Shenghai and Wang, Han},
  journal={Sensors},
  volume={18},
  number={11},
  pages={3650},
  year={2018},
  publisher={MDPI}
}

@article{wu2019bnd,
  title={Bnd*-ddqn: Learn to steer autonomously through deep reinforcement learning},
  author={Wu, Keyu and Wang, Han and Esfahani, Mahdi Abolfazli and Yuan, Shenghai},
  journal={IEEE Transactions on Cognitive and Developmental Systems},
  volume={13},
  number={2},
  pages={249--261},
  year={2019},
  publisher={IEEE}
}

@inproceedings{wu2019depth,
  title={Depth-based obstacle avoidance through deep reinforcement learning},
  author={Wu, Keyu and Esfahani, Mahdi Abolfazli and Yuan, Shenghai and Wang, Han},
  booktitle={Proceedings of the 5th International Conference on Mechatronics and Robotics Engineering},
  pages={102--106},
  year={2019}
}

@article{wu2019tdpp,
  title={TDPP-Net: Achieving three-dimensional path planning via a deep neural network architecture},
  author={Wu, Keyu and Esfahani, Mahdi Abolfazli and Yuan, Shenghai and Wang, Han},
  journal={Neurocomputing},
  volume={357},
  pages={151--162},
  year={2019},
  publisher={Elsevier}
}

@article{wu2020achieving,
  title={Achieving real-time path planning in unknown environments through deep neural networks},
  author={Wu, Keyu and Wang, Han and Esfahani, Mahdi Abolfazli and Yuan, Shenghai},
  journal={IEEE Transactions on Intelligent Transportation Systems},
  volume={23},
  number={3},
  pages={2093--2102},
  year={2020},
  publisher={IEEE}
}

@article{wu2021learn,
  title={Learn to navigate autonomously through deep reinforcement learning},
  author={Wu, Keyu and Wang, Han and Esfahani, Mahdi Abolfazli and Yuan, Shenghai},
  journal={IEEE Transactions on Industrial Electronics},
  volume={69},
  number={5},
  pages={5342--5352},
  year={2021},
  publisher={IEEE}
}

@inproceedings{xu2022remember,
  title={Remember intentions: Retrospective-memory-based trajectory prediction},
  author={Xu, Chenxin and Mao, Weibo and Zhang, Wenjun and Chen, Siheng},
  booktitle={Proceedings of the IEEE/CVF Conference on Computer Vision and Pattern Recognition},
  pages={6488--6497},
  year={2022}
}

