@inproceedings{alhindi2018your,
  title={Where is your evidence: Improving fact-checking by justification modeling},
  author={Alhindi, Tariq and Petridis, Savvas and Muresan, Smaranda},
  booktitle={Proceedings of the first workshop on fact extraction and verification (FEVER)},
  pages={85--90},
  year={2018}
}

@inproceedings{aly2021feverous,
  title={FEVEROUS: Fact Extraction and VERification Over Unstructured and Structured information},
  author={Aly, Rami and Guo, Zhijiang and Schlichtkrull, Michael and Thorne, James and Vlachos, Andreas and Christodoulopoulos, Christos and Cocarascu, Oana and Mittal, Arpit},
  booktitle={35th Conference on Neural Information Processing Systems, NeurIPS 2021},
  year={2021},
  organization={Neural Information Processing Systems foundation}
}

@incollection{atanasova2024multi,
  title={Multi-Hop Fact Checking of Political Claims},
  author={Atanasova, Pepa},
  booktitle={Accountable and Explainable Methods for Complex Reasoning over Text},
  pages={131--151},
  year={2024},
  publisher={Springer}
}

@inproceedings{augenstein2019multifc,
  title={MultiFC: A Real-World Multi-Domain Dataset for Evidence-Based Fact Checking of Claims},
  author={Augenstein, Isabelle and Lioma, Christina and Wang, Dongsheng and Lima, Lucas Chaves and Hansen, Casper and Hansen, Christian and Simonsen, Jakob Grue},
  booktitle={Proceedings of the 2019 Conference on Empirical Methods in Natural Language Processing and the 9th International Joint Conference on Natural Language Processing (EMNLP-IJCNLP)},
  pages={4685--4697},
  year={2019}
}

@inproceedings{chen2019seeing,
  title={Seeing things from a different angle: Discovering diverse perspectives about claims},
  author={Chen, Sihao and Khashabi, Daniel and Yin, Wenpeng and Callison-Burch, Chris and Roth, Dan},
  booktitle={2019 Conference of the North American Chapter of the Association for Computational Linguistics: Human Language Technologies, NAACL HLT 2019},
  pages={542--557},
  year={2019},
  organization={Association for Computational Linguistics (ACL)}
}

@inproceedings{ferreira2016emergent,
  title={Emergent: a novel data-set for stance classification},
  author={Ferreira, William and Vlachos, Andreas},
  booktitle={Proceedings of the 2016 conference of the North American chapter of the association for computational linguistics: Human language technologies},
  year={2016},
  organization={ACL}
}

@article{guo2022survey,
  title={A survey on automated fact-checking},
  author={Guo, Zhijiang and Schlichtkrull, Michael and Vlachos, Andreas},
  journal={Transactions of the Association for Computational Linguistics},
  volume={10},
  pages={178--206},
  year={2022},
  publisher={MIT Press One Rogers Street, Cambridge, MA 02142-1209, USA journals-info~â€¦}
}

@inproceedings{hanselowski2019richly,
  title={A Richly Annotated Corpus for Different Tasks in Automated Fact-Checking},
  author={Hanselowski, Andreas and Stab, Christian and Schulz, Claudia and Li, Zile and Gurevych, Iryna},
  booktitle={Proceedings of the 23rd Conference on Computational Natural Language Learning (CoNLL)},
  pages={493--503},
  year={2019}
}

@inproceedings{lu2023scitab,
  title={SCITAB: A Challenging Benchmark for Compositional Reasoning and Claim Verification on Scientific Tables},
  author={Lu, Xinyuan and Pan, Liangming and Liu, Qian and Nakov, Preslav and Kan, Min-Yen},
  booktitle={Proceedings of the 2023 Conference on Empirical Methods in Natural Language Processing},
  pages={7787--7813},
  year={2023}
}

@inproceedings{popat2017truth,
  title={Where the truth lies: Explaining the credibility of emerging claims on the web and social media},
  author={Popat, Kashyap and Mukherjee, Subhabrata and Str{\"o}tgen, Jannik and Weikum, Gerhard},
  booktitle={Proceedings of the 26th international conference on world wide web companion},
  pages={1003--1012},
  year={2017}
}

@inproceedings{saakyan2021covid,
  title={COVID-Fact: Fact Extraction and Verification of Real-World Claims on COVID-19 Pandemic},
  author={Saakyan, Arkadiy and Chakrabarty, Tuhin and Muresan, Smaranda},
  booktitle={Proceedings of the 59th Annual Meeting of the Association for Computational Linguistics and the 11th International Joint Conference on Natural Language Processing (Volume 1: Long Papers)},
  pages={2116--2129},
  year={2021}
}

@inproceedings{sathe2020automated,
  title={Automated fact-checking of claims from Wikipedia},
  author={Sathe, Aalok and Ather, Salar and Le, Tuan Manh and Perry, Nathan and Park, Joonsuk},
  booktitle={Proceedings of the Twelfth Language Resources and Evaluation Conference},
  pages={6874--6882},
  year={2020}
}

@inproceedings{schuster2021get,
  title={Get Your Vitamin C! Robust Fact Verification with Contrastive Evidence},
  author={Schuster, Tal and Fisch, Adam and Barzilay, Regina},
  booktitle={Proceedings of the 2021 Conference of the North American Chapter of the Association for Computational Linguistics: Human Language Technologies},
  pages={624--643},
  year={2021}
}

@inproceedings{thorne2017extensible,
  title={An extensible framework for verification of numerical claims},
  author={Thorne, James and Vlachos, Andreas},
  booktitle={Proceedings of the Software Demonstrations of the 15th Conference of the European Chapter of the Association for Computational Linguistics},
  pages={37--40},
  year={2017},
  organization={Association for Computational Linguistics}
}

@inproceedings{thorne2018fact,
  title={The Fact Extraction and VERification (FEVER) Shared Task},
  author={Thorne, James and Vlachos, Andreas and Cocarascu, Oana and Christodoulopoulos, Christos and Mittal, Arpit},
  booktitle={Proceedings of the First Workshop on Fact Extraction and VERification (FEVER)},
  pages={1--9},
  year={2018}
}

@inproceedings{thorne2018fever,
  title={FEVER: a Large-scale Dataset for Fact Extraction and VERification},
  author={Thorne, James and Vlachos, Andreas and Christodoulopoulos, Christos and Mittal, Arpit},
  booktitle={Proceedings of the 2018 Conference of the North American Chapter of the Association for Computational Linguistics: Human Language Technologies, Volume 1 (Long Papers)},
  pages={809--819},
  year={2018}
}

@inproceedings{venktesh2024quantemp,
  title={QuanTemp: A real-world open-domain benchmark for fact-checking numerical claims},
  author={Venktesh, V and Anand, Abhijit and Anand, Avishek and Setty, Vinay},
  booktitle={47th International ACM SIGIR Conference on Research and Development in Information Retrieval, SIGIR 2024},
  pages={650--660},
  year={2024},
  organization={Association for Computing Machinery (ACM)}
}

@inproceedings{vlachos2014fact,
  title={Fact checking: Task definition and dataset construction},
  author={Vlachos, Andreas and Riedel, Sebastian},
  booktitle={Proceedings of the ACL 2014 workshop on language technologies and computational social science},
  pages={18--22},
  year={2014}
}

@inproceedings{vladika2023scientific,
  title={Scientific Fact-Checking: A Survey of Resources and Approaches},
  author={Vladika, Juraj and Matthes, Florian},
  booktitle={Findings of the Association for Computational Linguistics: ACL 2023},
  pages={6215--6230},
  year={2023}
}

@inproceedings{wadden2020fact,
  title={Fact or Fiction: Verifying Scientific Claims},
  author={Wadden, David and Lin, Shanchuan and Lo, Kyle and Wang, Lucy Lu and van Zuylen, Madeleine and Cohan, Arman and Hajishirzi, Hannaneh},
  booktitle={Proceedings of the 2020 Conference on Empirical Methods in Natural Language Processing (EMNLP)},
  pages={7534--7550},
  year={2020}
}

@inproceedings{wadden2022scifact,
  title={SciFact-Open: Towards open-domain scientific claim verification},
  author={Wadden, David and Lo, Kyle and Kuehl, Bailey and Cohan, Arman and Beltagy, Iz and Wang, Lucy Lu and Hajishirzi, Hannaneh},
  booktitle={Findings of the Association for Computational Linguistics: EMNLP 2022},
  pages={4719--4734},
  year={2022}
}

@inproceedings{wang2017liar,
  title={" Liar, Liar Pants on Fire": A New Benchmark Dataset for Fake News Detection},
  author={Wang, William Yang},
  booktitle={Proceedings of the 55th Annual Meeting of the Association for Computational Linguistics (Volume 2: Short Papers)},
  year={2017},
  organization={Association for Computational Linguistics}
}

@inproceedings{wright2022generating,
  title={Generating Scientific Claims for Zero-Shot Scientific Fact Checking},
  author={Wright, Dustin and Wadden, David and Lo, Kyle and Kuehl, Bailey and Cohan, Arman and Augenstein, Isabelle and Wang, Lucy Lu},
  booktitle={Proceedings of the 60th Annual Meeting of the Association for Computational Linguistics (Volume 1: Long Papers)},
  pages={2448--2460},
  year={2022}
}

