@inproceedings{derczynski2017semeval,
  title={SemEval-2017 Task 8: RumourEval: Determining rumour veracity and support for rumours},
  author={Derczynski, Leon and Bontcheva, Kalina and Liakata, Maria and Procter, Rob and Hoi, Geraldine Wong Sak and Zubiaga, Arkaitz},
  booktitle={Proceedings of the 11th International Workshop on Semantic Evaluation (SemEval-2017)},
  pages={69--76},
  year={2017}
}
@inproceedings{gorrell-etal-2019-semeval,
    title = "{S}em{E}val-2019 Task 7: {R}umour{E}val, Determining Rumour Veracity and Support for Rumours",
    author = "Gorrell, Genevieve  and
      Kochkina, Elena  and
      Liakata, Maria  and
      Aker, Ahmet  and
      Zubiaga, Arkaitz  and
      Bontcheva, Kalina  and
      Derczynski, Leon",
    booktitle = "Proceedings of the 13th International Workshop on Semantic Evaluation",
    month = jun,
    year = "2019",
    address = "Minneapolis, Minnesota, USA",
    publisher = "Association for Computational Linguistics",
    url = "https://aclanthology.org/S19-2147",
    doi = "10.18653/v1/S19-2147",
    pages = "845--854",
   
}
@inproceedings{moosavi2021scigen,
  title={SciGen: a dataset for reasoning-aware text generation from scientific tables},
  author={Moosavi, N and R{\"u}ckl{\'e}, A and Roth, D and Gurevych, I},
  booktitle={Proceedings of the Neural Information Processing Systems Track on Datasets and Benchmarks 1 (NeurIPS Datasets and Benchmarks 2021)},
  year={2021},
  organization={Neural Information Processing Systems Foundation}
}
@article{lewis2020retrieval,
  title={Retrieval-augmented generation for knowledge-intensive nlp tasks},
  author={Lewis, Patrick and Perez, Ethan and Piktus, Aleksandra and Petroni, Fabio and Karpukhin, Vladimir and Goyal, Naman and K{\"u}ttler, Heinrich and Lewis, Mike and Yih, Wen-tau and Rockt{\"a}schel, Tim and others},
  journal={Advances in Neural Information Processing Systems},
  volume={33},
  pages={9459--9474},
  year={2020}
}
@inproceedings{barron2020overview,
  title={Overview of CheckThat! 2020: Automatic identification and verification of claims in social media},
  author={Barr{\'o}n-Cedeno, Alberto and Elsayed, Tamer and Nakov, Preslav and Da San Martino, Giovanni and Hasanain, Maram and Suwaileh, Reem and Haouari, Fatima and Babulkov, Nikolay and Hamdan, Bayan and Nikolov, Alex and others},
  booktitle={Experimental IR Meets Multilinguality, Multimodality, and Interaction: 11th International Conference of the CLEF Association, CLEF 2020, Thessaloniki, Greece, September 22--25, 2020, Proceedings 11},
  pages={215--236},
  year={2020},
  organization={Springer}
}

@inproceedings{elsayed2019checkthat,
  title={CheckThat! at CLEF 2019: Automatic Identification and Verification of Claims},
  author={Elsayed, Tamer and Nakov, Preslav and Barr{\'o}n-Cede{\~n}o, Alberto and Hasanain, Maram and Suwaileh, Reem and Da San Martino, Giovanni and Atanasova, Pepa},
  booktitle={European Conference on Information Retrieval},
  pages={309--315},
  year={2019}
}
@inproceedings{SADHAN_mishra,
author = {Mishra, Rahul and Setty, Vinay},
title = {SADHAN: Hierarchical Attention Networks to Learn Latent Aspect Embeddings for Fake News Detection},
year = {2019},
isbn = {9781450368810},
publisher = {Association for Computing Machinery},
address = {New York, NY, USA},
url = {https://doi.org/10.1145/3341981.3344229},
doi = {10.1145/3341981.3344229},
booktitle = {Proceedings of the 2019 ACM SIGIR International Conference on Theory of Information Retrieval},
pages = {197â€“204},
numpages = {8},
keywords = {latent aspect embeddings, hierarchical attention, fake news detection},
location = {Santa Clara, CA, USA},
series = {ICTIR '19}
}
@INPROCEEDINGS{mishraCVPR2020,
  author={Mishra, Rahul},
  booktitle={2020 IEEE/CVF Conference on Computer Vision and Pattern Recognition Workshops (CVPRW)}, 
  title={Fake News Detection using Higher-order User to User Mutual-attention Progression in Propagation Paths}, 
  year={2020},
  volume={},
  number={},
  pages={2775-2783},
  keywords={Feature extraction;Twitter;Linear programming;Computer vision;Linguistics;Time series analysis},
  doi={10.1109/CVPRW50498.2020.00334}}
@inproceedings{mishra-etal-2020-generating,
    title = "Generating Fact Checking Summaries for Web Claims",
    author = "Mishra, Rahul  and
      Gupta, Dhruv  and
      Leippold, Markus",
    editor = "Xu, Wei  and
      Ritter, Alan  and
      Baldwin, Tim  and
      Rahimi, Afshin",
    booktitle = "Proceedings of the Sixth Workshop on Noisy User-generated Text (W-NUT 2020)",
    month = nov,
    year = "2020",
    address = "Online",
    publisher = "Association for Computational Linguistics",
    url = "https://aclanthology.org/2020.wnut-1.12",
    doi = "10.18653/v1/2020.wnut-1.12",
    pages = "81--90",
}

@misc{setty2020deep,
  title={Deep neural architectures for detecting false claims},
  author={Setty, Vinay J and Mishra, Rahul},
  year={2020},
  month=oct # "~13",
  publisher={Google Patents},
  note={US Patent 10,803,387}
}
@inproceedings{nakov2018overview,
  title={Overview of the CLEF-2018 CheckThat! Lab on automatic identification and verification of political claims},
  author={Nakov, Preslav and Barr{\'o}n-Cedeno, Alberto and Elsayed, Tamer and Suwaileh, Reem and M{\`a}rquez, Llu{\'\i}s and Zaghouani, Wajdi and Atanasova, Pepa and Kyuchukov, Spas and Da San Martino, Giovanni},
  booktitle={Experimental IR Meets Multilinguality, Multimodality, and Interaction: 9th International Conference of the CLEF Association, CLEF 2018, Avignon, France, September 10-14, 2018, Proceedings 9},
  pages={372--387},
  year={2018},
  organization={Springer}
}
@article{hassan2017claimbuster,
  title={Claimbuster: The first-ever end-to-end fact-checking system},
  author={Hassan, Naeemul and Zhang, Gensheng and Arslan, Fatma and Caraballo, Josue and Jimenez, Damian and Gawsane, Siddhant and Hasan, Shohedul and Joseph, Minumol and Kulkarni, Aaditya and Nayak, Anil Kumar and others},
  journal={Proceedings of the VLDB Endowment},
  volume={10},
  number={12},
  pages={1945--1948},
  year={2017},
  publisher={VLDB Endowment}
}

@inproceedings{thorne2018fever,
  title={FEVER: a Large-scale Dataset for Fact Extraction and VERification},
  author={Thorne, James and Vlachos, Andreas and Christodoulopoulos, Christos and Mittal, Arpit},
  booktitle={Proceedings of the 2018 Conference of the North American Chapter of the Association for Computational Linguistics: Human Language Technologies, Volume 1 (Long Papers)},
  pages={809--819},
  year={2018}
}
@inproceedings{thorne2018fact,
  title={The Fact Extraction and VERification (FEVER) Shared Task},
  author={Thorne, James and Vlachos, Andreas and Cocarascu, Oana and Christodoulopoulos, Christos and Mittal, Arpit},
  booktitle={Proceedings of the First Workshop on Fact Extraction and VERification (FEVER)},
  pages={1--9},
  year={2018}
}
@inproceedings{thorne2019fever2,
  title={The FEVER2. 0 shared task},
  author={Thorne, James and Vlachos, Andreas and Cocarascu, Oana and Christodoulopoulos, Christos and Mittal, Arpit},
  booktitle={Proceedings of the second workshop on Fact Extraction and VERification (FEVER)},
  pages={1--6},
  year={2019}
}

@inproceedings{vlachos2014fact,
  title={Fact checking: Task definition and dataset construction},
  author={Vlachos, Andreas and Riedel, Sebastian},
  booktitle={Proceedings of the ACL 2014 workshop on language technologies and computational social science},
  pages={18--22},
  year={2014}
}



@inproceedings{ferreira2016emergent,
  title={Emergent: a novel data-set for stance classification},
  author={Ferreira, William and Vlachos, Andreas},
  booktitle={Proceedings of the 2016 conference of the North American chapter of the association for computational linguistics: Human language technologies},
  year={2016},
  organization={ACL}
}
@inproceedings{wang2017liar,
  title={" Liar, Liar Pants on Fire": A New Benchmark Dataset for Fake News Detection},
  author={Wang, William Yang},
  booktitle={Proceedings of the 55th Annual Meeting of the Association for Computational Linguistics (Volume 2: Short Papers)},
  year={2017},
  organization={Association for Computational Linguistics}
}
@inproceedings{popat2017truth,
  title={Where the truth lies: Explaining the credibility of emerging claims on the web and social media},
  author={Popat, Kashyap and Mukherjee, Subhabrata and Str{\"o}tgen, Jannik and Weikum, Gerhard},
  booktitle={Proceedings of the 26th international conference on world wide web companion},
  pages={1003--1012},
  year={2017}
}

@inproceedings{chen2019seeing,
  title={Seeing Things from a Different Angle: Discovering Diverse Perspectives about Claims},
  author={Chen, Sihao and Khashabi, Daniel and Yin, Wenpeng and Callison-Burch, Chris and Roth, Dan},
  booktitle={Proceedings of the 2019 Conference of the North American Chapter of the Association for Computational Linguistics: Human Language Technologies, Volume 1 (Long and Short Papers)},
  pages={542--557},
  year={2019}
}

@inproceedings{hanselowski2019richly,
  title={A Richly Annotated Corpus for Different Tasks in Automated Fact-Checking},
  author={Hanselowski, Andreas and Stab, Christian and Schulz, Claudia and Li, Zile and Gurevych, Iryna},
  booktitle={Proceedings of the 23rd Conference on Computational Natural Language Learning (CoNLL)},
  pages={493--503},
  year={2019}
}
@inproceedings{augenstein2019multifc,
  title={MultiFC: A Real-World Multi-Domain Dataset for Evidence-Based Fact Checking of Claims},
  author={Augenstein, Isabelle and Lioma, Christina and Wang, Dongsheng and Lima, Lucas Chaves and Hansen, Casper and Hansen, Christian and Simonsen, Jakob Grue},
  booktitle={Proceedings of the 2019 Conference on Empirical Methods in Natural Language Processing and the 9th International Joint Conference on Natural Language Processing (EMNLP-IJCNLP)},
  pages={4685--4697},
  year={2019}
}
@inproceedings{sathe2020automated,
  title={Automated fact-checking of claims from Wikipedia},
  author={Sathe, Aalok and Ather, Salar and Le, Tuan Manh and Perry, Nathan and Park, Joonsuk},
  booktitle={Proceedings of the Twelfth Language Resources and Evaluation Conference},
  pages={6874--6882},
  year={2020}
}
@inproceedings{venktesh2024quantemp,
  title={QuanTemp: A real-world open-domain benchmark for fact-checking numerical claims},
  author={Venktesh, V and Anand, Abhijit and Anand, Avishek and Setty, Vinay},
  booktitle={47th International ACM SIGIR Conference on Research and Development in Information Retrieval, SIGIR 2024},
  pages={650--660},
  year={2024},
  organization={Association for Computing Machinery (ACM)}
}
@inproceedings{thorne2017extensible,
  title={An extensible framework for verification of numerical claims},
  author={Thorne, James and Vlachos, Andreas},
  booktitle={Proceedings of the Software Demonstrations of the 15th Conference of the European Chapter of the Association for Computational Linguistics},
  pages={37--40},
  year={2017},
  organization={Association for Computational Linguistics}
}
@inproceedings{lu2023scitab,
  title={SCITAB: A Challenging Benchmark for Compositional Reasoning and Claim Verification on Scientific Tables},
  author={Lu, Xinyuan and Pan, Liangming and Liu, Qian and Nakov, Preslav and Kan, Min-Yen},
  booktitle={Proceedings of the 2023 Conference on Empirical Methods in Natural Language Processing},
  pages={7787--7813},
  year={2023}
}
@article{dmonte2024claim,
  title={Claim Verification in the Age of Large Language Models: A Survey},
  author={Dmonte, Alphaeus and Oruche, Roland and Zampieri, Marcos and Calyam, Prasad and Augenstein, Isabelle},
  journal={arXiv preprint arXiv:2408.14317},
  year={2024}
}
@inproceedings{vladika2023scientific,
  title={Scientific Fact-Checking: A Survey of Resources and Approaches},
  author={Vladika, Juraj and Matthes, Florian},
  booktitle={Findings of the Association for Computational Linguistics: ACL 2023},
  pages={6215--6230},
  year={2023}
}
@article{panchendrarajan2024claim,
  title={Claim detection for automated fact-checking: A survey on monolingual, multilingual and cross-lingual research},
  author={Panchendrarajan, Rrubaa and Zubiaga, Arkaitz},
  journal={Natural Language Processing Journal},
  volume={7},
  pages={100066},
  year={2024},
  publisher={Elsevier}
}
@article{zeng2021automated,
  title={Automated fact-checking: A survey},
  author={Zeng, Xia and Abumansour, Amani S and Zubiaga, Arkaitz},
  journal={Language and Linguistics Compass},
  volume={15},
  number={10},
  pages={e12438},
  year={2021},
  publisher={Wiley Online Library}
}
@article{guo2022survey,
  title={A survey on automated fact-checking},
  author={Guo, Zhijiang and Schlichtkrull, Michael and Vlachos, Andreas},
  journal={Transactions of the Association for Computational Linguistics},
  volume={10},
  pages={178--206},
  year={2022},
  publisher={MIT Press One Rogers Street, Cambridge, MA 02142-1209, USA journals-info~â€¦}
}
@inproceedings{sathe2020automated,
  title={Automated fact-checking of claims from Wikipedia},
  author={Sathe, Aalok and Ather, Salar and Le, Tuan Manh and Perry, Nathan and Park, Joonsuk},
  booktitle={Proceedings of the Twelfth Language Resources and Evaluation Conference},
  pages={6874--6882},
  year={2020}
}
@article{team2024gemma,
  title={Gemma 2: Improving open language models at a practical size},
  author={Team, Gemma and Riviere, Morgane and Pathak, Shreya and Sessa, Pier Giuseppe and Hardin, Cassidy and Bhupatiraju, Surya and Hussenot, L{\'e}onard and Mesnard, Thomas and Shahriari, Bobak and Ram{\'e}, Alexandre and others},
  journal={arXiv preprint arXiv:2408.00118},
  year={2024}
}
@article{
  velickovic2018graph,
  title="{Graph Attention Networks}",
  author={Veli{\v{c}}kovi{\'{c}}, Petar and Cucurull, Guillem and Casanova, Arantxa and Romero, Adriana and Li{\`{o}}, Pietro and Bengio, Yoshua},
  journal={International Conference on Learning Representations},
  year={2018},
  url={https://openreview.net/forum?id=rJXMpikCZ},
}
@inproceedings{zhang2020every,
  title={Every Document Owns Its Structure: Inductive Text Classification via Graph Neural Networks},
  author={Zhang, Yufeng and Yu, Xueli and Cui, Zeyu and Wu, Shu and Wen, Zhongzhen and Wang, Liang},
  booktitle={Proceedings of the 58th Annual Meeting of the Association for Computational Linguistics},
  pages={334--339},
  year={2020}
}
@inproceedings{nikolentzos2020message,
  title={Message passing attention networks for document understanding},
  author={Nikolentzos, Giannis and Tixier, Antoine and Vazirgiannis, Michalis},
  booktitle={Proceedings of the aaai conference on artificial intelligence},
  volume={34},
  number={05},
  pages={8544--8551},
  year={2020}
}
@article{wu2023graph,
  title={Graph Neural Networks for Natural Language Processing: A Survey},
  author={Wu, Lingfei and Chen, Yu and Shen, Kai and Guo, Xiaojie and Gao, Hanning and Li, Shucheng and Pei, Jian and Long, Bo},
  year={2023},
  publisher={Now Foundations and Trends}
}
@misc{krippendorff2011computing,
  title={Computing Krippendorffâ€™s alpha-reliability},
  author={Krippendorff, Klaus},
  year={2011},
  publisher={Citeseer}
}
@article{vaswani2017attention,
  title={Attention is all you need},
  author={Vaswani, A},
  journal={Advances in Neural Information Processing Systems},
  year={2017}
}
@article{fleiss1971measuring,
  title={Measuring nominal scale agreement among many raters.},
  author={Fleiss, Joseph L},
  journal={Psychological bulletin},
  volume={76},
  number={5},
  pages={378},
  year={1971},
  publisher={American Psychological Association}
}
@article{touvron2023llama,
  title={Llama: Open and efficient foundation language models},
  author={Touvron, Hugo and Lavril, Thibaut and Izacard, Gautier and Martinet, Xavier and Lachaux, Marie-Anne and Lacroix, Timoth{\'e}e and Rozi{\`e}re, Baptiste and Goyal, Naman and Hambro, Eric and Azhar, Faisal and others},
  journal={arXiv preprint arXiv:2302.13971},
  year={2023}
}
@inproceedings{saakyan2021covid,
  title={COVID-Fact: Fact Extraction and Verification of Real-World Claims on COVID-19 Pandemic},
  author={Saakyan, Arkadiy and Chakrabarty, Tuhin and Muresan, Smaranda},
  booktitle={Proceedings of the 59th Annual Meeting of the Association for Computational Linguistics and the 11th International Joint Conference on Natural Language Processing (Volume 1: Long Papers)},
  pages={2116--2129},
  year={2021}
}


@inproceedings{schuster2021get,
  title={Get Your Vitamin C! Robust Fact Verification with Contrastive Evidence},
  author={Schuster, Tal and Fisch, Adam and Barzilay, Regina},
  booktitle={Proceedings of the 2021 Conference of the North American Chapter of the Association for Computational Linguistics: Human Language Technologies},
  pages={624--643},
  year={2021}
}
@inproceedings{aly2021feverous,
  title={FEVEROUS: Fact Extraction and VERification Over Unstructured and Structured information},
  author={Aly, Rami and Guo, Zhijiang and Schlichtkrull, Michael and Thorne, James and Vlachos, Andreas and Christodoulopoulos, Christos and Cocarascu, Oana and Mittal, Arpit},
  booktitle={35th Conference on Neural Information Processing Systems, NeurIPS 2021},
  year={2021},
  organization={Neural Information Processing Systems foundation}
}
@inproceedings{alhindi2018your,
  title={Where is your evidence: Improving fact-checking by justification modeling},
  author={Alhindi, Tariq and Petridis, Savvas and Muresan, Smaranda},
  booktitle={Proceedings of the first workshop on fact extraction and verification (FEVER)},
  pages={85--90},
  year={2018}
}

@inproceedings{chen2019seeing,
  title={Seeing things from a different angle: Discovering diverse perspectives about claims},
  author={Chen, Sihao and Khashabi, Daniel and Yin, Wenpeng and Callison-Burch, Chris and Roth, Dan},
  booktitle={2019 Conference of the North American Chapter of the Association for Computational Linguistics: Human Language Technologies, NAACL HLT 2019},
  pages={542--557},
  year={2019},
  organization={Association for Computational Linguistics (ACL)}
}
@incollection{atanasova2024multi,
  title={Multi-Hop Fact Checking of Political Claims},
  author={Atanasova, Pepa},
  booktitle={Accountable and Explainable Methods for Complex Reasoning over Text},
  pages={131--151},
  year={2024},
  publisher={Springer}
}
@inproceedings{wadden2020fact,
  title={Fact or Fiction: Verifying Scientific Claims},
  author={Wadden, David and Lin, Shanchuan and Lo, Kyle and Wang, Lucy Lu and van Zuylen, Madeleine and Cohan, Arman and Hajishirzi, Hannaneh},
  booktitle={Proceedings of the 2020 Conference on Empirical Methods in Natural Language Processing (EMNLP)},
  pages={7534--7550},
  year={2020}
}
@inproceedings{wadden2022scifact,
  title={SciFact-Open: Towards open-domain scientific claim verification},
  author={Wadden, David and Lo, Kyle and Kuehl, Bailey and Cohan, Arman and Beltagy, Iz and Wang, Lucy Lu and Hajishirzi, Hannaneh},
  booktitle={Findings of the Association for Computational Linguistics: EMNLP 2022},
  pages={4719--4734},
  year={2022}
}
@inproceedings{reimers-2019-sentence-bert,
  title = "Sentence-BERT: Sentence Embeddings using Siamese BERT-Networks",
  author = "Reimers, Nils and Gurevych, Iryna",
  booktitle = "Proceedings of the 2019 Conference on Empirical Methods in Natural Language Processing",
  month = "11",
  year = "2019",
  publisher = "Association for Computational Linguistics",
  url = "https://arxiv.org/abs/1908.10084",
}
@inproceedings{wright2022generating,
  title={Generating Scientific Claims for Zero-Shot Scientific Fact Checking},
  author={Wright, Dustin and Wadden, David and Lo, Kyle and Kuehl, Bailey and Cohan, Arman and Augenstein, Isabelle and Wang, Lucy Lu},
  booktitle={Proceedings of the 60th Annual Meeting of the Association for Computational Linguistics (Volume 1: Long Papers)},
  pages={2448--2460},
  year={2022}
}
@inproceedings{daipromptagator,
  title={Promptagator: Few-shot Dense Retrieval From 8 Examples},
  author={Dai, Zhuyun and Zhao, Vincent Y and Ma, Ji and Luan, Yi and Ni, Jianmo and Lu, Jing and Bakalov, Anton and Guu, Kelvin and Hall, Keith and Chang, Ming-Wei},
  booktitle={The Eleventh International Conference on Learning Representations},
  year={2022}
}
@article{wei2021finetuned,
  title={Finetuned language models are zero-shot learners},
  author={Wei, Jason and Bosma, Maarten and Zhao, Vincent Y and Guu, Kelvin and Yu, Adams Wei and Lester, Brian and Du, Nan and Dai, Andrew M and Le, Quoc V},
  journal={arXiv preprint arXiv:2109.01652},
  year={2021}
}