@Misc{Google,
  title = {{ARC}ore},
  author = {Google},
  note = {\url{https://developers.google.com/ar}}
}

@Misc{Apple,
  title = {{ARK}it},
  author = {Apple},
  note = {\url{https://developer.apple.com/augmented-reality}}
}

@Misc{Meta,
  title = {Oculus},
  author = {Meta},
  note = {\url{https://store.facebook.com/quest}}
}

@inproceedings{fan2024schurvins,
  title={SchurVINS: Schur Complement-Based Lightweight Visual Inertial Navigation System},
  author={Fan, Yunfei and Zhao, Tianyu and Wang, Guidong},
  booktitle={Proceedings of the IEEE/CVF Conference on Computer Vision and Pattern Recognition},
  pages={17964--17973},
  year={2024}
}

@inproceedings{wu2017vins,
  title={Vins on wheels},
  author={Wu, Kejian J and Guo, Chao X and Georgiou, Georgios and Roumeliotis, Stergios I},
  booktitle={2017 IEEE International Conference on Robotics and Automation (ICRA)},
  pages={5155--5162},
  year={2017},
  organization={IEEE}
}

@inproceedings{delmerico2018benchmark,
  title={A benchmark comparison of monocular visual-inertial odometry algorithms for flying robots},
  author={Delmerico, Jeffrey and Scaramuzza, Davide},
  booktitle={2018 IEEE international conference on robotics and automation (ICRA)},
  pages={2502--2509},
  year={2018},
  organization={IEEE}
}

@article{kang2023view,
  title={VIEW: Visual-Inertial External Wrench Estimator for Legged Robot},
  author={Kang, Jeonguk and Kim, Hyunbin and Kim, Kyung-Soo},
  journal={IEEE Robotics and Automation Letters},
  year={2023},
  publisher={IEEE}
}

@article{song2024accurate,
  title={An Accurate Filter-based Visual Inertial External Force Estimator via Instantaneous Accelerometer Update},
  author={Song, Junlin and Richard, Antoine and Olivares-Mendez, Miguel},
  journal={arXiv preprint arXiv:2408.16354},
  year={2024}
}

@inproceedings{bayard2019vision,
  title={Vision-based navigation for the NASA mars helicopter},
  author={Bayard, David S and Conway, Dylan T and Brockers, Roland and Delaune, Jeff H and Matthies, Larry H and Grip, H{\aa}vard F and Merewether, Gene B and Brown, Travis L and San Martin, Alejandro M},
  booktitle={AIAA Scitech 2019 Forum},
  pages={1411},
  year={2019}
}

@article{delaune2021range,
  title={Range-visual-inertial odometry: Scale observability without excitation},
  author={Delaune, Jeff and Bayard, David S and Brockers, Roland},
  journal={IEEE Robotics and Automation Letters},
  volume={6},
  number={2},
  pages={2421--2428},
  year={2021},
  publisher={IEEE}
}

@article{leutenegger2015keyframe,
  title={Keyframe-based visual--inertial odometry using nonlinear optimization},
  author={Leutenegger, Stefan and Lynen, Simon and Bosse, Michael and Siegwart, Roland and Furgale, Paul},
  journal={The International Journal of Robotics Research},
  volume={34},
  number={3},
  pages={314--334},
  year={2015},
  publisher={SAGE Publications Sage UK: London, England}
}

@article{qin2018vins,
  title={Vins-mono: A robust and versatile monocular visual-inertial state estimator},
  author={Qin, Tong and Li, Peiliang and Shen, Shaojie},
  journal={IEEE transactions on robotics},
  volume={34},
  number={4},
  pages={1004--1020},
  year={2018},
  publisher={IEEE}
}

@article{campos2021orb,
  title={Orb-slam3: An accurate open-source library for visual, visual--inertial, and multimap slam},
  author={Campos, Carlos and Elvira, Richard and Rodr{\'\i}guez, Juan J G{\'o}mez and Montiel, Jos{\'e} MM and Tard{\'o}s, Juan D},
  journal={IEEE Transactions on Robotics},
  volume={37},
  number={6},
  pages={1874--1890},
  year={2021},
  publisher={IEEE}
}

@article{bloesch2017iterated,
  title={Iterated extended Kalman filter based visual-inertial odometry using direct photometric feedback},
  author={Bloesch, Michael and Burri, Michael and Omari, Sammy and Hutter, Marco and Siegwart, Roland},
  journal={The International Journal of Robotics Research},
  volume={36},
  number={10},
  pages={1053--1072},
  year={2017},
  publisher={SAGE Publications Sage UK: London, England}
}

@inproceedings{mourikis2007multi,
  title={A multi-state constraint Kalman filter for vision-aided inertial navigation},
  author={Mourikis, Anastasios I and Roumeliotis, Stergios I},
  booktitle={Proceedings 2007 IEEE international conference on robotics and automation},
  pages={3565--3572},
  year={2007},
  organization={IEEE}
}

@inproceedings{geneva2020openvins,
  title={Openvins: A research platform for visual-inertial estimation},
  author={Geneva, Patrick and Eckenhoff, Kevin and Lee, Woosik and Yang, Yulin and Huang, Guoquan},
  booktitle={2020 IEEE International Conference on Robotics and Automation (ICRA)},
  pages={4666--4672},
  year={2020},
  organization={IEEE}
}

@inproceedings{merrill2023fast,
  title={Fast Monocular Visual-Inertial Initialization Leveraging Learned Single-View Depth.},
  author={Merrill, Nathaniel W and Geneva, Patrick and Katragadda, Saimouli and Chen, Chuchu and Huang, Guoquan},
  booktitle={Robotics: Science and Systems},
  year={2023}
}

@inproceedings{he2023rotation,
  title={A rotation-translation-decoupled solution for robust and efficient visual-inertial initialization},
  author={He, Yijia and Xu, Bo and Ouyang, Zhanpeng and Li, Hongdong},
  booktitle={Proceedings of the IEEE/CVF Conference on Computer Vision and Pattern Recognition},
  pages={739--748},
  year={2023}
}

@inproceedings{qin2017robust,
  title={Robust initialization of monocular visual-inertial estimation on aerial robots},
  author={Qin, Tong and Shen, Shaojie},
  booktitle={2017 IEEE/RSJ International Conference on Intelligent Robots and Systems (IROS)},
  pages={4225--4232},
  year={2017},
  organization={IEEE}
}

@inproceedings{campos2020inertial,
  title={Inertial-only optimization for visual-inertial initialization},
  author={Campos, Carlos and Montiel, Jos{\'e} MM and Tard{\'o}s, Juan D},
  booktitle={2020 IEEE International Conference on Robotics and Automation (ICRA)},
  pages={51--57},
  year={2020},
  organization={IEEE}
}

@article{martinelli2014closed,
  title={Closed-form solution of visual-inertial structure from motion},
  author={Martinelli, Agostino},
  journal={International journal of computer vision},
  volume={106},
  number={2},
  pages={138--152},
  year={2014},
  publisher={Springer}
}

@article{evangelidis2021revisiting,
  title={Revisiting visual-inertial structure-from-motion for odometry and SLAM initialization},
  author={Evangelidis, Georgios and Micusik, Branislav},
  journal={IEEE Robotics and Automation Letters},
  volume={6},
  number={2},
  pages={1415--1422},
  year={2021},
  publisher={IEEE}
}

@inproceedings{dong2012estimator,
  title={Estimator initialization in vision-aided inertial navigation with unknown camera-IMU calibration},
  author={Dong-Si, Tue-Cuong and Mourikis, Anastasios I},
  booktitle={2012 IEEE/RSJ International Conference on Intelligent Robots and Systems},
  pages={1064--1071},
  year={2012},
  organization={IEEE}
}

@techreport{geneva2022openvins,
  title={Openvins state initialization: Details and derivations},
  author={Geneva, Patrick and Huang, Guoquan},
  year={2022},
  institution={Tech. Rep. RPNG-2022-INIT, University of Delaware, 2022. Available: https~â€¦}
}

@article{kaiser2016simultaneous,
  title={Simultaneous state initialization and gyroscope bias calibration in visual inertial aided navigation},
  author={Kaiser, Jacques and Martinelli, Agostino and Fontana, Flavio and Scaramuzza, Davide},
  journal={IEEE Robotics and Automation Letters},
  volume={2},
  number={1},
  pages={18--25},
  year={2016},
  publisher={IEEE}
}

@inproceedings{zhou2022learned,
  title={Learned monocular depth priors in visual-inertial initialization},
  author={Zhou, Yunwen and Kar, Abhishek and Turner, Eric and Kowdle, Adarsh and Guo, Chao X and DuToit, Ryan C and Tsotsos, Konstantine},
  booktitle={European conference on computer vision},
  pages={552--570},
  year={2022},
  organization={Springer}
}

@article{merrill2024fast,
  title={Fast and robust learned single-view depth-aided monocular visual-inertial initialization},
  author={Merrill, Nathaniel and Geneva, Patrick and Katragadda, Saimouli and Chen, Chuchu and Huang, Guoquan},
  journal={The International Journal of Robotics Research},
  pages={02783649241262452},
  year={2024},
  publisher={SAGE Publications Sage UK: London, England}
}

@article{forster2016manifold,
  title={On-manifold preintegration for real-time visual--inertial odometry},
  author={Forster, Christian and Carlone, Luca and Dellaert, Frank and Scaramuzza, Davide},
  journal={IEEE Transactions on Robotics},
  volume={33},
  number={1},
  pages={1--21},
  year={2016},
  publisher={IEEE}
}

@inproceedings{kneip2013direct,
  title={Direct optimization of frame-to-frame rotation},
  author={Kneip, Laurent and Lynen, Simon},
  booktitle={Proceedings of the IEEE International Conference on Computer Vision},
  pages={2352--2359},
  year={2013}
}

@article{sola2017quaternion,
  title={Quaternion kinematics for the error-state Kalman filter},
  author={Sola, Joan},
  journal={arXiv preprint arXiv:1711.02508},
  year={2017}
}

@article{eckenhoff2019closed,
  title={Closed-form preintegration methods for graph-based visual--inertial navigation},
  author={Eckenhoff, Kevin and Geneva, Patrick and Huang, Guoquan},
  journal={The International Journal of Robotics Research},
  volume={38},
  number={5},
  pages={563--586},
  year={2019},
  publisher={SAGE Publications Sage UK: London, England}
}

@Misc{update-feat,
  title = {Camera Measurement Update},
  author = {OpenVINS},
  note = {\url{https://docs.openvins.com/update-feat.html}}
}

@article{burri2016euroc,
  title={The EuRoC micro aerial vehicle datasets},
  author={Burri, Michael and Nikolic, Janosch and Gohl, Pascal and Schneider, Thomas and Rehder, Joern and Omari, Sammy and Achtelik, Markus W and Siegwart, Roland},
  journal={The International Journal of Robotics Research},
  volume={35},
  number={10},
  pages={1157--1163},
  year={2016},
  publisher={SAGE Publications Sage UK: London, England}
}

@inproceedings{schubert2018tum,
  title={The TUM VI benchmark for evaluating visual-inertial odometry},
  author={Schubert, David and Goll, Thore and Demmel, Nikolaus and Usenko, Vladyslav and St{\"u}ckler, J{\"o}rg and Cremers, Daniel},
  booktitle={2018 IEEE/RSJ International Conference on Intelligent Robots and Systems (IROS)},
  pages={1680--1687},
  year={2018},
  organization={IEEE}
}

@inproceedings{zhang2018tutorial,
  title={A tutorial on quantitative trajectory evaluation for visual (-inertial) odometry},
  author={Zhang, Zichao and Scaramuzza, Davide},
  booktitle={2018 IEEE/RSJ International Conference on Intelligent Robots and Systems (IROS)},
  pages={7244--7251},
  year={2018},
  organization={IEEE}
}

@inproceedings{patel2023covins,
  title={Covins-g: A generic back-end for collaborative visual-inertial slam},
  author={Patel, Manthan and Karrer, Marco and B{\"a}nninger, Philipp and Chli, Margarita},
  booktitle={2023 IEEE International Conference on Robotics and Automation (ICRA)},
  pages={2076--2082},
  year={2023},
  organization={IEEE}
}