@inproceedings{campos2020inertial,
  title={Inertial-only optimization for visual-inertial initialization},
  author={Campos, Carlos and Montiel, Jos{\'e} MM and Tard{\'o}s, Juan D},
  booktitle={2020 IEEE International Conference on Robotics and Automation (ICRA)},
  pages={51--57},
  year={2020},
  organization={IEEE}
}

@article{campos2021orb,
  title={Orb-slam3: An accurate open-source library for visual, visual--inertial, and multimap slam},
  author={Campos, Carlos and Elvira, Richard and Rodr{\'\i}guez, Juan J G{\'o}mez and Montiel, Jos{\'e} MM and Tard{\'o}s, Juan D},
  journal={IEEE Transactions on Robotics},
  volume={37},
  number={6},
  pages={1874--1890},
  year={2021},
  publisher={IEEE}
}

@inproceedings{dong2012estimator,
  title={Estimator initialization in vision-aided inertial navigation with unknown camera-IMU calibration},
  author={Dong-Si, Tue-Cuong and Mourikis, Anastasios I},
  booktitle={2012 IEEE/RSJ International Conference on Intelligent Robots and Systems},
  pages={1064--1071},
  year={2012},
  organization={IEEE}
}

@article{evangelidis2021revisiting,
  title={Revisiting visual-inertial structure-from-motion for odometry and SLAM initialization},
  author={Evangelidis, Georgios and Micusik, Branislav},
  journal={IEEE Robotics and Automation Letters},
  volume={6},
  number={2},
  pages={1415--1422},
  year={2021},
  publisher={IEEE}
}

@article{forster2016manifold,
  title={On-manifold preintegration for real-time visual--inertial odometry},
  author={Forster, Christian and Carlone, Luca and Dellaert, Frank and Scaramuzza, Davide},
  journal={IEEE Transactions on Robotics},
  volume={33},
  number={1},
  pages={1--21},
  year={2016},
  publisher={IEEE}
}

@techreport{geneva2022openvins,
  title={Openvins state initialization: Details and derivations},
  author={Geneva, Patrick and Huang, Guoquan},
  year={2022},
  institution={Tech. Rep. RPNG-2022-INIT, University of Delaware, 2022. Available: https~â€¦}
}

@inproceedings{he2023rotation,
  title={A rotation-translation-decoupled solution for robust and efficient visual-inertial initialization},
  author={He, Yijia and Xu, Bo and Ouyang, Zhanpeng and Li, Hongdong},
  booktitle={Proceedings of the IEEE/CVF Conference on Computer Vision and Pattern Recognition},
  pages={739--748},
  year={2023}
}

@article{kaiser2016simultaneous,
  title={Simultaneous state initialization and gyroscope bias calibration in visual inertial aided navigation},
  author={Kaiser, Jacques and Martinelli, Agostino and Fontana, Flavio and Scaramuzza, Davide},
  journal={IEEE Robotics and Automation Letters},
  volume={2},
  number={1},
  pages={18--25},
  year={2016},
  publisher={IEEE}
}

@inproceedings{kneip2013direct,
  title={Direct optimization of frame-to-frame rotation},
  author={Kneip, Laurent and Lynen, Simon},
  booktitle={Proceedings of the IEEE International Conference on Computer Vision},
  pages={2352--2359},
  year={2013}
}

@article{martinelli2014closed,
  title={Closed-form solution of visual-inertial structure from motion},
  author={Martinelli, Agostino},
  journal={International journal of computer vision},
  volume={106},
  number={2},
  pages={138--152},
  year={2014},
  publisher={Springer}
}

@inproceedings{merrill2023fast,
  title={Fast Monocular Visual-Inertial Initialization Leveraging Learned Single-View Depth.},
  author={Merrill, Nathaniel W and Geneva, Patrick and Katragadda, Saimouli and Chen, Chuchu and Huang, Guoquan},
  booktitle={Robotics: Science and Systems},
  year={2023}
}

@article{merrill2024fast,
  title={Fast and robust learned single-view depth-aided monocular visual-inertial initialization},
  author={Merrill, Nathaniel and Geneva, Patrick and Katragadda, Saimouli and Chen, Chuchu and Huang, Guoquan},
  journal={The International Journal of Robotics Research},
  pages={02783649241262452},
  year={2024},
  publisher={SAGE Publications Sage UK: London, England}
}

@inproceedings{qin2017robust,
  title={Robust initialization of monocular visual-inertial estimation on aerial robots},
  author={Qin, Tong and Shen, Shaojie},
  booktitle={2017 IEEE/RSJ International Conference on Intelligent Robots and Systems (IROS)},
  pages={4225--4232},
  year={2017},
  organization={IEEE}
}

@article{qin2018vins,
  title={Vins-mono: A robust and versatile monocular visual-inertial state estimator},
  author={Qin, Tong and Li, Peiliang and Shen, Shaojie},
  journal={IEEE transactions on robotics},
  volume={34},
  number={4},
  pages={1004--1020},
  year={2018},
  publisher={IEEE}
}

@inproceedings{zhou2022learned,
  title={Learned monocular depth priors in visual-inertial initialization},
  author={Zhou, Yunwen and Kar, Abhishek and Turner, Eric and Kowdle, Adarsh and Guo, Chao X and DuToit, Ryan C and Tsotsos, Konstantine},
  booktitle={European conference on computer vision},
  pages={552--570},
  year={2022},
  organization={Springer}
}

