@inproceedings{NEURIPS2018_e6384711,
 author = {Nachum, Ofir and Gu, Shixiang (Shane) and Lee, Honglak and Levine, Sergey},
 booktitle = {Advances in Neural Information Processing Systems},
 editor = {S. Bengio and H. Wallach and H. Larochelle and K. Grauman and N. Cesa-Bianchi and R. Garnett},
 pages = {},
 publisher = {Curran Associates, Inc.},
 title = {Data-Efficient Hierarchical Reinforcement Learning},
 url = {https://proceedings.neurips.cc/paper_files/paper/2018/file/e6384711491713d29bc63fc5eeb5ba4f-Paper.pdf},
 volume = {31},
 year = {2018}
}

@inproceedings{chi2023diffusionpolicy,
	title={Diffusion Policy: Visuomotor Policy Learning via Action Diffusion},
	author={Chi, Cheng and Feng, Siyuan and Du, Yilun and Xu, Zhenjia and Cousineau, Eric and Burchfiel, Benjamin and Song, Shuran},
	booktitle={Proceedings of Robotics: Science and Systems (RSS)},
	year={2023}
}

@inproceedings{corl,
    author = {Dian Wang and Robin Walters and Xupeng Zhu and Robert Platt},
    booktitle = {5th Annual Conference on Robot Learning},
    title = {{Equivariant {$Q$} Learning in Spatial Action Spaces}},
    year = {2021},
    bdsk-url-1 = {https://openreview.net/forum?id=IScz42A3iCI}}

@inproceedings{corl22,
    author = {Dian Wang and Mingxi Jia and Xupeng Zhu and Robin Walters and Robert Platt},
    booktitle = {6th Annual Conference on Robot Learning},
    title = {{On-Robot Learning With Equivariant Models}},
    year = {2022},
    bdsk-url-1 = {https://openreview.net/forum?id=K8W6ObPZQyh}}

@inproceedings{eisner2024deep,
    title={Deep {SE}(3)-Equivariant Geometric Reasoning for Precise Placement Tasks},
    author={Ben Eisner and Yi Yang and Todor Davchev and Mel Vecerik and Jonathan Scholz and David Held},
    booktitle={The Twelfth International Conference on Learning Representations},
    year={2024},
    url={https://openreview.net/forum?id=2inBuwTyL2}}

@article{florensa2017stochastic,
  title={Stochastic neural networks for hierarchical reinforcement learning},
  author={Florensa, Carlos and Duan, Yan and Abbeel, Pieter},
  journal={arXiv preprint arXiv:1704.03012},
  year={2017}
}

@inproceedings{gao2024riemann,
    title={Ri{EM}ann: Near Real-Time {SE}(3)-Equivariant Robot Manipulation without Point Cloud Segmentation},
    author={Chongkai Gao and Zhengrong Xue and Shuying Deng and Tianhai Liang and Siqi Yang and Lin Shao and Huazhe Xu},
    booktitle={8th Annual Conference on Robot Learning},
    year={2024},
    url={https://openreview.net/forum?id=eJHy0AF5TO}}

@article{gervet2023act3d,
  title={Act3d: Infinite resolution action detection transformer for robotic manipulation},
  author={Gervet, Theophile and Xian, Zhou and Gkanatsios, Nikolaos and Fragkiadaki, Katerina},
  journal={arXiv preprint arXiv:2306.17817},
  year={2023}
}

@inproceedings{goyal2023rvt,
  title={Rvt: Robotic view transformer for 3d object manipulation},
  author={Goyal, Ankit and Xu, Jie and Guo, Yijie and Blukis, Valts and Chao, Yu-Wei and Fox, Dieter},
  booktitle={Conference on Robot Learning},
  pages={694--710},
  year={2023},
  organization={PMLR}
}

@article{gualtieri2020learning,
  title={Learning manipulation skills via hierarchical spatial attention},
  author={Gualtieri, Marcus and Platt, Robert},
  journal={IEEE Transactions on Robotics},
  volume={36},
  number={4},
  pages={1067--1078},
  year={2020},
  publisher={IEEE}
}

@inproceedings{huang2023edge,
    author = {Haojie Huang and Dian Wang and Xupeng Zhu and Robin Walters and Robert Platt},
    booktitle = {International Conference on Robotics and Automation (ICRA)},
    title = {{Edge Grasp Network: A Graph-Based {$\mathrm{SE}(3)$}-invariant Approach to Grasp Detection}},
    year = {2023}}

@article{huang2023leveraging,
    author = {Huang, Haojie and Wang, Dian and Tangri, Arsh and Walters, Robin and Platt, Robert},
    journal = {The International Journal of Robotics Research},
    title = {{Leveraging Symmetries in Pick and Place}},
    year = {2023}}

@inproceedings{huang2024fourier,
    title={Fourier Transporter: Bi-Equivariant Robotic Manipulation in 3D},
    author={Haojie Huang and Owen Lewis Howell and Dian Wang and Xupeng Zhu and Robert Platt and Robin Walters},
    booktitle={The Twelfth International Conference on Learning Representations},
    year={2024},
    url={https://openreview.net/forum?id=UulwvAU1W0}}

@inproceedings{huang2024imagination,
    title={{IMAGINATION POLICY}: Using Generative Point Cloud Models for Learning Manipulation Policies},
    author={Haojie Huang and Karl Schmeckpeper and Dian Wang and Ondrej Biza and Yaoyao Qian and Haotian Liu and Mingxi Jia and Robert Platt and Robin Walters},
    booktitle={8th Annual Conference on Robot Learning},
    year={2024},
    url={https://openreview.net/forum?id=56IzghzjfZ}}

@article{huang2024match,
  title={MATCH POLICY: A Simple Pipeline from Point Cloud Registration to Manipulation Policies},
  author={Huang, Haojie and Liu, Haotian and Wang, Dian and Walters, Robin and Platt, Robert},
  journal={arXiv preprint arXiv:2409.15517},
  year={2024}
}

@inproceedings{huorbitgrasp,
    title={OrbitGrasp: SE (3)-Equivariant Grasp Learning},
    author={Hu, Boce and Zhu, Xupeng and Wang, Dian and Dong, Zihao and Huang, Haojie and Wang, Chenghao and Walters, Robin and Platt, Robert},
    booktitle={8th Annual Conference on Robot Learning},
    year={2024}}

@inproceedings{iclr22,
	author = {Dian Wang and Robin Walters and Robert Platt},
	booktitle = {International Conference on Learning Representations},
	title = {{{$\mathrm{SO}(2)$}-Equivariant Reinforcement Learning}},
	year = {2022},
	bdsk-url-1 = {https://openreview.net/forum?id=7F9cOhdvfk_}}

@inproceedings{james2022coarse,
  title={Coarse-to-fine q-attention: Efficient learning for visual robotic manipulation via discretisation},
  author={James, Stephen and Wada, Kentaro and Laidlow, Tristan and Davison, Andrew J},
  booktitle={Proceedings of the IEEE/CVF Conference on Computer Vision and Pattern Recognition},
  pages={13739--13748},
  year={2022}
}

@article{james2022q,
  title={Q-attention: Enabling efficient learning for vision-based robotic manipulation},
  author={James, Stephen and Davison, Andrew J},
  journal={IEEE Robotics and Automation Letters},
  volume={7},
  number={2},
  pages={1612--1619},
  year={2022},
  publisher={IEEE}
}

@inproceedings{jia2023seil,
    author = {Mingxi Jia and Dian Wang and Guanang Su and David Klee and Xupeng Zhu and Robin Walters and Robert Platt},
    booktitle = {International Conference on Robotics and Automation (ICRA)},
    title = {{SEIL: Simulation-augmented Equivariant Imitation Learning}},
    year = {2023}}

@inproceedings{ke2021grasping,
  title={Grasping with chopsticks: Combating covariate shift in model-free imitation learning for fine manipulation},
  author={Ke, Liyiming and Wang, Jingqiang and Bhattacharjee, Tapomayukh and Boots, Byron and Srinivasa, Siddhartha},
  booktitle={2021 IEEE International Conference on Robotics and Automation (ICRA)},
  pages={6185--6191},
  year={2021},
  organization={IEEE}
}

@article{ke20243d,
  title={3d diffuser actor: Policy diffusion with 3d scene representations},
  author={Ke, Tsung-Wei and Gkanatsios, Nikolaos and Fragkiadaki, Katerina},
  journal={arXiv preprint arXiv:2402.10885},
  year={2024}
}

@inproceedings{kim2023se,
    author = {Kim, Seungyeon and Lim, Byeongdo and Lee, Yonghyeon and Park, Frank C},
    booktitle = {Conference on Robot Learning},
    pages = {427--436},
    title = {{Se (2)-equivariant pushing dynamics models for tabletop object manipulations}},
    year = {2023}}

@article{kohler2023symmetric,
    author = {Kohler, Colin and Srikanth, Anuj Shrivatsav and Arora, Eshan and Platt, Robert},
    journal = {arXiv preprint arXiv:2308.14670},
    title = {Symmetric models for visual force policy learning},
    year = {2023}}

@article{levy2018hierarchical,
  title={Hierarchical reinforcement learning with hindsight},
  author={Levy, Andrew and Platt, Robert and Saenko, Kate},
  journal={arXiv preprint arXiv:1805.08180},
  year={2018}
}

@inproceedings{lim2024equigraspflow,
    title={EquiGraspFlow: {SE}(3)-Equivariant 6-DoF Grasp Pose Generative Flows},
    author={Byeongdo Lim and Jongmin Kim and Jihwan Kim and Yonghyeon Lee and Frank C. Park},
    booktitle={8th Annual Conference on Robot Learning},
    year={2024},
    url={https://openreview.net/forum?id=5lSkn5v4LK}}

@inproceedings{liu2023continual,
    author = {Liu, Shiqi and Xu, Mengdi and Huang, Peide and Zhang, Xilun and Liu, Yongkang and Oguchi, Kentaro and Zhao, Ding},
    booktitle = {Conference on Robot Learning},
    organization = {PMLR},
    pages = {222--240},
    title = {{Continual Vision-based Reinforcement Learning with Group Symmetries}},
    year = {2023}}

@article{ma2024hierarchical,
  author    = {Ma, Xiao and Patidar, Sumit and Haughton, Iain and James, Stephen},
  title     = {Hierarchical Diffusion Policy for Kinematics-Aware Multi-Task Robotic Manipulation},
  journal   = {CVPR},
  year      = {2024},
}

@article{mandlekar2021matters,
  title={What matters in learning from offline human demonstrations for robot manipulation},
  author={Mandlekar, Ajay and Xu, Danfei and Wong, Josiah and Nasiriany, Soroush and Wang, Chen and Kulkarni, Rohun and Fei-Fei, Li and Savarese, Silvio and Zhu, Yuke and Mart{\'\i}n-Mart{\'\i}n, Roberto},
  journal={arXiv preprint arXiv:2108.03298},
  year={2021}
}

@inproceedings{neural_descriptor,
    author = {Simeonov, Anthony and Du, Yilun and Tagliasacchi, Andrea and Tenenbaum, Joshua B and Rodriguez, Alberto and Agrawal, Pulkit and Sitzmann, Vincent},
    booktitle = {2022 International Conference on Robotics and Automation (ICRA)},
    organization = {IEEE},
    pages = {6394--6400},
    title = {{Neural Descriptor Fields: SE(3)-Equivariant Object Representations for Manipulation}},
    year = {2022}}

@inproceedings{nguyen2023equivariant,
    author = {Nguyen, Hai Huu and Baisero, Andrea and Klee, David and Wang, Dian and Platt, Robert and Amato, Christopher},
    booktitle = {Conference on Robot Learning},
    pages = {3309--3320},
    title = {Equivariant reinforcement learning under partial observability},
    year = {2023}}

@article{nguyen2024symmetry,
    author = {Nguyen, Hai and Kozuno, Tadashi and Beltran-Hernandez, Cristian C and Hamaya, Masashi},
    journal = {arXiv preprint arXiv:2402.18002},
    title = {Symmetry-aware Reinforcement Learning for Robotic Assembly under Partial Observability with a Soft Wrist},
    year = {2024}}

@inproceedings{pan2023tax,
    author = {Pan, Chuer and Okorn, Brian and Zhang, Harry and Eisner, Ben and Held, David},
    booktitle = {Conference on Robot Learning},
    organization = {PMLR},
    pages = {1783--1792},
    title = {{TAX-Pose: Task-Specific Cross-Pose Estimation for Robot Manipulation}},
    year = {2023}}

@inproceedings{rss22haojie,
    author = {Huang, Haojie and Wang, Dian and Walters, Robin and Platt, Robert},
    booktitle = {Robotics: Science and Systems},
    title = {{Equivariant Transporter Network}},
    year = {2022}}

@inproceedings{rss22xupeng,
	author = {Zhu, Xupeng and Wang, Dian and Biza, Ondrej and Su, Guanang and Walters, Robin and Platt, Robert},
	booktitle = {Robotics: Science and Systems},
	title = {{Sample Efficient Grasp Learning Using Equivariant Models}},
	year = {2022}}

@article{ryu2023diffusion,
	author = {Ryu, Hyunwoo and Kim, Jiwoo and Chang, Junwoo and Ahn, Hyun Seok and Seo, Joohwan and Kim, Taehan and Choi, Jongeun and Horowitz, Roberto},
	journal = {arXiv preprint arXiv:2309.02685},
	title = {{Diffusion-EDFs: Bi-equivariant Denoising Generative Modeling on SE(3) for Visual Robotic Manipulation}},
	year = {2023}}

@inproceedings{ryu2023equivariant,
    author = {Hyunwoo Ryu and Hong-in Lee and Jeong-Hoon Lee and Jongeun Choi},
    booktitle = {The Eleventh International Conference on Learning Representations},
    title = {{Equivariant Descriptor Fields: {SE}(3)-Equivariant Energy-Based Models for End-to-End Visual Robotic Manipulation Learning}},
    year = {2023},
    bdsk-url-1 = {https://openreview.net/forum?id=dnjZSPGmY5O}}

@article{sharma2017learning,
  title={Learning to factor policies and action-value functions: Factored action space representations for deep reinforcement learning},
  author={Sharma, Sahil and Suresh, Aravind and Ramesh, Rahul and Ravindran, Balaraman},
  journal={arXiv preprint arXiv:1705.07269},
  year={2017}
}

@inproceedings{shridhar2023perceiver,
  title={Perceiver-actor: A multi-task transformer for robotic manipulation},
  author={Shridhar, Mohit and Manuelli, Lucas and Fox, Dieter},
  booktitle={Conference on Robot Learning},
  pages={785--799},
  year={2023},
  organization={PMLR}
}

@inproceedings{simeonov2023se,
    author = {Simeonov, Anthony and Du, Yilun and Lin, Yen-Chen and Garcia, Alberto Rodriguez and Kaelbling, Leslie Pack and Lozano-P{\'e}rez, Tom{\'a}s and Agrawal, Pulkit},
    booktitle = {Conference on Robot Learning},
    organization = {PMLR},
    pages = {835--846},
    title = {{SE(3)-Equivariant Relational Rearrangement with Neural Descriptor Fields}},
    year = {2023}}

@article{song2020grasping,
title={Grasping in the Wild: Learning 6DoF Closed-Loop Grasping from Low-Cost Demonstrations},
author={ Song, Shuran and Zeng, Andy and Lee, Johnny and Funkhouser, Thomas},
journal={Robotics and Automation Letters},
year={2020} 
}

@article{toyer2020magical,
	author = {Toyer, Sam and Shah, Rohin and Critch, Andrew and Russell, Stuart},
	journal = {Advances in Neural Information Processing Systems},
	pages = {18284--18295},
	title = {{The Magical Benchmark for Robust Imitation}},
	volume = {33},
	year = {2020}}

@inproceedings{vezhnevets2017feudal,
  title={Feudal networks for hierarchical reinforcement learning},
  author={Vezhnevets, Alexander Sasha and Osindero, Simon and Schaul, Tom and Heess, Nicolas and Jaderberg, Max and Silver, David and Kavukcuoglu, Koray},
  booktitle={International conference on machine learning},
  pages={3540--3549},
  year={2017},
  organization={PMLR}
}

@inproceedings{wang2020policy,
  title={Policy learning in SE (3) action spaces},
  author={Wang, Dian and Kohler, Colin and Platt, Robert},
  booktitle={Proceedings of the Conference on Robot Learning},
  year={2020}
}

@article{wang2024equivariant,
  title={Equivariant diffusion policy},
  author={Wang, Dian and Hart, Stephen and Surovik, David and Kelestemur, Tarik and Huang, Haojie and Zhao, Haibo and Yeatman, Mark and Wang, Jiuguang and Walters, Robin and Platt, Robert},
  journal={arXiv preprint arXiv:2407.01812},
  year={2024}
}

@inproceedings{wanggeneral,
  title={A General Theory of Correct, Incorrect, and Extrinsic Equivariance},
  author={Wang, Dian and Zhu, Xupeng and Park, Jung Yeon and Jia, Mingxi and Su, Guanang and Platt, Robert and Walters, Robin},
  booktitle={Thirty-seventh Conference on Neural Information Processing Systems}
}

@inproceedings{wangmathrm,
  title={SO(2)-Equivariant Reinforcement Learning},
  author={Wang, Dian and Walters, Robin and Platt, Robert},
  year={2022},
  booktitle={International Conference on Learning Representations}
}

@article{wen2020efficiency,
  title={On efficiency in hierarchical reinforcement learning},
  author={Wen, Zheng and Precup, Doina and Ibrahimi, Morteza and Barreto, Andre and Van Roy, Benjamin and Singh, Satinder},
  journal={Advances in Neural Information Processing Systems},
  volume={33},
  pages={6708--6718},
  year={2020}
}

@inproceedings{xian2023chaineddiffuser,
  title={Chaineddiffuser: Unifying trajectory diffusion and keypose prediction for robotic manipulation},
  author={Xian, Zhou and Gkanatsios, Nikolaos and Gervet, Theophile and Ke, Tsung-Wei and Fragkiadaki, Katerina},
  booktitle={7th Annual Conference on Robot Learning},
  year={2023}
}

@inproceedings{yang2024equivact,
    title={Equivact: Sim (3)-equivariant visuomotor policies beyond rigid object manipulation},
    author={Yang, Jingyun and Deng, Congyue and Wu, Jimmy and Antonova, Rika and Guibas, Leonidas and Bohg, Jeannette},
    booktitle={2024 IEEE international conference on robotics and automation (ICRA)},
    pages={9249--9255},
    year={2024},
    organization={IEEE}}

@article{ye2022bagging,
  title={Bagging for Gaussian mixture regression in robot learning from demonstration},
  author={Ye, Congcong and Yang, Jixiang and Ding, Han},
  journal={Journal of Intelligent Manufacturing},
  volume={33},
  number={3},
  pages={867--879},
  year={2022},
  publisher={Springer}
}

@article{ze20243d,
  title={3d diffusion policy},
  author={Ze, Yanjie and Zhang, Gu and Zhang, Kangning and Hu, Chenyuan and Wang, Muhan and Xu, Huazhe},
  journal={arXiv preprint arXiv:2403.03954},
  year={2024}
}

@inproceedings{zhang2018deep,
	author = {Zhang, Tianhao and McCarthy, Zoe and Jow, Owen and Lee, Dennis and Chen, Xi and Goldberg, Ken and Abbeel, Pieter},
	booktitle = {2018 IEEE International Conference on Robotics and Automation (ICRA)},
	organization = {IEEE},
	pages = {5628--5635},
	title = {{Deep Imitation Learning for Complex Manipulation Tasks from Virtual Reality Teleoperation}},
	year = {2018}}

@article{zhao2023learning,
  title={Learning fine-grained bimanual manipulation with low-cost hardware},
  author={Zhao, Tony Z and Kumar, Vikash and Levine, Sergey and Finn, Chelsea},
  journal={arXiv preprint arXiv:2304.13705},
  year={2023}
}

@article{zhu2023robot,
  title={On robot grasp learning using equivariant models},
  author={Zhu, Xupeng and Wang, Dian and Su, Guanang and Biza, Ondrej and Walters, Robin and Platt, Robert},
  journal={Autonomous Robots},
  volume={47},
  number={8},
  pages={1175--1193},
  year={2023},
  publisher={Springer}
}

@inproceedings{zhu2023viola,
  title={Viola: Imitation learning for vision-based manipulation with object proposal priors},
  author={Zhu, Yifeng and Joshi, Abhishek and Stone, Peter and Zhu, Yuke},
  booktitle={Conference on Robot Learning},
  pages={1199--1210},
  year={2023},
  organization={PMLR}
}

