@article{chen2022performance,
  title={Performance evaluation of deep transfer learning on multi-class identification of common weed species in cotton production systems},
  author={Chen, Dong and Lu, Yuzhen and Li, Zhaojian and Young, Sierra},
  journal={Computers and Electronics in Agriculture},
  volume={198},
  pages={107091},
  year={2022},
  publisher={Elsevier}
}

@inproceedings{fawakherji2019uav,
  title={UAV image based crop and weed distribution estimation on embedded GPU boards},
  author={Fawakherji, Mulham and Potena, Ciro and Bloisi, Domenico D and Imperoli, Marco and Pretto, Alberto and Nardi, Daniele},
  booktitle={Computer Analysis of Images and Patterns: CAIP 2019 International Workshops, ViMaBi and DL-UAV, Salerno, Italy, September 6, 2019, Proceedings 18},
  pages={100--108},
  year={2019},
  organization={Springer}
}

@article{hasan2021survey,
  title={A survey of deep learning techniques for weed detection from images},
  author={Hasan, ASM Mahmudul and Sohel, Ferdous and Diepeveen, Dean and Laga, Hamid and Jones, Michael GK},
  journal={Computers and Electronics in Agriculture},
  volume={184},
  pages={106067},
  year={2021},
  publisher={Elsevier}
}

@article{hu2024deep,
  title={Deep learning techniques for in-crop weed recognition in large-scale grain production systems: a review},
  author={Hu, Kun and Wang, Zhiyong and Coleman, Guy and Bender, Asher and Yao, Tingting and Zeng, Shan and Song, Dezhen and Schumann, Arnold and Walsh, Michael},
  journal={Precision Agriculture},
  volume={25},
  number={1},
  pages={1--29},
  year={2024},
  publisher={Springer}
}

@article{jeon2011robust,
  title={Robust crop and weed segmentation under uncontrolled outdoor illumination},
  author={Jeon, Hong Y and Tian, Lei F and Zhu, Heping},
  journal={Sensors},
  volume={11},
  number={6},
  pages={6270--6283},
  year={2011},
  publisher={Molecular Diversity Preservation International (MDPI)}
}

@article{jiang2020cnn,
  title={CNN feature based graph convolutional network for weed and crop recognition in smart farming},
  author={Jiang, Honghua and Zhang, Chuanyin and Qiao, Yongliang and Zhang, Zhao and Zhang, Wenjing and Song, Changqing},
  journal={Computers and Electronics in Agriculture},
  volume={174},
  pages={105450},
  year={2020},
  publisher={Elsevier}
}

@inproceedings{long2015fully,
  title={Fully convolutional networks for semantic segmentation},
  author={Long, Jonathan and Shelhamer, Evan and Darrell, Trevor},
  booktitle={Proceedings of the IEEE conference on computer vision and pattern recognition},
  pages={3431--3440},
  year={2015}
}

@article{lu2023cottonweeddet12,
  title={CottonWeedDet12: A 12-class weed dataset of cotton production systems for benchmarking AI models for weed detection},
  author={Lu, Y},
  journal={Zenodo},
  year={2023}
}

@article{nasiri2022deep,
  title={Deep learning-based precision agriculture through weed recognition in sugar beet fields},
  author={Nasiri, Amin and Omid, Mahmoud and Taheri-Garavand, Amin and Jafari, Abdolabbas},
  journal={Sustainable computing: Informatics and systems},
  volume={35},
  pages={100759},
  year={2022},
  publisher={Elsevier}
}

@article{olsen2019deepweeds,
  title={DeepWeeds: A multiclass weed species image dataset for deep learning},
  author={Olsen, Alex and Konovalov, Dmitry A and Philippa, Bronson and Ridd, Peter and Wood, Jake C and Johns, Jamie and Banks, Wesley and Girgenti, Benjamin and Kenny, Owen and Whinney, James and others},
  journal={Scientific Reports},
  volume={9},
  number={1},
  pages={2058},
  year={2019},
  publisher={Nature Publishing Group UK London}
}

@article{parra2020edge,
  title={Edge detection for weed recognition in lawns},
  author={Parra, Lorena and Marin, Jose and Yousfi, Salima and Rinc{\'o}n, Gregorio and Mauri, Pedro Vicente and Lloret, Jaime},
  journal={Computers and Electronics in Agriculture},
  volume={176},
  pages={105684},
  year={2020},
  publisher={Elsevier}
}

@article{rahman2023performance,
  title={Performance evaluation of deep learning object detectors for weed detection for cotton},
  author={Rahman, Abdur and Lu, Yuzhen and Wang, Haifeng},
  journal={Smart Agricultural Technology},
  volume={3},
  pages={100126},
  year={2023},
  publisher={Elsevier}
}

@article{sharpe2020vegetation,
  title={Vegetation detection and discrimination within vegetable plasticulture row-middles using a convolutional neural network},
  author={Sharpe, Shaun M and Schumann, Arnold W and Yu, Jialin and Boyd, Nathan S},
  journal={Precision Agriculture},
  volume={21},
  pages={264--277},
  year={2020},
  publisher={Springer}
}

@inproceedings{steininger2023cropandweed,
  title={The cropandweed dataset: A multi-modal learning approach for efficient crop and weed manipulation},
  author={Steininger, Daniel and Trondl, Andreas and Croonen, Gerardus and Simon, Julia and Widhalm, Verena},
  booktitle={Proceedings of the IEEE/CVF Winter Conference on Applications of Computer Vision},
  pages={3729--3738},
  year={2023}
}

@article{sudars2020dataset,
  title={Dataset of annotated food crops and weed images for robotic computer vision control},
  author={Sudars, Kaspars and Jasko, Janis and Namatevs, Ivars and Ozola, Liva and Badaukis, Niks},
  journal={Data in brief},
  volume={31},
  pages={105833},
  year={2020},
  publisher={Elsevier}
}

@article{tao2022hybrid,
  title={A hybrid CNN--SVM classifier for weed recognition in winter rape field},
  author={Tao, Tao and Wei, Xinhua},
  journal={Plant Methods},
  volume={18},
  number={1},
  pages={29},
  year={2022},
  publisher={Springer}
}

@article{veeranampalayam2020comparison,
  title={Comparison of object detection and patch-based classification deep learning models on mid-to late-season weed detection in UAV imagery},
  author={Veeranampalayam Sivakumar, Arun Narenthiran and Li, Jiating and Scott, Stephen and Psota, Eric and J. Jhala, Amit and Luck, Joe D and Shi, Yeyin},
  journal={Remote Sensing},
  volume={12},
  number={13},
  pages={2136},
  year={2020},
  publisher={MDPI}
}

@article{you2020dnn,
  title={A DNN-based semantic segmentation for detecting weed and crop},
  author={You, Jie and Liu, Wei and Lee, Joonwhoan},
  journal={Computers and Electronics in Agriculture},
  volume={178},
  pages={105750},
  year={2020},
  publisher={Elsevier}
}

@article{yu2019weed,
  title={Weed detection in perennial ryegrass with deep learning convolutional neural network},
  author={Yu, Jialin and Schumann, Arnold W and Cao, Zhe and Sharpe, Shaun M and Boyd, Nathan S},
  journal={Frontiers in Plant Science},
  volume={10},
  pages={1422},
  year={2019},
  publisher={Frontiers Media SA}
}

@article{zhang2022segmentation,
  title={Segmentation algorithm for overlap recognition of seedling lettuce and weeds based on SVM and image blocking},
  author={Zhang, Lei and Zhang, Zhien and Wu, Chuanyu and Sun, Liang},
  journal={Computers and Electronics in Agriculture},
  volume={201},
  pages={107284},
  year={2022},
  publisher={Elsevier}
}

@article{zhang2024laser,
  title={Laser and optical radiation weed control: a critical review},
  author={Zhang, Hongbo and Cao, Deng and Zhou, Wenjing and Currie, Ken},
  journal={Precision Agriculture},
  pages={1--25},
  year={2024},
  publisher={Springer}
}

