@article{abukhalaf2023codex,
  title={On Codex Prompt Engineering for OCL Generation: An Empirical Study},
  author={Abukhalaf, Seif and Hamdaqa, Mohammad and Khomh, Foutse},
  journal={arXiv preprint arXiv:2303.16244},
  year={2023}
}

@article{achiam2023gpt,
  title={Gpt-4 technical report},
  author={Achiam, Josh and Adler, Steven and Agarwal, Sandhini and Ahmad, Lama and Akkaya, Ilge and Aleman, Florencia Leoni and Almeida, Diogo and Altenschmidt, Janko and Altman, Sam and Anadkat, Shyamal and others},
  journal={arXiv preprint arXiv:2303.08774},
  year={2023}
}

@article{borji2023categorical,
  title={A categorical archive of chatgpt failures},
  author={Borji, Ali},
  journal={arXiv preprint arXiv:2302.03494},
  year={2023}
}

@article{brown2020language,
  title={Language models are few-shot learners},
  author={Brown, Tom and Mann, Benjamin and Ryder, Nick and Subbiah, Melanie and Kaplan, Jared D and Dhariwal, Prafulla and Neelakantan, Arvind and Shyam, Pranav and Sastry, Girish and Askell, Amanda and others},
  journal={Advances in neural information processing systems},
  volume={33},
  pages={1877--1901},
  year={2020}
}

@inproceedings{carlini2021extracting,
  title={Extracting training data from large language models},
  author={Carlini, Nicholas and Tramer, Florian and Wallace, Eric and Jagielski, Matthew and Herbert-Voss, Ariel and Lee, Katherine and Roberts, Adam and Brown, Tom and Song, Dawn and Erlingsson, Ulfar and others},
  booktitle={30th USENIX Security Symposium (USENIX Security 21)},
  pages={2633--2650},
  year={2021}
}

@inproceedings{chu2011contextual,
  title={Contextual bandits with linear payoff functions},
  author={Chu, Wei and Li, Lihong and Reyzin, Lev and Schapire, Robert},
  booktitle={Proceedings of the Fourteenth International Conference on Artificial Intelligence and Statistics},
  pages={208--214},
  year={2011},
  organization={JMLR Workshop and Conference Proceedings}
}

@article{david2017program,
  title={Program synthesis: challenges and opportunities},
  author={David, Cristina and Kroening, Daniel},
  journal={Philosophical Transactions of the Royal Society A: Mathematical, Physical and Engineering Sciences},
  volume={375},
  number={2104},
  pages={20150403},
  year={2017},
  publisher={The Royal Society Publishing}
}

@article{dong2023self,
  title={Self-collaboration code generation via chatgpt},
  author={Dong, Yihong and Jiang, Xue and Jin, Zhi and Li, Ge},
  journal={arXiv preprint arXiv:2304.07590},
  year={2023}
}

@inproceedings{fan2023automated,
  title={Automated repair of programs from large language models},
  author={Fan, Zhiyu and Gao, Xiang and Mirchev, Martin and Roychoudhury, Abhik and Tan, Shin Hwei},
  booktitle={2023 IEEE/ACM 45th International Conference on Software Engineering (ICSE)},
  pages={1469--1481},
  year={2023},
  organization={IEEE}
}

@article{fan2023large,
  title={Large language models for software engineering: Survey and open problems},
  author={Fan, Angela and Gokkaya, Beliz and Harman, Mark and Lyubarskiy, Mitya and Sengupta, Shubho and Yoo, Shin and Zhang, Jie M},
  journal={arXiv preprint arXiv:2310.03533},
  year={2023}
}

@book{gamma1995design,
  title={Design patterns: elements of reusable object-oriented software},
  author={Gamma, Erich and Helm, Richard and Johnson, Ralph and Vlissides, John},
  year={1995},
  publisher={Pearson Deutschland GmbH}
}

@article{gao2021simcse,
  title={Simcse: Simple contrastive learning of sentence embeddings},
  author={Gao, Tianyu and Yao, Xingcheng and Chen, Danqi},
  journal={arXiv preprint arXiv:2104.08821},
  year={2021}
}

@inproceedings{gulwani2010dimensions,
  title={Dimensions in program synthesis},
  author={Gulwani, Sumit},
  booktitle={Proceedings of the 12th international ACM SIGPLAN symposium on Principles and practice of declarative programming},
  pages={13--24},
  year={2010}
}

@inproceedings{jin2023inferfix,
  title={Inferfix: End-to-end program repair with llms},
  author={Jin, Matthew and Shahriar, Syed and Tufano, Michele and Shi, Xin and Lu, Shuai and Sundaresan, Neel and Svyatkovskiy, Alexey},
  booktitle={Proceedings of the 31st ACM Joint European Software Engineering Conference and Symposium on the Foundations of Software Engineering},
  pages={1646--1656},
  year={2023}
}

@article{karpukhin2020dense,
  title={Dense passage retrieval for open-domain question answering},
  author={Karpukhin, Vladimir and O{\u{g}}uz, Barlas and Min, Sewon and Lewis, Patrick and Wu, Ledell and Edunov, Sergey and Chen, Danqi and Yih, Wen-tau},
  journal={arXiv preprint arXiv:2004.04906},
  year={2020}
}

@inproceedings{lajko2022towards,
  title={Towards javascript program repair with generative pre-trained transformer (gpt-2)},
  author={Lajk{\'o}, M{\'a}rk and Csuvik, Viktor and Vid{\'a}cs, L{\'a}szl{\'o}},
  booktitle={Proceedings of the Third International Workshop on Automated Program Repair},
  pages={61--68},
  year={2022}
}

@article{le2023invalidator,
  title={Invalidator: Automated patch correctness assessment via semantic and syntactic reasoning},
  author={Le-Cong, Thanh and Luong, Duc-Minh and Le, Xuan Bach D and Lo, David and Tran, Nhat-Hoa and Quang-Huy, Bui and Huynh, Quyet-Thang},
  journal={IEEE Transactions on Software Engineering},
  year={2023},
  publisher={IEEE}
}

@article{li2022competition,
  title={Competition-level code generation with alphacode},
  author={Li, Yujia and Choi, David and Chung, Junyoung and Kushman, Nate and Schrittwieser, Julian and Leblond, R{\'e}mi and Eccles, Tom and Keeling, James and Gimeno, Felix and Dal Lago, Agustin and others},
  journal={Science},
  volume={378},
  number={6624},
  pages={1092--1097},
  year={2022},
  publisher={American Association for the Advancement of Science}
}

@article{li2023acecoder,
  title={Acecoder: Utilizing existing code to enhance code generation},
  author={Li, Jia and Zhao, Yunfei and Li, Yongmin and Li, Ge and Jin, Zhi},
  journal={arXiv preprint arXiv:2303.17780},
  year={2023}
}

@inproceedings{liu2022design,
  title={Design guidelines for prompt engineering text-to-image generative models},
  author={Liu, Vivian and Chilton, Lydia B},
  booktitle={Proceedings of the 2022 CHI Conference on Human Factors in Computing Systems},
  pages={1--23},
  year={2022}
}

@inproceedings{liu2023codegen4libs,
  title={Codegen4libs: A two-stage approach for library-oriented code generation},
  author={Liu, Mingwei and Yang, Tianyong and Lou, Yiling and Du, Xueying and Wang, Ying and Peng, Xin},
  booktitle={2023 38th IEEE/ACM International Conference on Automated Software Engineering (ASE)},
  pages={434--445},
  year={2023},
  organization={IEEE}
}

@article{liu2024your,
  title={Is your code generated by chatgpt really correct? rigorous evaluation of large language models for code generation},
  author={Liu, Jiawei and Xia, Chunqiu Steven and Wang, Yuyao and Zhang, Lingming},
  journal={Advances in Neural Information Processing Systems},
  volume={36},
  year={2024}
}

@article{lu2022reacc,
  title={Reacc: A retrieval-augmented code completion framework},
  author={Lu, Shuai and Duan, Nan and Han, Hojae and Guo, Daya and Hwang, Seung-won and Svyatkovskiy, Alexey},
  journal={arXiv preprint arXiv:2203.07722},
  year={2022}
}

@article{maddigan2023chat2vis,
  title={Chat2vis: Generating data visualisations via natural language using chatgpt, codex and gpt-3 large language models},
  author={Maddigan, Paula and Susnjak, Teo},
  journal={IEEE Access},
  year={2023},
  publisher={IEEE}
}

@article{mallen2022not,
  title={When not to trust language models: Investigating effectiveness of parametric and non-parametric memories},
  author={Mallen, Alex and Asai, Akari and Zhong, Victor and Das, Rajarshi and Khashabi, Daniel and Hajishirzi, Hannaneh},
  journal={arXiv preprint arXiv:2212.10511},
  year={2022}
}

@article{ouyang2023llm,
  title={LLM is Like a Box of Chocolates: the Non-determinism of ChatGPT in Code Generation},
  author={Ouyang, Shuyin and Zhang, Jie M and Harman, Mark and Wang, Meng},
  journal={arXiv preprint arXiv:2308.02828},
  year={2023}
}

@article{parvez2021retrieval,
  title={Retrieval augmented code generation and summarization},
  author={Parvez, Md Rizwan and Ahmad, Wasi Uddin and Chakraborty, Saikat and Ray, Baishakhi and Chang, Kai-Wei},
  journal={arXiv preprint arXiv:2108.11601},
  year={2021}
}

@inproceedings{reynolds2021prompt,
  title={Prompt programming for large language models: Beyond the few-shot paradigm},
  author={Reynolds, Laria and McDonell, Kyle},
  booktitle={Extended Abstracts of the 2021 CHI Conference on Human Factors in Computing Systems},
  pages={1--7},
  year={2021}
}

@inproceedings{sobania2023analysis,
  title={An analysis of the automatic bug fixing performance of chatgpt},
  author={Sobania, Dominik and Briesch, Martin and Hanna, Carol and Petke, Justyna},
  booktitle={2023 IEEE/ACM International Workshop on Automated Program Repair (APR)},
  pages={23--30},
  year={2023},
  organization={IEEE}
}

@inproceedings{tang2023domain,
  title={Domain adaptive code completion via language models and decoupled domain databases},
  author={Tang, Ze and Ge, Jidong and Liu, Shangqing and Zhu, Tingwei and Xu, Tongtong and Huang, Liguo and Luo, Bin},
  booktitle={2023 38th IEEE/ACM International Conference on Automated Software Engineering (ASE)},
  pages={421--433},
  year={2023},
  organization={IEEE}
}

@article{wei2022chain,
  title={Chain-of-thought prompting elicits reasoning in large language models},
  author={Wei, Jason and Wang, Xuezhi and Schuurmans, Dale and Bosma, Maarten and Xia, Fei and Chi, Ed and Le, Quoc V and Zhou, Denny and others},
  journal={Advances in Neural Information Processing Systems},
  volume={35},
  pages={24824--24837},
  year={2022}
}

@article{white2023chatgpt,
  title={Chatgpt prompt patterns for improving code quality, refactoring, requirements elicitation, and software design},
  author={White, Jules and Hays, Sam and Fu, Quchen and Spencer-Smith, Jesse and Schmidt, Douglas C},
  journal={arXiv preprint arXiv:2303.07839},
  year={2023}
}

@article{white2023prompt,
  title={A prompt pattern catalog to enhance prompt engineering with chatgpt},
  author={White, Jules and Fu, Quchen and Hays, Sam and Sandborn, Michael and Olea, Carlos and Gilbert, Henry and Elnashar, Ashraf and Spencer-Smith, Jesse and Schmidt, Douglas C},
  journal={arXiv preprint arXiv:2302.11382},
  year={2023}
}

@inproceedings{wu2023effective,
  title={How effective are neural networks for fixing security vulnerabilities},
  author={Wu, Yi and Jiang, Nan and Pham, Hung Viet and Lutellier, Thibaud and Davis, Jordan and Tan, Lin and Babkin, Petr and Shah, Sameena},
  booktitle={Proceedings of the 32nd ACM SIGSOFT International Symposium on Software Testing and Analysis},
  pages={1282--1294},
  year={2023}
}

@article{xia2023conversational,
  title={Conversational automated program repair},
  author={Xia, Chunqiu Steven and Zhang, Lingming},
  journal={arXiv preprint arXiv:2301.13246},
  year={2023}
}

@article{xia2023keep,
  title={Keep the Conversation Going: Fixing 162 out of 337 bugs for \$0.42 each using ChatGPT},
  author={Xia, Chunqiu Steven and Zhang, Lingming},
  journal={arXiv preprint arXiv:2304.00385},
  year={2023}
}

@article{zan2022language,
  title={When language model meets private library},
  author={Zan, Daoguang and Chen, Bei and Lin, Zeqi and Guan, Bei and Wang, Yongji and Lou, Jian-Guang},
  journal={arXiv preprint arXiv:2210.17236},
  year={2022}
}

@article{zan2023private,
  title={Private-library-oriented code generation with large language models},
  author={Zan, Daoguang and Chen, Bei and Gong, Yongshun and Cao, Junzhi and Zhang, Fengji and Wu, Bingchao and Guan, Bei and Yin, Yilong and Wang, Yongji},
  journal={arXiv preprint arXiv:2307.15370},
  year={2023}
}

@article{zhang2023repocoder,
  title={Repocoder: Repository-level code completion through iterative retrieval and generation},
  author={Zhang, Fengji and Chen, Bei and Zhang, Yue and Keung, Jacky and Liu, Jin and Zan, Daoguang and Mao, Yi and Lou, Jian-Guang and Chen, Weizhu},
  journal={arXiv preprint arXiv:2303.12570},
  year={2023}
}

@article{zhang2024appt,
  title={APPT: Boosting Automated Patch Correctness Prediction via Fine-tuning Pre-trained Models},
  author={Zhang, Quanjun and Fang, Chunrong and Sun, Weisong and Liu, Yan and He, Tieke and Hao, Xiaodong and Chen, Zhenyu},
  journal={IEEE Transactions on Software Engineering},
  year={2024},
  publisher={IEEE}
}

@article{zhou2022docprompting,
  title={Docprompting: Generating code by retrieving the docs},
  author={Zhou, Shuyan and Alon, Uri and Xu, Frank F and Wang, Zhiruo and Jiang, Zhengbao and Neubig, Graham},
  journal={arXiv preprint arXiv:2207.05987},
  year={2022}
}

@article{zhou2022large,
  title={Large language models are human-level prompt engineers},
  author={Zhou, Yongchao and Muresanu, Andrei Ioan and Han, Ziwen and Paster, Keiran and Pitis, Silviu and Chan, Harris and Ba, Jimmy},
  journal={arXiv preprint arXiv:2211.01910},
  year={2022}
}

