@article{MIMO-SAR,
  title={Development and demonstration of MIMO-SAR mmWave imaging testbeds},
  author={Yanik, Muhammet Emin and Wang, Dan and Torlak, Murat},
  journal={IEEE Access},
  volume={8},
  pages={126019--126038},
  year={2020},
  publisher={IEEE}
}

@article{MilliPoint,
  title={3D point cloud generation with millimeter-wave radar},
  author={Qian, Kun and He, Zhaoyuan and Zhang, Xinyu},
  journal={Proceedings of the ACM on Interactive, Mobile, Wearable and Ubiquitous Technologies (UbiComp)},
  volume={4},
  number={4},
  pages={1--23},
  year={2020},
  publisher={ACM New York, NY, USA}
}

@article{Mtrack,
  title={Mtrack: Tracking multiperson moving trajectories and vital signs with radio signals},
  author={Zhang, Dongheng and Hu, Yang and Chen, Yan},
  journal={IEEE Internet of Things Journal},
  volume={8},
  number={5},
  pages={3904--3914},
  year={2020},
  publisher={IEEE}
}

@article{UWBMap,
  title={Constructing floor plan through smoke using ultra wideband radar},
  author={Chen, Weiyan and Zhang, Fusang and Gu, Tao and Zhou, Kexing and Huo, Zixuan and Zhang, Daqing},
  journal={Proceedings of the ACM on Interactive, Mobile, Wearable and Ubiquitous Technologies (UbiComp)},
  volume={5},
  number={4},
  pages={1--29},
  year={2021},
  publisher={ACM New York, NY, USA}
}

@inproceedings{chen2021movi,
  title={MoVi-Fi: Motion-robust vital signs waveform recovery via deep interpreted RF sensing},
  author={Chen, Zhe and Zheng, Tianyue and Cai, Chao and Luo, Jun},
  booktitle={Proceedings of the 27th annual international conference on mobile computing and networking (MobiCom)},
  pages={392--405},
  year={2021}
}

@inproceedings{cleargrasp,
  title={Clear Grasp: 3d shape estimation of transparent objects for manipulation},
  author={Sajjan, Shreeyak and Moore, Matthew and Pan, Mike and Nagaraja, Ganesh and Lee, Johnny and Zeng, Andy and Song, Shuran},
  booktitle={2020 IEEE International Conference on Robotics and Automation (ICRA)},
  pages={3634--3642},
  year={2020},
  organization={IEEE}
}

@inproceedings{dex-nerf,
  title={Dex-NeRF: Using a Neural Radiance Field to Grasp Transparent Objects},
  author={Ichnowski, Jeffrey and Avigal, Yahav and Kerr, Justin and Goldberg, Ken},
  booktitle={5th Annual Conference on Robot Learning (CoRL)},
  year={2021}
}

@inproceedings{evo-nerf,
  title={Evo-nerf: Evolving nerf for sequential robot grasping of transparent objects},
  author={Kerr, Justin and Fu, Letian and Huang, Huang and Avigal, Yahav and Tancik, Matthew and Ichnowski, Jeffrey and Kanazawa, Angjoo and Goldberg, Ken},
  booktitle={6th Annual Conference on Robot Learning (CoRL)},
  year={2022}
}

@inproceedings{kalra2020deep,
  title={Deep polarization cues for transparent object segmentation},
  author={Kalra, Agastya and Taamazyan, Vage and Rao, Supreeth Krishna and Venkataraman, Kartik and Raskar, Ramesh and Kadambi, Achuta},
  booktitle={Proceedings of the IEEE/CVF Conference on Computer Vision and Pattern Recognition (CVPR)},
  pages={8602--8611},
  year={2020}
}

@inproceedings{khan2022estimating,
  title={Estimating soil moisture using RF signals},
  author={Khan, Usman Mahmood and Shahzad, Muhammad},
  booktitle={Proceedings of the 28th Annual International Conference on Mobile Computing and Networking (MobiCom)},
  pages={242--254},
  year={2022}
}

@inproceedings{mmMesh,
  title={mmMesh: Towards 3D real-time dynamic human mesh construction using millimeter-wave},
  author={Xue, Hongfei and Ju, Yan and Miao, Chenglin and Wang, Yijiang and Wang, Shiyang and Zhang, Aidong and Su, Lu},
  booktitle={Proceedings of the 19th Annual International Conference on Mobile Systems, Applications, and Services (MobiSys)},
  pages={269--282},
  year={2021}
}

@inproceedings{mobi2sense,
  title={Mobi2Sense: empowering wireless sensing with mobility},
  author={Zhang, Fusang and Xiong, Jie and Chang, Zhaoxin and Ma, Junqi and Zhang, Daqing},
  booktitle={Proceedings of the 28th Annual International Conference on Mobile Computing And Networking (MobiCom)},
  pages={268--281},
  year={2022}
}

@article{ref2_gao2023rcvnet,
  title={RCVNet: A bird damage identification network for power towers based on fusion of RF images and visual images},
  author={Gao, Wei and Wu, Yangming and Hong, Cui and Wai, Rong-Jong and Fan, Cheng-Tao},
  journal={Advanced Engineering Informatics},
  volume={57},
  pages={102104},
  year={2023},
  publisher={Elsevier}
}

@inproceedings{stereopose,
  title={StereoPose: Category-level 6d transparent object pose estimation from stereo images via back-view nocs},
  author={Chen, Kai and James, Stephen and Sui, Congying and Liu, Yun-Hui and Abbeel, Pieter and Dou, Qi},
  booktitle={2023 IEEE International Conference on Robotics and Automation (ICRA)},
  pages={2855--2861},
  year={2023},
  organization={IEEE}
}

@article{transcg,
  title={TransCG: A large-scale real-world dataset for transparent object depth completion and a grasping baseline},
  author={Fang, Hongjie and Fang, Hao-Shu and Xu, Sheng and Lu, Cewu},
  journal={IEEE Robotics and Automation Letters},
  volume={7},
  number={3},
  pages={7383--7390},
  year={2022},
  publisher={IEEE}
}

@article{visual_tactile,
  title={Visual-tactile fusion for transparent object grasping in complex backgrounds},
  author={Li, Shoujie and Yu, Haixin and Ding, Wenbo and Liu, Houde and Ye, Linqi and Xia, Chongkun and Wang, Xueqian and Zhang, Xiao-Ping},
  journal={IEEE Transactions on Robotics},
  year={2023},
  publisher={IEEE}
}

@inproceedings{zheng2021siwa,
  title={SiWa: See into walls via deep UWB radar},
  author={Zheng, Tianyue and Chen, Zhe and Luo, Jun and Ke, Lin and Zhao, Chaoyang and Yang, Yaowen},
  booktitle={Proceedings of the 27th Annual International Conference on Mobile Computing and Networking (MobiCom)},
  pages={323--336},
  year={2021}
}

