@article{transcg,
  title={TransCG: A large-scale real-world dataset for transparent object depth completion and a grasping baseline},
  author={Fang, Hongjie and Fang, Hao-Shu and Xu, Sheng and Lu, Cewu},
  journal={IEEE Robotics and Automation Letters},
  volume={7},
  number={3},
  pages={7383--7390},
  year={2022},
  publisher={IEEE}
}

@inproceedings{cleargrasp,
  title={Clear Grasp: 3d shape estimation of transparent objects for manipulation},
  author={Sajjan, Shreeyak and Moore, Matthew and Pan, Mike and Nagaraja, Ganesh and Lee, Johnny and Zeng, Andy and Song, Shuran},
  booktitle={2020 IEEE International Conference on Robotics and Automation (ICRA)},
  pages={3634--3642},
  year={2020},
  organization={IEEE}
}

@inproceedings{keypose,
  title={KeyPose: Multi-view 3d labeling and keypoint estimation for transparent objects},
  author={Liu, Xingyu and Jonschkowski, Rico and Angelova, Anelia and Konolige, Kurt},
  booktitle={Proceedings of the IEEE/CVF conference on computer vision and pattern recognition (CVPR)},
  pages={11602--11610},
  year={2020}
}

@inproceedings{zhu2021rgb,
  title={RGB-D local implicit function for depth completion of transparent objects},
  author={Zhu, Luyang and Mousavian, Arsalan and Xiang, Yu and Mazhar, Hammad and van Eenbergen, Jozef and Debnath, Shoubhik and Fox, Dieter},
  booktitle={Proceedings of the IEEE/CVF Conference on Computer Vision and Pattern Recognition (CVPR)},
  pages={4649--4658},
  year={2021}
}

@article{jiang2023robotic,
  title={Robotic perception of transparent objects: A review},
  author={Jiang, Jiaqi and Cao, Guanqun and Deng, Jiankang and Do, Thanh-Toan and Luo, Shan},
  journal={IEEE Transactions on Artificial Intelligence},
  year={2023},
  publisher={IEEE}
}

@inproceedings{albrecht2013seeing,
  title={Seeing the Unseen: Simple reconstruction of transparent objects from point cloud data},
  author={Albrecht, Sven and Marsland, Stephen},
  booktitle={Robotics: Science and Systems (RSS)},
  volume={3},
  year={2013}
}

@inproceedings{phillips2016seeing,
  title={Seeing Glassware: from Edge Detection to Pose Estimation and Shape Recovery.},
  author={Phillips, Cody J and Lecce, Matthieu and Daniilidis, Kostas},
  booktitle={Robotics: Science and Systems (RSS)},
  volume={3},
  pages={3},
  year={2016},
  organization={Michigan, USA}
}

@article{zhou2020lit,
  title={LIT: Light-field inference of transparency for refractive object localization},
  author={Zhou, Zheming and Chen, Xiaotong and Jenkins, Odest Chadwicke},
  journal={IEEE Robotics and Automation Letters},
  volume={5},
  number={3},
  pages={4548--4555},
  year={2020},
  publisher={IEEE}
}

@inproceedings{zhu2015reusing,
  title={Reusing 60ghz radios for mobile radar imaging},
  author={Zhu, Yanzi and Zhu, Yibo and Zhao, Ben Y and Zheng, Haitao},
  booktitle={Proceedings of the 21st Annual International Conference on Mobile Computing and Networking (MobiCom)},
  pages={103--116},
  year={2015}
}



@inproceedings{stereopose,
  title={StereoPose: Category-level 6d transparent object pose estimation from stereo images via back-view nocs},
  author={Chen, Kai and James, Stephen and Sui, Congying and Liu, Yun-Hui and Abbeel, Pieter and Dou, Qi},
  booktitle={2023 IEEE International Conference on Robotics and Automation (ICRA)},
  pages={2855--2861},
  year={2023},
  organization={IEEE}
}

@inproceedings{dex-nerf,
  title={Dex-NeRF: Using a Neural Radiance Field to Grasp Transparent Objects},
  author={Ichnowski, Jeffrey and Avigal, Yahav and Kerr, Justin and Goldberg, Ken},
  booktitle={5th Annual Conference on Robot Learning (CoRL)},
  year={2021}
}

@inproceedings{evo-nerf,
  title={Evo-nerf: Evolving nerf for sequential robot grasping of transparent objects},
  author={Kerr, Justin and Fu, Letian and Huang, Huang and Avigal, Yahav and Tancik, Matthew and Ichnowski, Jeffrey and Kanazawa, Angjoo and Goldberg, Ken},
  booktitle={6th Annual Conference on Robot Learning (CoRL)},
  year={2022}
}

@inproceedings{depthgrasp,
  title={DepthGrasp: depth completion of transparent objects using self-attentive adversarial network with spectral residual for grasping},
  author={Tang, Yingjie and Chen, Junhong and Yang, Zhenguo and Lin, Zehang and Li, Qing and Liu, Wenyin},
  booktitle={2021 IEEE/RSJ International Conference on Intelligent Robots and Systems (IROS)},
  pages={5710--5716},
  year={2021},
  organization={IEEE}
}

@inproceedings{kalra2020deep,
  title={Deep polarization cues for transparent object segmentation},
  author={Kalra, Agastya and Taamazyan, Vage and Rao, Supreeth Krishna and Venkataraman, Kartik and Raskar, Ramesh and Kadambi, Achuta},
  booktitle={Proceedings of the IEEE/CVF Conference on Computer Vision and Pattern Recognition (CVPR)},
  pages={8602--8611},
  year={2020}
}

@inproceedings{RF-grasp,
  title={Robotic grasping of fully-occluded objects using rf perception},
  author={Boroushaki, Tara and Leng, Junshan and Clester, Ian and Rodriguez, Alberto and Adib, Fadel},
  booktitle={2021 IEEE International Conference on Robotics and Automation (ICRA)},
  pages={923--929},
  year={2021},
  organization={IEEE}
}

@inproceedings{RFusion,
  title={RFusion: Robotic grasping via rf-visual sensing and learning},
  author={Boroushaki, Tara and Perper, Isaac and Nachin, Mergen and Rodriguez, Alberto and Adib, Fadel},
  booktitle={Proceedings of the 19th ACM Conference on Embedded Networked Sensor Systems (SenSys)},
  pages={192--205},
  year={2021}
}

@article{jiang2022shall,
  title={Where shall i touch? vision-guided tactile poking for transparent object grasping},
  author={Jiang, Jiaqi and Cao, Guanqun and Butterworth, Aaron and Do, Thanh-Toan and Luo, Shan},
  journal={IEEE/ASME Transactions on Mechatronics},
  volume={28},
  number={1},
  pages={233--244},
  year={2022},
  publisher={IEEE}
}

@article{visual_tactile,
  title={Visual-tactile fusion for transparent object grasping in complex backgrounds},
  author={Li, Shoujie and Yu, Haixin and Ding, Wenbo and Liu, Houde and Ye, Linqi and Xia, Chongkun and Wang, Xueqian and Zhang, Xiao-Ping},
  journal={IEEE Transactions on Robotics},
  year={2023},
  publisher={IEEE}
}

@inproceedings{kouros20183d,
  title={3D underground mapping with a mobile robot and a gpr antenna},
  author={Kouros, Georgios and Kotavelis, Ioannis and Skartados, Evangelos and Giakoumis, Dimitrios and Tzovaras, Dimitrios and Simi, Alessandro and Manacorda, Guido},
  booktitle={2018 IEEE/RSJ International Conference on Intelligent Robots and Systems (IROS)},
  pages={3218--3224},
  year={2018},
  organization={IEEE}
}

@inproceedings{zheng2021more,
  title={MoRe-Fi: Motion-robust and fine-grained respiration monitoring via deep-learning uwb radar},
  author={Zheng, Tianyue and Chen, Zhe and Zhang, Shujie and Cai, Chao and Luo, Jun},
  booktitle={Proceedings of the 19th ACM conference on embedded networked sensor systems (SenSys)},
  pages={111--124},
  year={2021}
}

@inproceedings{zheng2021siwa,
  title={SiWa: See into walls via deep UWB radar},
  author={Zheng, Tianyue and Chen, Zhe and Luo, Jun and Ke, Lin and Zhao, Chaoyang and Yang, Yaowen},
  booktitle={Proceedings of the 27th Annual International Conference on Mobile Computing and Networking (MobiCom)},
  pages={323--336},
  year={2021}
}


@inproceedings{zhang2023rf,
  title={RF-Search: Searching Unconscious Victim in Smoke Scenes with RF-enabled Drone},
  author={Zhang, Bin-Bin and Zhang, Dongheng and Song, Ruiyuan and Wang, Binquan and Hu, Yang and Chen, Yan},
  booktitle={Proceedings of the 29th Annual International Conference on Mobile Computing and Networking (MobiCom)},
  pages={1--15},
  year={2023}
}

@article{ref1_yao2023radar,
  title={Radar-camera fusion for object detection and semantic segmentation in autonomous driving: A comprehensive review},
  author={Yao, Shanliang and Guan, Runwei and Huang, Xiaoyu and Li, Zhuoxiao and Sha, Xiangyu and Yue, Yong and Lim, Eng Gee and Seo, Hyungjoon and Man, Ka Lok and Zhu, Xiaohui and others},
  journal={IEEE Transactions on Intelligent Vehicles},
  year={2023},
  publisher={IEEE}
}

@article{ref3_yao2023radar,
  title={Radar perception in autonomous driving: Exploring different data representations},
  author={Yao, Shanliang and Guan, Runwei and Peng, Zitian and Xu, Chenhang and Shi, Yilu and Yue, Yong and Lim, Eng Gee and Seo, Hyungjoon and Man, Ka Lok and Zhu, Xiaohui and others},
  journal={arXiv preprint arXiv:2312.04861},
  year={2023}
}

@inproceedings{wei2015mtrack,
  title={mTrack: High-precision passive tracking using millimeter wave radios},
  author={Wei, Teng and Zhang, Xinyu},
  booktitle={Proceedings of the 21st Annual International Conference on Mobile Computing and Networking (MobiCom)},
  pages={117--129},
  year={2015}
}

@inproceedings{lu2020see,
  title={See through smoke: robust indoor mapping with low-cost mmwave radar},
  author={Lu, Chris Xiaoxuan and Rosa, Stefano and Zhao, Peijun and Wang, Bing and Chen, Changhao and Stankovic, John A and Trigoni, Niki and Markham, Andrew},
  booktitle={Proceedings of the 18th International Conference on Mobile Systems, Applications, and Services (MobiSys)},
  pages={14--27},
  year={2020}
}

@inproceedings{lu2020milliego,
  title={milliEgo: single-chip mmWave radar aided egomotion estimation via deep sensor fusion},
  author={Lu, Chris Xiaoxuan and Saputra, Muhamad Risqi U and Zhao, Peijun and Almalioglu, Yasin and De Gusmao, Pedro PB and Chen, Changhao and Sun, Ke and Trigoni, Niki and Markham, Andrew},
  booktitle={Proceedings of the 18th Conference on Embedded Networked Sensor Systems (SenSys)},
  pages={109--122},
  year={2020}
}

@article{smooth_reflect1,
  title={On the characterization of agricultural soil roughness for radar remote sensing studies},
  author={Davidson, Malcolm WJ and Le Toan, Thuy and Mattia, Francesco and Satalino, Giuseppe and Manninen, Terhikki and Borgeaud, Maurice},
  journal={IEEE Transactions on Geoscience and Remote Sensing},
  volume={38},
  number={2},
  pages={630--640},
  year={2000},
  publisher={IEEE}
}

@article{smooth_reflect2,
  title={Introduction to radar scattering application in remote sensing and diagnostics},
  author={Batool, Sidra and Frezza, Fabrizio and Mangini, Fabio and Simeoni, Patrizio},
  journal={Atmosphere},
  volume={11},
  number={5},
  pages={517},
  year={2020},
  publisher={MDPI}
}

@article{RVP,
  title={Application of linear-frequency-modulated continuous-wave (LFMCW) radars for tracking of vital signs},
  author={Wang, Guochao and Munoz-Ferreras, Jose-Maria and Gu, Changzhan and Li, Changzhi and Gomez-Garcia, Roberto},
  journal={IEEE transactions on microwave theory and techniques},
  volume={62},
  number={6},
  pages={1387--1399},
  year={2014},
  publisher={IEEE}
}

@article{UT1,
  title={Near-field MIMO-SAR millimeter-wave imaging with sparsely sampled aperture data},
  author={Yanik, Muhammet Emin and Torlak, Murat},
  journal={IEEE Access},
  volume={7},
  pages={31801--31819},
  year={2019},
  publisher={IEEE}
}

@article{3DRIED,
  title={3DRIED: A high-resolution 3-D millimeter-wave radar dataset dedicated to imaging and evaluation},
  author={Wei, Shunjun and Zhou, Zichen and Wang, Mou and Wei, Jinshan and Liu, Shan and Shi, Jun and Zhang, Xiaoling and Fan, Fan},
  journal={Remote Sensing},
  volume={13},
  number={17},
  pages={3366},
  year={2021},
  publisher={MDPI}
}

@inproceedings{he2023fusang,
  title={Fusang: Graph-inspired robust and accurate object recognition on commodity mmwave devices},
  author={He, Guorong and Chen, Shaojie and Xu, Dan and Chen, Xiaojiang and Xie, Yaxiong and Wang, Xinhuai and Fang, Dingyi},
  booktitle={Proceedings of the 21st Annual International Conference on Mobile Systems, Applications and Services  (MobiSys)},
  pages={489--502},
  year={2023}
}

@misc{Chrono,
    author = "CPP",
    title = "Chrono library",
    year = {2011},
    note = {\url{https://en.cppreference.com/w/cpp/chrono}}
}

@article{Calib1,
  title={A practical simple geometry and gain/phase calibration technique for antenna array processing},
  author={Ng, Boon Poh and Lie, Joni Polili and Er, Meng Hwa and Feng, Aigang},
  journal={IEEE Transactions on Antennas and Propagation},
  volume={57},
  number={7},
  pages={1963--1972},
  year={2009},
  publisher={IEEE}
}

@inproceedings{Calib2,
  title={An FMCW MIMO radar calibration and mutual coupling compensation approach},
  author={Schmid, Christian M and Pfeffer, Clemens and Feger, Reinhard and Stelzer, Andreas},
  booktitle={2013 European Radar Conference},
  pages={13--16},
  year={2013},
  organization={IEEE}
}

@article{Calib3,
  title={Single tone parameter estimation from discrete-time observations},
  author={Rife, DCBP and Boorstyn, Robert},
  journal={IEEE Transactions on information theory},
  volume={20},
  number={5},
  pages={591--598},
  year={1974},
  publisher={IEEE}
}

@article{buhari2018multicarrier,
  title={Multicarrier SAR image reconstruction using integrated MUSIC-LSE algorithm},
  author={Buhari, Mohammed D and Tian, Gui Yun and Tiwari, Rajesh and Muqaibel, Ali H},
  journal={IEEE Access},
  volume={6},
  pages={22827--22838},
  year={2018},
  publisher={IEEE}
}

@article{SG,
  title={Smoothing and differentiation of data by simplified least squares procedures.},
  author={Savitzky, Abraham and Golay, Marcel JE},
  journal={Analytical chemistry},
  volume={36},
  number={8},
  pages={1627--1639},
  year={1964},
  publisher={ACS Publications}
}

@inproceedings{YOLO,
  title={You only look once: Unified, real-time object detection},
  author={Redmon, Joseph and Divvala, Santosh and Girshick, Ross and Farhadi, Ali},
  booktitle={Proceedings of the IEEE conference on computer vision and pattern recognition (CVPR)},
  pages={779--788},
  year={2016}
}

@inproceedings{yolov3,
  title={Yolov3: An incremental improvement},
  author={Farhadi, Ali and Redmon, Joseph},
  booktitle={Computer vision and pattern recognition},
  volume={1804},
  pages={1--6},
  year={2018},
  organization={Springer Berlin/Heidelberg, Germany}
}

@inproceedings{Grasp_model,
  title={Antipodal robotic grasping using generative residual convolutional neural network},
  author={Kumra, Sulabh and Joshi, Shirin and Sahin, Ferat},
  booktitle={2020 IEEE/RSJ International Conference on Intelligent Robots and Systems (IROS)},
  pages={9626--9633},
  year={2020},
  organization={IEEE}
}

@misc{TI,
    author = "Texas Instruments",
    title = "IWR6843AOPEVM mmWave Radar",
    year = {2018},
    note = {\url{http://www.ti.com/product/IWR6843AOP}}
}

@misc{Intel,
    author = "Intel",
    title = "Realsense D435i",
    year = {2019},
    note = {\url{https://www.intelrealsense.com/depth-camera-d435i}}
}

@misc{Franka,
    author = "Franka Robotics GmbH",
    title = "RER Robot Arm",
    year = {2019},
    note = {\url{https://frankaemika.github.io}}
}

@article{SAR_quality,
  title={Fast entropy minimization based autofocusing technique for ISAR imaging},
  author={Zhang, Shuanghui and Liu, Yongxiang and Li, Xiang},
  journal={IEEE Transactions on Signal Processing},
  volume={63},
  number={13},
  pages={3425--3434},
  year={2015},
  publisher={IEEE}
}

@inproceedings{CVPR_ref1,
  title={Deep depth completion of a single rgb-d image},
  author={Zhang, Yinda and Funkhouser, Thomas},
  booktitle={Proceedings of the IEEE conference on computer vision and pattern recognition (CVPR)},
  pages={175--185},
  year={2018}
}

@inproceedings{dloc,
  title={Deep learning based wireless localization for indoor navigation},
  author={Ayyalasomayajula, Roshan and Arun, Aditya and Wu, Chenfeng and Sharma, Sanatan and Sethi, Abhishek Rajkumar and Vasisht, Deepak and Bharadia, Dinesh},
  booktitle={Proceedings of the 26th Annual International Conference on Mobile Computing and Networking (MobiCom)},
  pages={1--14},
  year={2020}
}

@inproceedings{zeng2018learning,
  title={Learning synergies between pushing and grasping with self-supervised deep reinforcement learning},
  author={Zeng, Andy and Song, Shuran and Welker, Stefan and Lee, Johnny and Rodriguez, Alberto and Funkhouser, Thomas},
  booktitle={2018 IEEE/RSJ International Conference on Intelligent Robots and Systems (IROS)},
  pages={4238--4245},
  year={2018},
  organization={IEEE}
}

@inproceedings{mobi2sense,
  title={Mobi2Sense: empowering wireless sensing with mobility},
  author={Zhang, Fusang and Xiong, Jie and Chang, Zhaoxin and Ma, Junqi and Zhang, Daqing},
  booktitle={Proceedings of the 28th Annual International Conference on Mobile Computing And Networking (MobiCom)},
  pages={268--281},
  year={2022}
}

@inproceedings{chen2021movi,
  title={MoVi-Fi: Motion-robust vital signs waveform recovery via deep interpreted RF sensing},
  author={Chen, Zhe and Zheng, Tianyue and Cai, Chao and Luo, Jun},
  booktitle={Proceedings of the 27th annual international conference on mobile computing and networking (MobiCom)},
  pages={392--405},
  year={2021}
}

@inproceedings{khan2022estimating,
  title={Estimating soil moisture using RF signals},
  author={Khan, Usman Mahmood and Shahzad, Muhammad},
  booktitle={Proceedings of the 28th Annual International Conference on Mobile Computing and Networking (MobiCom)},
  pages={242--254},
  year={2022}
}

@inproceedings{mmMesh,
  title={mmMesh: Towards 3D real-time dynamic human mesh construction using millimeter-wave},
  author={Xue, Hongfei and Ju, Yan and Miao, Chenglin and Wang, Yijiang and Wang, Shiyang and Zhang, Aidong and Su, Lu},
  booktitle={Proceedings of the 19th Annual International Conference on Mobile Systems, Applications, and Services (MobiSys)},
  pages={269--282},
  year={2021}
}

@article{MilliPoint,
  title={3D point cloud generation with millimeter-wave radar},
  author={Qian, Kun and He, Zhaoyuan and Zhang, Xinyu},
  journal={Proceedings of the ACM on Interactive, Mobile, Wearable and Ubiquitous Technologies (UbiComp)},
  volume={4},
  number={4},
  pages={1--23},
  year={2020},
  publisher={ACM New York, NY, USA}
}

@article{UWBMap,
  title={Constructing floor plan through smoke using ultra wideband radar},
  author={Chen, Weiyan and Zhang, Fusang and Gu, Tao and Zhou, Kexing and Huo, Zixuan and Zhang, Daqing},
  journal={Proceedings of the ACM on Interactive, Mobile, Wearable and Ubiquitous Technologies (UbiComp)},
  volume={5},
  number={4},
  pages={1--29},
  year={2021},
  publisher={ACM New York, NY, USA}
}

@article{MIMO-SAR,
  title={Development and demonstration of MIMO-SAR mmWave imaging testbeds},
  author={Yanik, Muhammet Emin and Wang, Dan and Torlak, Murat},
  journal={IEEE Access},
  volume={8},
  pages={126019--126038},
  year={2020},
  publisher={IEEE}
}


@article{Mtrack,
  title={Mtrack: Tracking multiperson moving trajectories and vital signs with radio signals},
  author={Zhang, Dongheng and Hu, Yang and Chen, Yan},
  journal={IEEE Internet of Things Journal},
  volume={8},
  number={5},
  pages={3904--3914},
  year={2020},
  publisher={IEEE}
}

@article{ref2_gao2023rcvnet,
  title={RCVNet: A bird damage identification network for power towers based on fusion of RF images and visual images},
  author={Gao, Wei and Wu, Yangming and Hong, Cui and Wai, Rong-Jong and Fan, Cheng-Tao},
  journal={Advanced Engineering Informatics},
  volume={57},
  pages={102104},
  year={2023},
  publisher={Elsevier}
}

@misc{Novelda,
    author = "Novelda",
    title = "Ultra Wideband (UWB) Impulse Radar Sensors",
    year = {2017},
    note = {\url{https://github.com/novelda}}
}

@article{Novelda_paper,
  title={A 118-mW pulse-based radar SoC in 55-nm CMOS for non-contact human vital signs detection},
  author={Andersen, Nikolaj and Granhaug, Kristian and Michaelsen, J{\o}rgen Andreas and Bagga, Sumit and Hjortland, H{\aa}kon A and Knutsen, Mats Risopatron and Lande, Tor Sverre and Wisland, Dag T},
  journal={IEEE Journal of Solid-State Circuits},
  volume={52},
  number={12},
  pages={3421--3433},
  year={2017},
  publisher={IEEE}
}