@inproceedings{babic2008calysto,
	title={Calysto: Scalable and precise extended static checking},
	author={Babic, Domagoj and Hu, Alan J.},
	booktitle={Proceedings of the 30th International Conference on Software Engineering},
	series={ICSE '08},
	pages={211--220},
	publisher={IEEE},
	doi={10.1145/1368088.1368118},
	year={2008}
}

@inproceedings{cherem2007practical,
	title={Practical memory leak detection using guarded value-flow analysis},
	author={Cherem, Sigmund and Princehouse, Lonnie and Rugina, Radu},
	booktitle={Proceedings of the 28th ACM SIGPLAN Conference on Programming Language Design and Implementation},
	series={PLDI '07},
	pages={480--491},
	publisher={ACM},
	doi={10.1145/1250734.1250789},
	year={2007}
}

@inproceedings{mcpeak2013scalable,
	title={Scalable and incremental software bug detection},
	author={McPeak, Scott and Gros, Charles-Henri and Ramanathan, Murali Krishna},
	booktitle={Proceedings of the 14th European Software Engineering Conference Held Jointly with the 21st ACM SIGSOFT International Symposium on the Foundations of Software Engineering},
	series={ESEC/FSE '13},
	pages={554--564},
	publisher={ACM},
	doi={10.1145/2491411.2501854},
	year={2013}
}

@inproceedings{reps1995precise,
	title={Precise interprocedural dataflow analysis via graph reachability},
	author={Reps, Thomas and Horwitz, Susan and Sagiv, Mooly},
	booktitle={Proceedings of the 22nd ACM SIGPLAN-SIGACT Symposium on Principles of Programming Languages},
	series={POPL '95},
	pages={49--61},
	publisher={ACM},
	doi={10.1145/199448.199462},
	year={1995}
}

@article{sagiv1996precise,
	title={Precise interprocedural dataflow analysis with applications to constant propagation},
	author={Sagiv, Mooly and Reps, Thomas and Horwitz, Susan},
	journal={Theoretical Computer Science},
	volume={167},
	number={1},
	pages={131--170},
	publisher={Elsevier},
	doi={10.1016/0304-3975(96)00072-2},
	year={1996}
}

@inproceedings{shi2018pinpoint,
	title={Pinpoint: Fast and precise sparse value flow analysis for million lines of code},
	author={Shi, Qingkai and Xiao, Xiao and Wu, Rongxin and Zhou, Jinguo and Fan, Gang and Zhang, Charles},
	booktitle={Proceedings of the 39th ACM SIGPLAN Conference on Programming Language Design and Implementation},
	series={PLDI '18},
	pages={693--706},
	publisher={ACM},
	doi={10.1145/3192366.3192418},
	year={2018}
}

@inproceedings{shi2020conquering,
	title={Conquering the extensional scalability problem for value-flow analysis frameworks},
	author={Shi, Qingkai and Wu, Rongxin and Fan, Gang and Zhang, Charles},
	booktitle={Proceedings of the 42nd International Conference on Software Engineering},
	series={ICSE '20},
	pages={812--823},
	publisher={ACM},
	doi={10.1145/3377811.3380346},
	year={2020}
}

@inproceedings{shi2020pipelining,
	title={Pipelining bottom-up data flow analysis},
	author={Shi, Qingkai and Zhang, Charles},
	booktitle={Proceedings of the 42nd International Conference on Software Engineering},
	series={ICSE '20},
	pages={835--847},
	publisher={ACM},
	doi={10.1145/3377811.3380425},
	year={2020}
}

@inproceedings{shi2021path,
  title={Path-sensitive sparse analysis without path conditions},
  author={Shi, Qingkai and Yao, Peisen and Wu, Rongxin and Zhang, Charles},
  booktitle={Proceedings of the 42nd ACM SIGPLAN International Conference on Programming Language Design and Implementation},
  pages={930--943},
  year={2021}
}

@article{sui2014detecting,
	title={Detecting memory leaks statically with full-sparse value-flow analysis},
	author={Yulei Sui and Ding Ye and Jingling Xue},
	journal={IEEE Transactions on Software Engineering},
	volume={40},
	number={2},
	pages={107--122},
	publisher={IEEE},
	doi={10.1109/TSE.2014.2302311},
	year={2014}
}

@inproceedings{sui2016svf,
	title={SVF: Interprocedural static value-flow analysis in LLVM},
	author={Sui, Yulei and Xue, Jingling},
	booktitle={Proceedings of the 25th International Conference on Compiler Construction},
	series={CC '16},
	pages={265--266},
	publisher={ACM},
	doi={10.1145/2892208.2892235},
	year={2016}
}

