@comment{====ESOP====}
@inproceedings{steffen1990value,
	title={The value flow graph: A program representation for optimal program transformations},
	author={Steffen, Bernhard and Knoop, Jens and R{\"u}thing, Oliver},
	booktitle={Proceedings of the 9th European Symposium on Programming},
	series={ESOP '90},
	pages={389--405},
	publisher={Springer},
	doi={10.1007/3-540-52592-0_76},
	year={1990}
}

@inproceedings{mauborgne2005trace,
	title={Trace partitioning in abstract interpretation based static analyzers},
	author={Mauborgne, Laurent and Rival, Xavier},
	booktitle={Proceedings of the 14th European Symposium on Programming},
	series={ESOP '05},
	pages={5--20},
	publisher={Springer},
	doi={10.1007/978-3-540-31987-0_2},
	year={2005}
}

@inproceedings{gulwani2007computing,
	title={Computing procedure summaries for interprocedural analysis},
	author={Gulwani, Sumit and Tiwari, Ashish},
	booktitle={Proceedings of the 16th European Symposium on Programming},
	series={ESOP '07},
	pages={253--267},
	publisher={Springer},
	doi={10.1007/978-3-540-71316-6_18},
	year={2007}
}

@inproceedings{yuan2009efficient,
	title={An efficient algorithm for solving the dyck-cfl reachability problem on trees},
	author={Yuan, Hao and Eugster, Patrick},
	booktitle={Proceedings of the 18th European Symposium on Programming},
	series={ESOP '09},
	pages={175--189},
	publisher={Springer},
	doi={10.1007/978-3-642-00590-9_13},
	year={2009}
}

@comment{====Formal Aspects of Computing====}
@article{kirchner2015frama,
	title={Frama-C: A software analysis perspective},
	author={Kirchner, Florent and Kosmatov, Nikolai and Prevosto, Virgile and Signoles, Julien and Yakobowski, Boris},
	journal={Formal Aspects of Computing},
	volume={27},
	number={3},
	pages={573--609},
	publisher={Springer},
	doi={10.1007/978-3-642-33826-7_16},
	year={2015}
}

@comment{====POPL====}
@inproceedings{kildall1973unified,
	title={A unified approach to global program optimization},
	author={Kildall, Gary A.},
	booktitle={Proceedings of the 1st ACM SIGACT-SIGPLAN Symposium on Principles of Programming Languages},
	series={POPL '73},
	pages={194--206},
	publisher={ACM},
	doi={10.1145/512927.512945},
	year={1973}
}

@inproceedings{reif1977symbolic,
	title={Symbolic evaluation and the global value graph},
	author={Reif, John H. and Lewis, Harry R.},
	booktitle={Proceedings of the 4th ACM SIGACT-SIGPLAN Symposium on Principles of Programming Languages},
	series={POPL '77},
	pages={104--118},
	publisher={ACM},
	doi={10.1145/512950.512961},
	year={1977}
}

@inproceedings{strom1983mechanisms,
	title={Mechanisms for compile-time enforcement of security},
	author={Strom, Robert E.},
	booktitle={Proceedings of the 10th ACM SIGACT-SIGPLAN Symposium on Principles of Programming Languages},
	series={POPL '83},
	pages={276--284},
	publisher={ACM},
	doi={10.1145/567067.567093},
	year={1983}
}

@inproceedings{horwitz1988on,
	title={On the adequacy of program dependence graphs for representing programs},
	author={Horwitz, Susan and Prins, Jan and Reps, Thomas},
	booktitle={Proceedings of the 15th ACM SIGPLAN-SIGACT Symposium on Principles of Programming Languages},
	series={POPL '88},
	pages={146--157},
	publisher={ACM},
	doi={10.1145/73560.73573},
	year={1988}
}

@inproceedings{cytron1989efficient,
	title={An efficient method of computing static single assignment form},
	author={Cytron, Ron and Ferrante, Jeanne and Rosen, Barry K. and Wegman, Mark N. and Zadeck, F. Kenneth},
	booktitle={Proceedings of the 16th ACM SIGPLAN-SIGACT Symposium on Principles of Programming Languages},
	series={POPL '89},
	pages={25--35},
	publisher={ACM},
	doi={10.1145/75277.75280},
	year={1989}
}

@inproceedings{baxter1989program,
	title={The program dependence graph and vectorization},
	author={Baxter, William and Bauer III, Henry R.},
	booktitle={Proceedings of the 16th ACM SIGPLAN-SIGACT Symposium on Principles of Programming Languages},
	series={POPL '89},
	pages={1--11},
	publisher={ACM},
	doi={10.1145/75277.75278},
	year={1989}
}

@inproceedings{choi1991automatic,
	title={Automatic construction of sparse data flow evaluation graphs},
	author={Choi, Jong-Deok and Cytron, Ron and Ferrante, Jeanne},
	booktitle={Proceedings of the 18th ACM SIGPLAN-SIGACT Symposium on Principles of Programming Languages},
	series={POPL '91},
	pages={55--66},
	publisher={ACM},
	doi={10.1145/99583.99594},
	year={1991}
}

@inproceedings{bates1993incremental,
	title={Incremental program testing using program dependence graphs},
	author={Bates, Samuel and Horwitz, Susan},
	booktitle={Proceedings of the 20th ACM SIGPLAN-SIGACT Symposium on Principles of Programming Languages},
	series={POPL '93},
	pages={384--396},
	publisher={ACM},
	doi={10.1145/158511.158694},
	year={1993}
}

@inproceedings{reps1995precise,
	title={Precise interprocedural dataflow analysis via graph reachability},
	author={Reps, Thomas and Horwitz, Susan and Sagiv, Mooly},
	booktitle={Proceedings of the 22nd ACM SIGPLAN-SIGACT Symposium on Principles of Programming Languages},
	series={POPL '95},
	pages={49--61},
	publisher={ACM},
	doi={10.1145/199448.199462},
	year={1995}
}

@inproceedings{steensgaard1996points,
	title={Points-to analysis in almost linear time},
	author={Steensgaard, Bjarne},
	booktitle={Proceedings of the 23rd ACM SIGPLAN-SIGACT Symposium on Principles of Programming Languages},
	series={POPL '96},
	pages={32--41},
	publisher={ACM},
	doi={10.1145/237721.237727},
	year={1996}
}

@inproceedings{myers1999jflow,
	title={JFlow: Practical mostly-static information flow control},
	author={Myers, Andrew},
	booktitle={Proceedings of the 26th ACM SIGPLAN-SIGACT Symposium on Principles of Programming Languages},
	series={POPL '99},
	pages={228--241},
	publisher={ACM},
	doi={10.1145/292540.292561},
	year={1999}
}

@inproceedings{chatterjee1999relevant,
	title={Relevant context inference},
	author={Chatterjee, Ramkrishna and Ryder, Barbara G. and Landi, William A.},
	booktitle={Proceedings of the 26th ACM SIGPLAN-SIGACT Symposium on Principles of Programming Languages},
	series={POPL '99},
	pages={133--146},
	publisher={ACM},
	doi={10.1145/292540.292554},
	year={1999}
}

@inproceedings{rehof2001type,
	title={Type-based flow analysis: From polymorphic subtyping to CFL-reachability},
	author={Rehof, Jakob and F{\"a}hndrich, Manuel},
	booktitle={Proceedings of the 28th ACM SIGPLAN-SIGACT Symposium on Principles of Programming Languages},
	series={POPL '01},
	pages={54--66},
	publisher={ACM},
	doi={10.1145/360204.360208},
	year={2001}
}

@inproceedings{ball2002slam,
	title={The SLAM project: Debugging system software via static analysis},
	author={Ball, Thomas and Rajamani, Sriram K.},
	booktitle={Proceedings of the 29th ACM SIGPLAN-SIGACT Symposium on Principles of Programming Languages},
	series={POPL '02},
	pages={1--3},
	publisher={ACM},
	doi={10.1145/503272.503274},
	year={2002}
}

@inproceedings{henzinger2002lazy,
	title={Lazy abstraction},
	author={Henzinger, Thomas A. and Jhala, Ranjit and Majumdar, Rupak and Sutre, Gr{\'e}goire},
	booktitle={Proceedings of the 29th ACM SIGPLAN-SIGACT Symposium on Principles of Programming Languages},
	series={POPL '02},
	pages={58--70},
	publisher={ACM},
	doi={10.1145/503272.503279},
	year={2002}
}

@inproceedings{xie2005scalable,
	title={Scalable error detection using Boolean satisfiability},
	author={Xie, Yichen and Aiken, Alex},
	booktitle={Proceedings of the 32nd ACM SIGPLAN-SIGACT Symposium on Principles of Programming Languages},
	series={POPL '05},
	pages={351--363},
	publisher={ACM},
	doi={10.1145/1040305.1040334},
	year={2005}
}

@inproceedings{zheng2008demand,
	title={Demand-driven alias analysis for C},
	author={Zheng, Xin and Rugina, Radu},
	booktitle={Proceedings of the 35th ACM SIGPLAN-SIGACT Symposium on Principles of Programming Languages},
	series={POPL '08},
	pages={197--208},
	publisher={ACM},
	doi={10.1145/1328438.1328464},
	year={2008}
}

@inproceedings{yorsh2008generating,
	title={Generating precise and concise procedure summaries},
	author={Yorsh, Greta and Yahav, Eran and Chandra, Satish},
	booktitle={Proceedings of the 35th ACM SIGPLAN-SIGACT Symposium on Principles of Programming Languages},
	series={POPL '08},
	pages={221--234},
	publisher={ACM},
	doi={10.1145/1328897.1328467},
	year={2008}
}

@inproceedings{chaudhuri2008subcubic,
	title={Subcubic algorithms for recursive state machines},
	author={Chaudhuri, Swarat},
	booktitle={Proceedings of the 35th ACM SIGPLAN-SIGACT Symposium on Principles of Programming Languages},
	series={POPL '08},
	pages={159--169},
	publisher={ACM},
	doi={10.1145/1328438.1328460},
	year={2008}
}

@inproceedings{hardekopf2009semi,
	title={Semi-sparse flow-sensitive pointer analysis},
	author={Hardekopf, Ben and Lin, Calvin},
	booktitle={Proceedings of the 36th ACM SIGPLAN-SIGACT Symposium on Principles of Programming Languages},
	series={POPL '09},
	pages={226--238},
	publisher={ACM},
	doi={10.1145/1480881.1480911},
	year={2009}
}

@inproceedings{harris2010program,
	title={Program analysis via satisfiability modulo path programs},
	author={Harris, William and Sankaranarayanan, Sriram and Ivan{\v{c}}i{\'c}, Franjo and Gupta, Aarti},
	booktitle={Proceedings of the 37th ACM SIGPLAN-SIGACT Symposium on Principles of Programming Languages},
	series={POPL '10},
	pages={71--82},
	publisher={ACM},
	doi={10.1145/1706299.1706309},
	year={2010}
}

@inproceedings{godefroid2010compositional,
	title={Compositional may-must program analysis: Unleashing the power of alternation},
	author={Godefroid, Patrice and Nori, Aditya V. and Rajamani, Sriram K. and Tetali, Sai Deep},
	booktitle={Proceedings of the 37th ACM SIGPLAN-SIGACT Symposium on Principles of Programming Languages},
	series={POPL '10},
	pages={43--56},
	publisher={ACM},
	doi={10.1145/1706299.1706307},
	year={2010}
}

@inproceedings{prabhu2011eigencfa,
	title={EigenCFA: Accelerating flow analysis with GPUs},
	author={Prabhu, Tarun and Ramalingam, Shreyas and Might, Matthew and Hall, Mary},
	booktitle={Proceedings of the 38th ACM SIGPLAN-SIGACT Symposium on Principles of Programming Languages},
	series={POPL '11},
	pages={511--522},
	publisher={ACM},
	doi={10.1145/1926385.1926445},
	year={2011}
}

@inproceedings{tang2015summary,
	title={Summary-based context-sensitive data-dependence analysis in presence of callbacks},
	author={Tang, Hao and Wang, Xiaoyin and Zhang, Lingming and Xie, Bing and Zhang, Lu and Mei, Hong},
	booktitle={Proceedings of the 42nd ACM SIGPLAN-SIGACT Symposium on Principles of Programming Languages},
	series={POPL '15},
	pages={83--95},
	publisher={ACM},
	doi={10.1145/2676726.2676997},
	year={2015}
}

@inproceedings{wu2016casper,
	title={Casper: An efficient approach to call trace collection},
	author={Wu, Rongxin and Xiao, Xiao and Cheung, Shing-Chi and Zhang, Hongyu and Zhang, Charles},
	booktitle={Proceedings of the 43rd ACM SIGPLAN-SIGACT Symposium on Principles of Programming Languages},
	series={POPL '16},
	pages={678--690},
	publisher={ACM},
	doi={10.1145/2837614.2837619},
	year={2016}
}

@inproceedings{zhang2017context,
	title={Context-sensitive data-dependence analysis via linear conjunctive language reachability},
	author={Zhang, Qirun and Su, Zhendong},
	booktitle={Proceedings of the 44th ACM SIGPLAN Symposium on Principles of Programming Languages},
	series={POPL '17},
	pages={344--358},
	publisher={ACM},
	doi={10.1145/3009837.3009848},
	year={2017}
}

@comment{====ICSE====}
@inproceedings{heine2006static,
	title={Static detection of leaks in polymorphic containers},
	author={Heine, David L. and Lam, Monica S.},
	booktitle={Proceedings of the 28th International Conference on Software Engineering},
	series={ICSE '06},
	pages={252--261},
	publisher={ACM},
	doi={10.1145/1134285.1134321},
	year={2006}
}

@inproceedings{dwyer2007parallel,
	title={Parallel randomized state-space search},
	author={Dwyer, Matthew B. and Elbaum, Sebastian and Person, Suzette and Purandare, Rahul},
	booktitle={Proceedings of the 29th International Conference on Software Engineering},
	series={ICSE '07},
	pages={3--12},
	publisher={IEEE},
	doi={10.1109/ICSE.2007.62},
	year={2007}
}

@inproceedings{babic2008calysto,
	title={Calysto: Scalable and precise extended static checking},
	author={Babic, Domagoj and Hu, Alan J.},
	booktitle={Proceedings of the 30th International Conference on Software Engineering},
	series={ICSE '08},
	pages={211--220},
	publisher={IEEE},
	doi={10.1145/1368088.1368118},
	year={2008}
}

@inproceedings{gabel2008scalable,
	title={Scalable detection of semantic clones},
	author={Gabel, Mark and Jiang, Lingxiao and Su, Zhendong},
	booktitle={Proceedings of the 30th International Conference on Software Engineering},
	series={ICSE '08},
	pages={321--330},
	publisher={ACM},
	doi={10.1145/1368088.1368132},
	year={2008}
}

@inproceedings{sadowski2015tricorder,
	title={Tricorder: Building a program analysis ecosystem},
	author={Sadowski, Caitlin and Van Gogh, Jeffrey and Jaspan, Ciera and S{\"o}derberg, Emma and Winter, Collin},
	booktitle={Proceedings of the 37th International Conference on Software Engineering},
	series={ICSE '15},
	pages={598--608},
	publisher={IEEE},
	doi={10.1109/ICSE.2015.76},
	year={2015}
}

@inproceedings{terragni2015recontest,
	title={RECONTEST: Effective regression testing of concurrent programs},
	author={Terragni, Valerio and Cheung, Shing-Chi and Zhang, Charles},
	booktitle={Proceedings of the 37th International Conference on Software Engineering},
	series={ICSE '15},
	pages={246--256},
	publisher={IEEE},
	doi={10.1109/ICSE.2015.45},
	year={2015}
}

@inproceedings{weiss2015database,
	title={Database-backed program analysis for scalable error propagation},
	author={Weiss, Cathrin and Rubio-Gonz{\'a}lez, Cindy and Liblit, Ben},
	booktitle={Proceedings of the 37th International Conference on Software Engineering},
	series={ICSE '15},
	pages={586--597},
	publisher={IEEE},
	doi={10.1109/ICSE.2015.75},
	year={2015}
}

@inproceedings{yan2018spatio,
	title={Spatio-temporal context reduction: A pointer-analysis-based static approach for detecting use-after-free vulnerabilities},
	author={Yan, Hua and Sui, Yulei and Chen, Shiping and Xue, Jingling},
	booktitle={Proceedings of the 40th International Conference on Software Engineering},
	series={ICSE '18},
	pages={327--337},
	publisher={IEEE},
	doi={10.1145/3180155.3180178},
	year={2018}
}

@inproceedings{fan2019smoke,
	title={Smoke: Scalable path-sensitive memory leak detection for millions of lines of code},
	author={Fan, Gang and Wu, Rongxin and Shi, Qingkai and Xiao, Xiao and Zhou, Jinguo and Zhang, Charles},
	booktitle={Proceedings of the 41st International Conference on Software Engineering},
	series={ICSE '19},
	pages={72--82},
	publisher={IEEE},
	doi={10.1109/ICSE.2019.00025},
	year={2019}
}

@inproceedings{shi2020conquering,
	title={Conquering the extensional scalability problem for value-flow analysis frameworks},
	author={Shi, Qingkai and Wu, Rongxin and Fan, Gang and Zhang, Charles},
	booktitle={Proceedings of the 42nd International Conference on Software Engineering},
	series={ICSE '20},
	pages={812--823},
	publisher={ACM},
	doi={10.1145/3377811.3380346},
	year={2020}
}

@inproceedings{shi2020pipelining,
	title={Pipelining bottom-up data flow analysis},
	author={Shi, Qingkai and Zhang, Charles},
	booktitle={Proceedings of the 42nd International Conference on Software Engineering},
	series={ICSE '20},
	pages={835--847},
	publisher={ACM},
	doi={10.1145/3377811.3380425},
	year={2020}
}

@inproceedings{cadar2016analysing,
	author={Cadar, Cristian and Donaldson, Alastair},
	booktitle={Proceedings of the 38th International Conference on Software Engineering Companion},
	series={ICSE '16},
	title={Analysing the program analyser}, 
	year={2016},
	pages={765--768},
	doi={10.1145/2889160.2889206},
	publisher={IEEE},
}

@inproceedings{arzt2014reviser,
  title={Reviser: efficiently updating IDE-/IFDS-based data-flow analyses in response to incremental program changes},
  author={Arzt, Steven and Bodden, Eric},
  booktitle={Proceedings of the 36th International Conference on Software Engineering},
  pages={288--298},
  year={2014}
}

@comment{====ISSTA====}
@inproceedings{yao2021fuzzing,
	title={Fuzzing SMT solvers via two-dimensional search space exploration},
	author={Yao, Peisen and Huang, Heqing and Tang, Wensheng and Shi, Qingkai and Wu, Rongxin and Zhang, Charles},
	booktitle={Proceedings of the 30th ACM SIGSOFT International Symposium on Software Testing and Analysis},
	series={ISSTA '21},
	pages={1--15},
	publisher={ACM},
	doi={unknown},
	year={2021}
}

@inproceedings{dor2004software,
	title={Software validation via scalable path-sensitive value flow analysis},
	author={Dor, N. and Adams, S. and Das, M. and Yang, Z.},
	booktitle={Proceedings of the 13th ACM SIGSOFT International Symposium on Software Testing and Analysis},
	series={ISSTA '04},
	pages={12--22},
	publisher={ACM},
	doi={10.1145/1007512.1007515},
	year={2004}
}

@inproceedings{saxena2009loop,
	title={Loop-extended symbolic execution on binary programs},
	author={Saxena, Prateek and Poosankam, Pongsin and McCamant, Stephen and Song, Dawn},
	booktitle={Proceedings of the 18th ACM SIGSOFT International Symposium on Software Testing and Analysis},
	series={ISSTA '09},
	pages={225--236},
	publisher={ACM},
	doi={10.1145/1572272.1572299},
	year={2009}
}

@inproceedings{yan2011demand,
	title={Demand-driven context-sensitive alias analysis for Java},
	author={Yan, Dacong and Xu, Guoqing and Rountev, Atanas},
	booktitle={Proceedings of the 20th ACM SIGSOFT International Symposium on Software Testing and Analysis},
	series={ISSTA '11},
	pages={155--165},
	publisher={ACM},
	doi={10.1145/2001420.2001440},
	year={2011}
}

@inproceedings{guarnieri2011saving,
	title={Saving the world wide web from vulnerable JavaScript},
	author={Guarnieri, Salvatore and Pistoia, Marco and Tripp, Omer and Dolby, Julian and Teilhet, Stephen and Berg, Ryan},
	booktitle={Proceedings of the 20th ACM SIGSOFT International Symposium on Software Testing and Analysis},
	series={ISSTA '11},
	pages={177--187},
	publisher={ACM},
	doi={10.1145/2001420.2001442},
	year={2011}
}

@inproceedings{caballero2012undangle,
	title={Undangle: Early detection of dangling pointers in use-after-free and double-free vulnerabilities},
	author={Caballero, Juan and Grieco, Gustavo and Marron, Mark and Nappa, Antonio},
	booktitle={Proceedings of the 21st ACM SIGSOFT International Symposium on Software Testing and Analysis},
	series={ISSTA '12},
	pages={133--143},
	publisher={ACM},
	doi={10.1145/2338965.2336769},
	year={2012}
}

@inproceedings{jia2015enhancing,
	title={Enhancing reuse of constraint solutions to improve symbolic execution},
	author={Jia, Xiangyang and Ghezzi, Carlo and Ying, Shi},
	booktitle={Proceedings of the 24th ACM SIGSOFT International Symposium on Software Testing and Analysis},
	series={ISSTA '15},
	pages={177--187},
	publisher={ACM},
	doi={10.1145/2771783.2771806},
	year={2015}
}

@inproceedings{fan2017boosting,
	title={Boosting the precision of virtual call integrity protection with partial pointer analysis for C++},
	author={Fan, Xiaokang and Sui, Yulei and Liao, Xiangke and Xue, Jingling},
	booktitle={Proceedings of the 26th ACM SIGSOFT International Symposium on Software Testing and Analysis},
	series={ISSTA '17},
	pages={329--340},
	publisher={ACM},
	doi={10.1145/3092703.3092729},
	year={2017}
}

@inproceedings{do2017just,
	title={Just-in-time static analysis},
	author={Do, Lisa Nguyen Quang and Ali, Karim and Livshits, Benjamin and Bodden, Eric and Smith, Justin and Murphy-Hill, Emerson},
	booktitle={Proceedings of the 26th ACM SIGSOFT International Symposium on Software Testing and Analysis},
	series={ISSTA '17},
	pages={307--317},
	publisher={ACM},
	doi={10.1145/3092703.3092705},
	year={2017}
}

@inproceedings{fan2020escaping,
	title={Escaping dependency hell: Finding build dependency errors with the unified dependency graph},
	author={Fan, Gang and Wang, Chengpeng and Wu, Rongxin and Xiao, Xiao and Shi, Qingkai and Zhang, Charles},
	booktitle={Proceedings of the 29th ACM SIGSOFT International Symposium on Software Testing and Analysis},
	series={ISSTA '20},
	pages={463--474},
	publisher={ACM},
	doi={10.1145/3395363.3397388},
	year={2020}
}

@inproceedings{yao2020fast,
	title={Fast bit-vector satisfiability},
	author={Yao, Peisen and Shi, Qingkai and Huang, Heqing and Zhang, Charles},
	booktitle={Proceedings of the 29th ACM SIGSOFT International Symposium on Software Testing and Analysis},
	series={ISSTA '20},
	pages={38--50},
	publisher={ACM},
	doi={10.1145/3395363.3397378},
	year={2020}
}

@comment{====NDSS====}
@inproceedings{lee2015preventing,
	title={Preventing use-after-free with dangling pointers nullification},
	author={Lee, Byoungyoung and Song, Chengyu and Jang, Yeongjin and Wang, Tielei and Kim, Taesoo and Lu, Long and Lee, Wenke},
	booktitle={Proceedings of the 22th Network and Distributed System Security Symposium},
	series={NDSS '15},
	pages={1--15},
	publisher={Internet Society},
	doi={10.14722/ndss.2015.23238},
	year={2015}
}


@inproceedings{Zhai2022NDSS,
	title={Progressive Scrutiny: Incremental Detection of UBI
bugs in the Linux Kernel},
	author={Zhai, Yizhuo and Hao, Yu and Zhang, Zheng  and Chen, Weiteng and Li, Guoren and Qian,  Zhiyun and Song, Chengyu and Sridharan, Manu and V. Krishnamurthy, Srikanth and Jaeger, Trent, and Yu, Paul},
	booktitle={Proceedings of the 29th Network and Distributed System Security Symposium},
	series={NDSS '22},
	pages={1--15},
	publisher={Internet Society},
	year={2022}
}

@inproceedings{gordon2015information,
	title={Information flow analysis of android applications in DroidSafe},
	author={Gordon, Michael and Kim, Deokhwan and Perkins, Jeff and Gilham, Limei and Nguyen, Nguyen and Rinard, Martin},
	booktitle={Proceedings of the 22th Network and Distributed System Security Symposium},
	series={NDSS '15},
	pages={1--16},
	publisher={Internet Society},
	doi={10.14722/ndss.2015.23089},
	year={2015}
}

@comment{====PLDI====}
@inproceedings{ottenstein1990program,
	title={The program dependence web: A representation supporting control-, data-, and demand-driven interpretation of imperative languages},
	author={Ottenstein, Karl J. and Ballance, Robert A. and MacCabe, Arthur B.},
	booktitle={Proceedings of the 11th ACM SIGPLAN Conference on Programming Language Design and Implementation},
	series={PLDI '90},
	pages={257--271},
	publisher={ACM},
	doi={10.1145/93542.93578},
	year={1990}
}

@inproceedings{agrawal1990dynamic,
	title={Dynamic program slicing},
	author={Agrawal, Hiralal and Horgan, Joseph R.},
	booktitle={Proceedings of the 11th ACM SIGPLAN Conference on Programming Language Design and Implementation},
	series={PLDI '90},
	pages={246--256},
	publisher={ACM},
	doi={10.1109/TSE.1984.5010248},
	year={1990}
}

@inproceedings{dhamdhere1992analyze,
	title={How to analyze large programs efficiently and informatively},
	author={Dhamdhere, Dhananjay M. and Rosen, Barry K. and Zadeck, F. Kenneth},
	booktitle={Proceedings of the 13th ACM SIGPLAN Conference on Programming Language Design and Implementation},
	series={PLDI '92},
	pages={212--223},
	publisher={ACM},
	doi={10.1145/143095.143135},
	year={1992}
}

@inproceedings{wolfe1992beyond,
	title={Beyond induction variables},
	author={Wolfe, Michael},
	booktitle={Proceedings of the 13th ACM SIGPLAN Conference on Programming Language Design and Implementation},
	series={PLDI '92},
	pages={162--174},
	publisher={ACM},
	doi={10.1145/143095.143131},
	year={1992}
}

@inproceedings{johnson1993dependence,
	title={Dependence-based program analysis},
	author={Johnson, Richard and Pingali, Keshav},
	booktitle={Proceedings of the 14th ACM SIGPLAN Conference on Programming Language Design and Implementation},
	series={PLDI '93},
	pages={78--89},
	publisher={ACM},
	doi={10.1145/155090.155098},
	year={1993}
}

@inproceedings{johnson1994the,
	title={The program structure tree: Computing control regions in linear time},
	author={Johnson, Richard and Pearson, David and Pingali, Keshav},
	booktitle={Proceedings of the 15th ACM SIGPLAN Conference on Programming Language Design and Implementation},
	series={PLDI '94},
	pages={171--185},
	publisher={ACM},
	doi={10.1145/178243.178258},
	year={1994}
}

@inproceedings{norris1994register,
	title={Register allocation over the program dependence graph},
	author={Norris, Cindy and Pollock, Lori L.},
	booktitle={Proceedings of the 15th ACM SIGPLAN Conference on Programming Language Design and Implementation},
	series={PLDI '94},
	pages={266--277},
	publisher={ACM},
	doi={10.1145/178243.178427},
	year={1994}
}

@inproceedings{tu1995efficient,
	title={Efficient building and placing of gating functions},
	author={Tu, Peng and Padua, David},
	booktitle={Proceedings of the 16th ACM SIGPLAN Conference on Programming Language Design and Implementation},
	series={PLDI '95},
	pages={47--55},
	publisher={ACM},
	doi={10.1145/223428.207115},
	year={1995}
}

@inproceedings{wilson1995efficient,
	title={Efficient context-sensitive pointer analysis for C programs},
	author={Wilson, Robert P. and Lam, Monica S.},
	booktitle={Proceedings of the 16th ACM SIGPLAN Conference on Programming Language Design and Implementation},
	series={PLDI '95},
	pages={1--12},
	publisher={ACM},
	doi={10.1145/207110.207111},
	year={1995}
}

@inproceedings{evans1996static,
	title={Static detection of dynamic memory errors},
	author={Evans, David},
	booktitle={Proceedings of the 17th ACM SIGPLAN Conference on Programming Language Design and Implementation},
	series={PLDI '96},
	pages={44--53},
	publisher={ACM},
	doi={10.1145/231379.231389},
	year={1996}
}

@inproceedings{hasti1998using,
	title={Using static single assignment form to improve flow-insensitive pointer analysis},
	author={Hasti, Rebecca and Horwitz, Susan},
	booktitle={Proceedings of the 19th ACM SIGPLAN Conference on Programming Language Design and Implementation},
	series={PLDI '98},
	pages={97--105},
	publisher={ACM},
	doi={10.1145/277650.277668},
	year={1998}
}

@inproceedings{larus1999whole,
	title={Whole program paths},
	author={Larus, James R.},
	booktitle={Proceedings of the 20th ACM SIGPLAN Conference on Programming Language Design and Implementation},
	series={PLDI '99},
	pages={259--269},
	publisher={ACM},
	doi={10.1145/301618.301678},
	year={1999}
}

@inproceedings{heintze2001demand,
	title={Demand-driven pointer analysis},
	author={Heintze, Nevin and Tardieu, Olivier},
	booktitle={Proceedings of the 22nd ACM SIGPLAN Conference on Programming Language Design and Implementation},
	series={PLDI '01},
	pages={24--34},
	publisher={ACM},
	doi={10.1145/378795.378802},
	year={2001}
}

@inproceedings{das2002esp,
	title={ESP: Path-sensitive program verification in polynomial time},
	author={Das, Manuvir and Lerner, Sorin and Seigle, Mark},
	booktitle={Proceedings of the 23rd ACM SIGPLAN Conference on Programming Language Design and Implementation},
	series={PLDI '02},
	pages={57--68},
	publisher={ACM},
	doi={10.1145/512529.512538},
	year={2002}
}

@inproceedings{hallem2002system,
	title={A system and language for building system-specific, static analyses},
	author={Hallem, Seth and Chelf, Benjamin and Xie, Yichen and Engler, Dawson},
	booktitle={Proceedings of the 23rd ACM SIGPLAN Conference on Programming Language Design and Implementation},
	series={PLDI '02},
	pages={69--82},
	publisher={ACM},
	doi={10.1145/512529.512539},
	year={2002}
}

@inproceedings{heine2003practical,
	title={A practical flow-sensitive and context-sensitive C and C++ memory leak detector},
	author={Heine, David L. and Lam, Monica S.},
	booktitle={Proceedings of the 24th ACM SIGPLAN Conference on Programming Language Design and Implementation},
	series={PLDI '03},
	pages={168--181},
	publisher={ACM},
	doi={10.1145/781131.781150},
	year={2003}
}

@inproceedings{kodumal2004set,
	title={The set constraint/CFL reachability connection in practice},
	author={Kodumal, John and Aiken, Alex},
	booktitle={Proceedings of the 25th ACM SIGPLAN Conference on Programming Language Design and Implementation},
	series={PLDI '04},
	pages={207--218},
	publisher={ACM},
	doi={10.1145/996841.996867},
	year={2004}
}

@inproceedings{whaley2004cloning,
	title={Cloning-based context-sensitive pointer alias analysis using binary decision diagrams},
	author={Whaley, John and Lam, Monica S.},
	booktitle={Proceedings of the 25th ACM SIGPLAN Conference on Programming Language Design and Implementation},
	series={PLDI '04},
	pages={131--144},
	publisher={ACM},
	doi={10.1145/996841.996859},
	year={2004}
}

@inproceedings{venet2004precise,
	title={Precise and efficient static array bound checking for large embedded C programs},
	author={Venet, Arnaud and Brat, Guillaume},
	booktitle={Proceedings of the 25th ACM SIGPLAN Conference on Programming Language Design and Implementation},
	series={PLDI '04},
	pages={231--242},
	publisher={ACM},
	doi={10.1145/996841.996869},
	year={2004}
}

@inproceedings{sridharan2006refinement,
	title={Refinement-based context-sensitive points-to analysis for Java},
	author={Sridharan, Manu and Bod{\'\i}k, Rastislav},
	booktitle={Proceedings of the 27th ACM SIGPLAN Conference on Programming Language Design and Implementation},
	series={PLDI '06},
	pages={387--400},
	publisher={ACM},
	doi={10.1145/1133981.1134027},
	year={2006}
}

@inproceedings{cherem2007practical,
	title={Practical memory leak detection using guarded value-flow analysis},
	author={Cherem, Sigmund and Princehouse, Lonnie and Rugina, Radu},
	booktitle={Proceedings of the 28th ACM SIGPLAN Conference on Programming Language Design and Implementation},
	series={PLDI '07},
	pages={480--491},
	publisher={ACM},
	doi={10.1145/1250734.1250789},
	year={2007}
}

@inproceedings{lattner2007making,
	title={Making context-sensitive points-to analysis with heap cloning practical for the real world},
	author={Lattner, Chris and Lenharth, Andrew and Adve, Vikram},
	booktitle={Proceedings of the 28th ACM SIGPLAN Conference on Programming Language Design and Implementation},
	series={PLDI '07},
	pages={278--289},
	publisher={ACM},
	doi={10.1145/1250734.1250766},
	year={2007}
}

@inproceedings{sridharan2007thin,
	title={Thin slicing},
	author={Sridharan, Manu and Fink, Stephen J. and Bodik, Rastislav},
	booktitle={Proceedings of the 28th ACM SIGPLAN Conference on Programming Language Design and Implementation},
	series={PLDI '07},
	pages={112--122},
	publisher={ACM},
	doi={10.1145/1250734.1250748},
	year={2007}
}

@inproceedings{dillig2008sound,
	title={Sound, complete and scalable path-sensitive analysis},
	author={Dillig, Isil and Dillig, Thomas and Aiken, Alex},
	booktitle={Proceedings of the 29th ACM SIGPLAN Conference on Programming Language Design and Implementation},
	series={PLDI '08},
	pages={270--280},
	publisher={ACM},
	doi={10.1145/1375581.1375615},
	year={2008}
}

@inproceedings{xu2010finding,
	title={Finding low-utility data structures},
	author={Xu, Guoqing and Mitchell, Nick and Arnold, Matthew and Rountev, Atanas and Schonberg, Edith and Sevitsky, Gary},
	booktitle={Proceedings of the 31st ACM SIGPLAN Conference on Programming Language Design and Implementation},
	series={PLDI '10},
	pages={174--186},
	publisher={ACM},
	doi={10.1145/1806596.1806617},
	year={2010}
}

@inproceedings{dillig2011precise,
	title={Precise and compact modular procedure summaries for heap manipulating programs},
	author={Dillig, Isil and Dillig, Thomas and Aiken, Alex and Sagiv, Mooly},
	booktitle={Proceedings of the 32nd ACM SIGPLAN Conference on Programming Language Design and Implementation},
	series={PLDI '11},
	pages={567--577},
	publisher={ACM},
	doi={10.1145/1993498.1993565},
	year={2011}
}

@inproceedings{yang2011finding,
	author = {Yang, Xuejun and Chen, Yang and Eide, Eric and Regehr, John},
	title = {Finding and understanding bugs in C compilers},
	year = {2011},
	publisher = {ACM},
	doi = {10.1145/1993498.1993532},
	booktitle = {Proceedings of the 32nd ACM SIGPLAN Conference on Programming Language Design and Implementation},
	pages = {283--294},
	series = {PLDI '11}
}

@inproceedings{oh2012design,
	title={Design and implementation of sparse global analyses for C-like languages},
	author={Oh, Hakjoo and Heo, Kihong and Lee, Wonchan and Lee, Woosuk and Yi, Kwangkeun},
	booktitle={Proceedings of the 33rd ACM SIGPLAN Conference on Programming Language Design and Implementation},
	series={PLDI '12},
	pages={229--238},
	publisher={ACM},
	doi={10.1145/2254064.2254092},
	year={2012}
}

@inproceedings{albarghouthi2012parallelizing,
	title={Parallelizing top-down interprocedural analyses},
	author={Albarghouthi, Aws and Kumar, Rahul and Nori, Aditya V. and Rajamani, Sriram K.},
	booktitle={Proceedings of the 33rd ACM SIGPLAN Conference on Programming Language Design and Implementation},
	series={PLDI '12},
	pages={217--228},
	publisher={ACM},
	doi={10.1145/2254064.2254091},
	year={2012}
}

@inproceedings{zhang2013fast,
	title={Fast algorithms for Dyck-CFL-reachability with applications to alias analysis},
	author={Zhang, Qirun and Lyu, Michael R. and Yuan, Hao and Su, Zhendong},
	booktitle={Proceedings of the 34th ACM SIGPLAN Conference on Programming Language Design and Implementation},
	series={PLDI '13},
	pages={435--446},
	publisher={ACM},
	doi={10.1145/2499370.2462159},
	year={2013}
}

@inproceedings{huang2013clap,
	title={CLAP: Recording local executions to reproduce concurrency failures},
	author={Huang, Jeff and Zhang, Charles and Dolby, Julian},
	booktitle={Proceedings of the 34th ACM SIGPLAN Conference on Programming Language Design and Implementation},
	series={PLDI '13},
	pages={141--152},
	publisher={ACM},
	doi={10.1145/2499370.2462167},
	year={2013}
}

@inproceedings{arzt2014flowdroid,
	title={Flowdroid: Precise context, flow, field, object-sensitive and lifecycle-aware taint analysis for Android apps},
	author={Arzt, Steven and Rasthofer, Siegfried and Fritz, Christian and Bodden, Eric and Bartel, Alexandre and Klein, Jacques and Le Traon, Yves and Octeau, Damien and McDaniel, Patrick},
	booktitle={Proceedings of the 35th ACM SIGPLAN Conference on Programming Language Design and Implementation},
	series={PLDI '14},
	pages={259--269},
	publisher={ACM},
	doi={10.1145/2594291.2594299},
	year={2014}
}

@inproceedings{zhang2014hybrid,
	title={Hybrid top-down and bottom-up inter-procedural analysis},
	author={Zhang, Xin and Mangal, Ravi and Naik, Mayur and Yang, Hongseok},
	booktitle={Proceedings of the 35th ACM SIGPLAN Conference on Programming Language Design and Implementation},
	series={PLDI '14},
	pages={249--258},
	publisher={ACM},
	doi={10.1145/2594291.2594328},
	year={2014}
}

@inproceedings{xiao2014persistent,
	title={Persistent pointer information},
	author={Xiao, Xiao and Zhang, Qirun and Zhou, Jinguo and Zhang, Charles},
	booktitle={Proceedings of the 35th ACM SIGPLAN Conference on Programming Language Design and Implementation},
	series={PLDI '14},
	pages={463--474},
	publisher={ACM},
	doi={10.1145/2594291.2594314},
	year={2014}
}

@inproceedings{johnson2015exploring,
	title={Exploring and enforcing security guarantees via program dependence graphs},
	author={Johnson, Andrew and Waye, Lucas and Moore, Scott and Chong, Stephen},
	booktitle={Proceedings of the 36th ACM SIGPLAN Conference on Programming Language Design and Implementation},
	series={PLDI '15},
	pages={291--302},
	publisher={ACM},
	doi={10.1145/2737924.2737957},
	year={2015}
}

@inproceedings{madsen2016datalog,
	title={From Datalog to flix: A declarative language for fixed points on lattices},
	author={Madsen, Magnus and Yee, Ming-Ho and Lhot{\'a}k, Ond{\v{r}}ej},
	booktitle={Proceedings of the 37th ACM SIGPLAN Conference on Programming Language Design and Implementation},
	series={PLDI '16},
	pages={194--208},
	publisher={ACM},
	doi={10.1145/2908080.2908096},
	year={2016}
}

@inproceedings{mukund2018user,
	title={User-guided program reasoning using bayesian inference},
	author={Raghothaman, Mukund and Kulkarni, Sulekha and Heo, Kihong and Naik, Mayur},
	booktitle={Proceedings of the 39th ACM SIGPLAN Conference on Programming Language Design and Implementation},
	series={PLDI '18},
	pages={722--735},
	publisher={ACM},
	doi={10.1145/3192366.3192417},
	year={2018}
}

@inproceedings{shi2018pinpoint,
	title={Pinpoint: Fast and precise sparse value flow analysis for million lines of code},
	author={Shi, Qingkai and Xiao, Xiao and Wu, Rongxin and Zhou, Jinguo and Fan, Gang and Zhang, Charles},
	booktitle={Proceedings of the 39th ACM SIGPLAN Conference on Programming Language Design and Implementation},
	series={PLDI '18},
	pages={693--706},
	publisher={ACM},
	doi={10.1145/3192366.3192418},
	year={2018}
}

@inproceedings{cai2018calling,
	title={Calling-to-reference context translation via constraint-guided CFL-reachability},
	author={Cai, Cheng and Zhang, Qirun and Zuo, Zhiqiang and Nguyen, Khanh and Xu, Guoqing and Su, Zhendong},
	booktitle={Proceedings of the 39th ACM SIGPLAN Conference on Programming Language Design and Implementation},
	series={PLDI '18},
	pages={196--210},
	publisher={ACM},
	doi={10.1145/3192366.3192378},
	year={2018}
}

@inproceedings{shi2021path,
  title={Path-sensitive sparse analysis without path conditions},
  author={Shi, Qingkai and Yao, Peisen and Wu, Rongxin and Zhang, Charles},
  booktitle={Proceedings of the 42nd ACM SIGPLAN International Conference on Programming Language Design and Implementation},
  pages={930--943},
  year={2021}
}

@inproceedings{kihong2019continuously,
	title={Continuously reasoning about programs using differential bayesian inference},
	author={Heo, Kihong and Raghothaman, Mukund and Si, Xujie and Naik, Mayur},
	booktitle={Proceedings of the 40th ACM SIGPLAN Conference on Programming Language Design and Implementation},
	series={PLDI '19},
	pages={561--575},
	publisher={ACM},
	doi={10.1145/3314221.3314616},
	year={2019}
}

@inproceedings{li2020fast,
	title={Fast graph simplification for interleaved Dyck-reachability},
	author={Li, Yuanbo and Zhang, Qirun and Reps, Thomas},
	booktitle={Proceedings of the 41st ACM SIGPLAN Conference on Programming Language Design and Implementation},
	series={PLDI '20},
	pages={780--793},
	publisher={ACM},
	doi={10.1145/3385412.3386021},
	year={2020}
}

@comment{====FSTTCS====}
@inproceedings{reps2007program,
	title={Program analysis using weighted pushdown systems},
	author={Reps, Thomas and Lal, Akash and Kidd, Nick},
	booktitle={Proceedings of the 27th International Conference on Foundations of Software Technology and Theoretical Computer Science},
	series={FSTTCS '07},
	pages={23--51},
	publisher={Springer},
	doi={10.1007/978-3-540-77050-3_4},
	year={2007}
}

@comment{====ICDE====}
@inproceedings{wang2006dual,
	title={Dual labeling: Answering graph reachability queries in constant time},
	author={Wang, Haixun and He, Hao and Yang, Jun and Yu, Philip S. and Yu, Jeffrey Xu},
	booktitle={Proceedings of the 22nd International Conference on Data Engineering},
	series={ICDE '06},
	pages={75--75},
	publisher={IEEE},
	doi={10.1109/ICDE.2006.53},
	year={2006}
}

@inproceedings{chen2008efficient,
	title={An efficient algorithm for answering graph reachability queries},
	author={Chen, Yangjun and Chen, Yibin},
	booktitle={Proceedings of the 24nd International Conference on Data Engineering},
	series={ICDE '08},
	pages={893--902},
	publisher={IEEE},
	doi={10.1109/ICDE.2008.4497498},
	year={2008}
}

@inproceedings{fan2011adding,
	title={Adding regular expressions to graph reachability and pattern queries},
	author={Fan, Wenfei and Li, Jianzhong and Ma, Shuai and Tang, Nan and Wu, Yinghui},
	booktitle={Proceedings of the 27th International Conference on Data Engineering},
	series={ICDE '11},
	pages={39--50},
	publisher={IEEE},
	doi={10.1109/ICDE.2011.5767858},
	year={2011}
}

@inproceedings{seufert2013ferrari,
	title={Ferrari: Flexible and efficient reachability range assignment for graph indexing},
	author={Seufert, Stephan and Anand, Avishek and Bedathur, Srikanta and Weikum, Gerhard},
	booktitle={Proceedings of the 29nd International Conference on Data Engineering},
	series={ICDE '13},
	pages={1009--1020},
	publisher={IEEE},
	doi={10.1109/ICDE.2013.6544893},
	year={2013}
}

@comment{====Proceedings of the ACM on Programming Languages====}
@article{grech2017p,
	title={P/Taint: Unified points-to and taint analysis},
	author={Grech, Neville and Smaragdakis, Yannis},
	journal={Proceedings of the ACM on Programming Languages},
	volume={1},
	number={OOPSLA},
	pages={102:1--102:28},
	publisher={ACM},
	doi={10.1145/3133926},
	year={2017}
}

@article{chatterjee2017optimal,
	title={Optimal Dyck reachability for data-dependence and alias analysis},
	author={Chatterjee, Krishnendu and Choudhary, Bhavya and Pavlogiannis, Andreas},
	journal={Proceedings of the ACM on Programming Languages},
	volume={2},
	number={POPL},
	pages={30:1--30:30},
	publisher={ACM},
	doi={10.1145/3158118},
	year={2017}
}

@article{li2021complexity,
	title={On the complexity of bidirected interleaved Dyck-reachability},
	author={Li, Yuanbo and Zhang, Qirun and Reps, Thomas},
	journal={Proceedings of the ACM on Programming Languages},
	volume={5},
	number={POPL},
	pages={1--28},
	publisher={ACM},
	doi={10.1145/3434340},
	year={2021}
}

@article{milanova2020flowcfl,
	title={FlowCFL: generalized type-based reachability analysis: graph reduction and equivalence of CFL-based and type-based reachability},
	author={Milanova, Ana},
	journal={Proceedings of the ACM on Programming Languages},
	volume={4},
	number={OOPSLA},
	pages={1--29},
	year={2020},
	publisher={ACM},
	doi={10.1145/3428246}
}

@comment{====ISMM====}
@inproceedings{jung2008practical,
	title={Practical memory leak detector based on parameterized procedural summaries},
	author={Jung, Yungbum and Yi, Kwangkeun},
	booktitle={Proceedings of the 7th International Symposium on Memory Management},
	series={ISMM '08},
	pages={131--140},
	publisher={ACM},
	doi={10.1145/1375634.1375653},
	year={2008}
}

@inproceedings{naeem2009efficient,
	title={Efficient alias set analysis using SSA form},
	author={Naeem, Nomair A. and Lhot{\'a}k, Ondrej},
	booktitle={Proceedings of the 2009 International Symposium on Memory Management},
	series={ISMM '09},
	pages={79--88},
	publisher={ACM},
	doi={10.1145/1542431.1542443},
	year={2009}
}

@inproceedings{li2013precise,
	title={Precise and scalable context-sensitive pointer analysis via value flow graph},
	author={Li, Lian and Cifuentes, Cristina and Keynes, Nathan},
	booktitle={Proceedings of the 2013 International Symposium on Memory Management},
	series={ISMM '13},
	pages={85--96},
	publisher={ACM},
	doi={10.1145/2491894.2466483},
	year={2013}
}

@comment{====Discrete Mathematics====}
@article{harary1973number,
	title={The number of caterpillars},
	author={Harary, Frank and Schwenk, Allen J.},
	journal={Discrete Mathematics},
	volume={6},
	number={4},
	pages={359--365},
	publisher={Elsevier},
	doi={10.1016/0012-365X(73)90067-8},
	year={1973}
}

@article{habib1993calculation,
	title={On the calculation of transitive reduction-closure of orders},
	author={Habib, Michel and Morvan, Michel and Rampon, J-X},
	journal={Discrete Mathematics},
	volume={111},
	number={1-3},
	pages={289--303},
	publisher={Elsevier},
	doi={10.1016/0012-365X(93)90164-O},
	year={1993}
}

@comment{====SAS====}
@inproceedings{shapiro1997effects,
	title={The effects of the precision of pointer analysis},
	author={Shapiro, Marc and Horwitz, Susan},
	booktitle={Proceedings of the 4th International Static Analysis Symposium},
	series={SAS '97},
	pages={16--34},
	publisher={Springer},
	doi={10.1007/BFb0032731},
	year={1997}
}

@inproceedings{guyer2003client,
	title={Client-driven pointer analysis},
	author={Guyer, Samuel Z. and Lin, Calvin},
	booktitle={Proceedings of the 10th International Static Analysis Symposium},
	series={SAS '03},
	pages={214--236},
	publisher={Springer},
	doi={10.1007/3-540-44898-5_12},
	year={2003}
}

@inproceedings{reps2003weighted,
	title={Weighted pushdown systems and their application to interprocedural dataflow analysis},
	author={Reps, Thomas and Schwoon, Stefan and Jha, Somesh},
	booktitle={Proceedings of the 10th International Static Analysis Symposium},
	series={SAS '03},
	pages={189--213},
	publisher={Springer},
	doi={10.1007/3-540-44898-5_11},
	year={2003}
}

@inproceedings{rinetzky2005interprocedural,
	title={Interprocedural shape analysis for cutpoint-free programs},
	author={Rinetzky, Noam and Sagiv, Mooly and Yahav, Eran},
	booktitle={Proceedings of the 12th International Static Analysis Symposium},
	series={SAS '05},
	pages={284--302},
	publisher={Springer},
	doi={10.1007/11547662_20},
	year={2005}
}

@inproceedings{orlovich2006memory,
	title={Memory leak analysis by contradiction},
	author={Orlovich, Maksim and Rugina, Radu},
	booktitle={Proceedings of the 13th International Static Analysis Symposium},
	series={SAS '06},
	pages={405--424},
	publisher={Springer},
	doi={10.1007/11823230_26},
	year={2006}
}

@inproceedings{pratikakis2006existential,
	title={Existential label flow inference via CFL reachability},
	author={Pratikakis, Polyvios and Foster, Jeffrey S. and Hicks, Michael},
	booktitle={Proceedings of the 13th International Static Analysis Symposium},
	series={SAS '06},
	pages={88--106},
	publisher={Springer},
	doi={10.1007/11823230_7},
	year={2006}
}

@inproceedings{dillig2010small,
	title={Small formulas for large programs: On-line constraint simplification in scalable static analysis},
	author={Dillig, Isil and Dillig, Thomas and Aiken, Alex},
	booktitle={Proceedings of the 17th International Static Analysis Symposium},
	series={SAS '10},
	pages={236--252},
	publisher={Springer},
	doi={10.1007/978-3-642-15769-1_15},
	year={2010}
}

@inproceedings{magnus2014sparse,
	title={Sparse dataflow analysis with pointers and reachability},
	author={Madsen, Magnus and M{\o}ller, Anders},
	booktitle={Proceedings of the 21st International Static Analysis Symposium},
	series={SAS '14},
	pages={201--218},
	publisher={Springer},
	doi={10.1007/978-3-319-10936-7_13},
	year={2014}
}

@comment{====SAT====}
@inproceedings{dershowitz2006scalable,
	title={A scalable algorithm for minimal unsatisfiable core extraction},
	author={Dershowitz, Nachum and Hanna, Ziyad and Nadel, Alexander},
	booktitle={Proceedings of the 15th Theory and Applications of Satisfiability Testing},
	series={SAT '06},
	pages={36--41},
	publisher={Springer},
	doi={10.1007/11814948_5},
	year={2006}
}

@comment{====Information and Software Technology====}
@article{reps1998program,
	title={Program analysis via graph reachability},
	author={Reps, Thomas},
	journal={Information and Software Technology},
	volume={40},
	number={11-12},
	pages={701--726},
	publisher={Elsevier},
	doi={10.1016/S0950-5849(98)00093-7},
	year={1998}
}

@comment{====APLAS====}
@inproceedings{whaley2005using,
	title={Using datalog with binary decision diagrams for program analysis},
	author={Whaley, John and Avots, Dzintars and Carbin, Michael and Lam, Monica S.},
	booktitle={Proceedings of the 3rd Asian Symposium on Programming Languages and Systems},
	series={APLAS '05},
	pages={97--118},
	publisher={Springer},
	doi={10.1007/11575467_8},
	year={2005}
}

@inproceedings{monniaux2005parallel,
	title={The parallel implementation of the Astr{\'e}e static analyzer},
	author={Monniaux, David},
	booktitle={Proceedings of the 3rd Asian Symposium on Programming Languages and Systems},
	series={APLAS '05},
	pages={86--96},
	publisher={Springer},
	doi={10.1007/11575467_7},
	year={2005}
}

@inproceedings{sui2011spas,
	title={SPAS: Scalable path-sensitive pointer analysis on full-sparse SSA},
	author={Sui, Yulei and Ye, Sen and Xue, Jingling and Yew, Pen-Chung},
	booktitle={Proceedings of the 9th Asian Symposium on Programming Languages and Systems},
	series={APLAS '11},
	pages={155--171},
	publisher={Springer},
	doi={10.1007/978-3-642-25318-8_14},
	year={2011}
}

@inproceedings{zhu2013automated,
	title={Automated inference of library specifications for source-sink property verification},
	author={Zhu, Haiyan and Dillig, Thomas and Dillig, Isil},
	booktitle={Proceedings of the 11th Asian Symposium on Programming Languages and Systems},
	series={APLAS '13},
	pages={290--306},
	publisher={Springer},
	doi={10.1007/978-3-319-03542-0_21},
	year={2013}
}

@comment{====S\&P====}
@inproceedings{goguen1982security,
	title={Security policies and security models},
	author={Goguen, Joseph A. and Meseguer, Jos{\'e} },
	booktitle={Proceedings of the 3rd IEEE Symposium on Security and Privacy},
	series={S\&P '82},
	pages={11--11},
	publisher={IEEE},
	doi={10.1109/SP.1982.10014},
	year={1982}
}

@inproceedings{yamaguchi2014modeling,
	title={Modeling and discovering vulnerabilities with code property graphs},
	author={Yamaguchi, Fabian and Golde, Nico and Arp, Daniel and Rieck, Konrad},
	booktitle={Proceedings of the 35th IEEE Symposium on Security and Privacy},
	series={S\&P '14},
	pages={590--604},
	publisher={IEEE},
	doi={10.1109/SP.2014.44},
	year={2014}
}

@inproceedings{yamaguchi2015automatic,
	title={Automatic inference of search patterns for taint-style vulnerabilities},
	author={Yamaguchi, Fabian and Maier, Alwin and Gascon, Hugo and Rieck, Konrad},
	booktitle={Proceedings of the 36th IEEE Symposium on Security and Privacyy},
	series={S\&P '15},
	pages={797--812},
	publisher={IEEE},
	doi={10.1109/SP.2015.54},
	year={2015}
}

@inproceedings{huang2020pangolin,
	title={Pangolin: Incremental hybrid fuzzing with polyhedral path abstraction},
	author={Huang, Heqing and Yao, Peisen and Wu, Rongxin and Shi, Qingkai and Zhang, Charles},
	booktitle={Proceedings of the 41st IEEE Symposium on Security and Privacy},
	series={S\&P '20},
	pages={1144--1158},
	publisher={IEEE},
	doi={10.1109/SP40000.2020.00063},
	year={2020}
}

@comment{====PPDP====}
@inproceedings{saha2005incremental,
	title={Incremental and demand-driven points-to analysis using logic programming},
	author={Saha, Diptikalyan and Ramakrishnan, CR},
	booktitle={Proceedings of the 7th ACM SIGPLAN International Conference on Principles and Practice of Declarative Programming},
	series={PPDP '05},
	pages={117--128},
	publisher={ACM},
	doi={10.1145/1069774.1069785},
	year={2005}
}

@comment{====GRADES-NDA====}
@inproceedings{azimov2018context,
	title={Context-free path querying by matrix multiplication},
	author={Azimov, Rustam and Grigorev, Semyon},
	booktitle={Proceedings of the 1st ACM SIGMOD Joint International Workshop on Graph Data Management Experiences \& Systems and Network Data Analytics},
	series={GRADES-NDA '18},
	pages={5:1--5:10},
	publisher={ACM},
	doi={10.1145/3210259.3210264},
	year={2018}
}

@comment{====SEFM====}
@inproceedings{feist2016guided,
	title={Guided dynamic symbolic execution using subgraph control-flow information},
	author={Feist, Josselin and Mounier, Laurent and Potet, Marie-Laure},
	booktitle={Proceedings of the 14th International Conference on Software Engineering and Formal Methods},
	series={SEFM '16},
	pages={76--81},
	publisher={Springer},
	doi={10.1007/978-3-319-41591-8_6},
	year={2016}
}

@comment{====PACT====}
@inproceedings{nagaraj2013parallel,
	title={Parallel flow-sensitive pointer analysis by graph-rewriting},
	author={Nagaraj, Vaivaswatha and Govindarajan, R.},
	booktitle={Proceedings of the 22nd International Conference on Parallel Architectures and Compilation Techniques},
	series={PACT '13},
	pages={19--28},
	publisher={IEEE},
	doi={10.1109/PACT.2013.6618800},
	year={2013}
}

@comment{====FMCAD====}
@inproceedings{cimatti2009structure,
	title={Structure-aware computation of predicate abstraction},
	author={Cimatti, Alessandro and Dubrovin, Jori and Junttila, Tommi and Roveri, Marco},
	booktitle={Proceedings of the 2009 Formal Methods in Computer-Aided Design},
	series={FMCAD '09},
	pages={9--16},
	publisher={IEEE},
	doi={10.1109/FMCAD.2009.5351149},
	year={2009}
}

@comment{====Dover Publications====}
@book{boole1854investigation,
	title={An Investigation of the Laws of Thought: On Which are Founded the Mathematical Theories of Logic and Probabilities},
	author={Boole, George},
	publisher={Dover Publications},
	year={1854}
}

@comment{====In submission====}
@article{huang2020beacon,
	title={Beacon: Directed gray-box fuzzing with provable path pruning},
	author={Huang, Heqing and Guo, Yiyuan and Yao, Peisen and Shi, Qingkai and Rongxin Wu and Zhang, Charles},
	journal={In submission},
	year={2020}
}

@comment{====Pearson Addison Wesley====}
@book{foster1995designing,
	title={Designing and Building Parallel Programs: Concepts and Tools for Parallel Software Engineering},
	author={Foster, Ian},
	publisher={Pearson Addison Wesley},
	year={1995}
}

@book{hopcroft2006automata,
	title={Introduction to Automata Theory, Languages, and Computation},
	author={Hopcroft, John E.},
	publisher={Pearson Addison Wesley},
	year={2007}
}

@book{aho2007compilers,
	title={Compilers: Principles, Techniques, and Tools},
	author={Aho, Alfred V. and Sethi, Ravi and Ullman, Jeffrey D.},
	publisher={Pearson Addison Wesley},
	year={2007}
}

@comment{====Journal of the ACM====}
@article{davis1960computing,
	title={A computing procedure for quantification theory},
	author={Davis, Martin and Putnam, Hilary},
	journal={Journal of the ACM},
	volume={7},
	number={3},
	pages={201--215},
	publisher={ACM},
	doi={10.1145/321033.321034},
	year={1960}
}

@article{graham1975fast,
	title={A fast and usually linear algorithm for global flow analysis},
	author={Graham, Susan L. and Wegman, Mark},
	journal={Journal of the ACM},
	volume={23},
	number={1},
	pages={172--202},
	publisher={ACM},
	doi={10.1145/512976.512979},
	year={1976}
}

@article{calcagno2011compositional,
	title={Compositional shape analysis by means of bi-abduction},
	author={Calcagno, Cristiano and Distefano, Dino and O'Hearn, Peter W. and Yang, Hongseok},
	journal={Journal of the ACM},
	volume={58},
	number={6},
	pages={26:1--26:66},
	publisher={ACM},
	doi={10.1145/2049697.2049700},
	year={2011}
}

@comment{====TACAS====}
@inproceedings{biere1999symbolic,
	title={Symbolic model checking without BDDs},
	author={Biere, Armin and Cimatti, Alessandro and Clarke, Edmund and Zhu, Yunshan},
	booktitle={Proceedings of the 5th International Conference on Tools and Algorithms for the Construction and Analysis of Systems},
	series={TACAS '99},
	pages={193--207},
	publisher={Springer},
	doi={10.1007/3-540-49059-0_14},
	year={1999}
}

@inproceedings{clarke2004tool,
	title={A tool for checking ANSI-C programs},
	author={Clarke, Edmund and Kroening, Daniel and Lerda, Flavio},
	booktitle={Proceedings of the 10th International Conference on Tools and Algorithms for the Construction and Analysis of Systems},
	series={TACAS '04},
	pages={168--176},
	publisher={Springer},
	doi={10.1007/978-3-540-24730-2_15},
	year={2004}
}

@inproceedings{de2008z3,
	title={Z3: An efficient SMT solver},
	author={De Moura, Leonardo and Bj{\o}rner, Nikolaj},
	booktitle={Proceedings of the 14th International Conference on Tools and Algorithms for the Construction and Analysis of Systems},
	series={TACAS '08},
	pages={337--340},
	publisher={Springer},
	doi={10.1007/978-3-540-78800-3_24},
	year={2008}
}

@inproceedings{anand2008demand,
	title={Demand-driven compositional symbolic execution},
	author={Anand, Saswat and Godefroid, Patrice and Tillmann, Nikolai},
	booktitle={Proceedings of the 14th International Conference on Tools and Algorithms for the Construction and Analysis of Systems},
	series={TACAS '08},
	pages={367--381},
	publisher={Springer},
	doi={10.1007/978-3-540-78800-3_28},
	year={2008}
}

@inproceedings{alt2017hifrog,
	title={HiFrog: SMT-based function summarization for software verification},
	author={Alt, Leonardo and Asadi, Sepideh and Chockler, Hana and Mendoza, Karine Even and Fedyukovich, Grigory and Hyv{\"a}rinen, Antti EJ and Sharygina, Natasha},
	booktitle={Proceedings of the 23th International Conference on Tools and Algorithms for the Construction and Analysis of Systems},
	series={TACAS '17},
	pages={207--213},
	publisher={Springer},
	doi={10.1007/978-3-662-54580-5_12},
	year={2017}
}

@comment{====techreport====}
@techreport{sharir1978two,
	title={Two approaches to interprocedural data flow analysis},
	author={Sharir, M. and Pnueli, A.},
	institution={New York University},
	year={1978}
}

@techreport{leino2008verification,
	title={Verification condition splitting},
	author={Leino, K. Rustan M. and Schulte, Wolfram},
	institution={Microsoft Research},
	year={2008}
}

@comment{====CRC====}
@book{sandra1994phb,
	title={Practical Handbook of Curve Fitting},
	author={Sandra, LA},
	publisher={CRC},
	year={1994}
}

@comment{====CONCUR====}
@inproceedings{bouajjani1997reachability,
	title={Reachability analysis of pushdown automata: Application to model-checking},
	author={Bouajjani, Ahmed and Esparza, Javier and Maler, Oded},
	booktitle={Proceedings of the 8th International Conference on Concurrency Theory},
	series={CONCUR '97},
	pages={135--150},
	publisher={Springer},
	doi={10.1007/3-540-63141-0_10},
	year={1997}
}

@comment{====USENIX Security====}
@inproceedings{octeau2013effective,
	title={Effective inter-component communication mapping in android: An essential step towards holistic security analysis},
	author={Octeau, Damien and McDaniel, Patrick and Jha, Somesh and Bartel, Alexandre and Bodden, Eric and Klein, Jacques and Le Traon, Yves},
	booktitle={Proceedings of the 22nd USENIX Security Symposium},
	series={USENIX Security '13},
	pages={543--558},
	publisher={USENIX},
	doi={unknown},
	year={2013}
}

@comment{====MIT====}
@book{benhamou1993constraint,
	title={Constraint Logic Programming: Selected Research},
	author={Benhamou, Fr\'{e}d\'{e}ric and Colmerauer, Alain},
	publisher={MIT},
	year={1993}
}

@book{marriott1998programming,
	title={Programming with Constraints: An Introduction},
	author={Marriott, Kim and Stuckey, Peter},
	publisher={MIT},
	year={1998}
}

@comment{====ACM SIGOPS Operating Systems Review====}
@article{ciortea2010cloud9,
	title={Cloud9: A software testing service},
	author={Ciortea, Liviu and Zamfir, Cristian and Bucur, Stefan and Chipounov, Vitaly and Candea, George},
	journal={ACM SIGOPS Operating Systems Review},
	volume={43},
	number={4},
	pages={5--10},
	publisher={ACM},
	doi={10.1145/1713254.1713257},
	year={2010}
}

@comment{====Theoretical Computer Science====}
@article{simon1988improved,
	title={An improved algorithm for transitive closure on acyclic digraphs},
	author={Simon, Klaus},
	journal={Theoretical Computer Science},
	volume={58},
	number={1-3},
	pages={325--346},
	publisher={Elsevier},
	doi={10.1007/3-540-16761-7_87},
	year={1988}
}

@article{sagiv1996precise,
	title={Precise interprocedural dataflow analysis with applications to constant propagation},
	author={Sagiv, Mooly and Reps, Thomas and Horwitz, Susan},
	journal={Theoretical Computer Science},
	volume={167},
	number={1},
	pages={131--170},
	publisher={Elsevier},
	doi={10.1016/0304-3975(96)00072-2},
	year={1996}
}

@article{finkel1997direct,
	title={A direct symbolic approach to model checking pushdown systems},
	author={Finkel, Alain and Willems, Bernard and Wolper, Pierre},
	journal={Theoretical Computer Science},
	volume={9},
	number={1},
	pages={27--37},
	publisher={Elsevier},
	doi={10.1016/S1571-0661(05)80426-8},
	year={1997}
}

@article{melski2000interconvertibility,
	title={Interconvertibility of a class of set constraints and context-free-language reachability},
	author={Melski, David and Reps, Thomas},
	journal={Theoretical Computer Science},
	volume={248},
	number={1-2},
	pages={29--98},
	publisher={Elsevier},
	doi={10.1016/S0304-3975(00)00049-9},
	year={2000}
}

@article{ramalingam2002sparse,
	title={On sparse evaluation representations},
	author={Ramalingam, Ganesan},
	journal={Theoretical Computer Science},
	volume={277},
	number={1-2},
	pages={119--147},
	publisher={Elsevier},
	doi={10.1016/S0304-3975(00)00315-7},
	year={2002}
}

@article{emanuelsson2008comparative,
	title={A comparative study of industrial static analysis tools},
	author={Emanuelsson, P{\"a}r and Nilsson, Ulf},
	journal={Theoretical Computer Science},
	volume={217},
	number={1},
	pages={5--21},
	publisher={Elsevier},
	doi={10.1016/j.entcs.2008.06.039},
	year={2008}
}

@comment{====IJCAI====}
@inproceedings{beanie2003understanding,
	title={Understanding the power of clause learning},
	author={Beanie, Paul and Kautz, Henry and Sabharwal, Ashish},
	booktitle={Proceedings of the 18th International Joint Conference on Artificial Intelligence},
	series={IJCAI '03},
	pages={1194--1201},
	publisher={Morgan Kaufmann Publishers},
	doi={unknown},
	year={2003}
}

@comment{====ACM Transactions on Software Engineering and Methodology (TOSEM)====}
@article{snelting2006efficient,
	title={Efficient path conditions in dependence graphs for software safety analysis},
	author={Snelting, Gregor and Robschink, Torsten and Krinke, Jens},
	journal={ACM Transactions on Software Engineering and Methodology (TOSEM)},
	volume={15},
	number={4},
	pages={410--457},
	publisher={ACM},
	doi={10.1145/1178625.1178628},
	year={2006}
}

@article{fink2008effective,
	title={Effective typestate verification in the presence of aliasing},
	author={Fink, Stephen J. and Yahav, Eran and Dor, Nurit and Ramalingam, G. and Geay, Emmanuel},
	journal={ACM Transactions on Software Engineering and Methodology (TOSEM)},
	volume={17},
	number={2},
	pages={9:1--9:34},
	publisher={ACM},
	doi={10.1145/1146238.1146254},
	year={2008}
}

@comment{====SSDBM====}
@inproceedings{bouros2009evaluating,
	title={Evaluating reachability queries over path collections},
	author={Bouros, Panagiotis and Skiadopoulos, Spiros and Dalamagas, Theodore and Sacharidis, Dimitris and Sellis, Timos},
	booktitle={Proceedings of the 21st International Conference on Scientific and Statistical Database Management},
	series={SSDBM '09},
	pages={398--416},
	publisher={Springer},
	doi={10.1007/978-3-642-02279-1_29},
	year={2009}
}

@comment{====EMSOFT====}
@inproceedings{godefroid2008active,
	title={Active property checking},
	author={Godefroid, Patrice and Levin, Michael Y. and Molnar, David A.},
	booktitle={Proceedings of the 8th ACM International Conference on Embedded Software},
	series={EMSOFT '08},
	pages={207--216},
	publisher={ACM},
	doi={10.1145/1450058.1450087},
	year={2008}
}

@comment{====Electronic Notes in Discrete Mathematics====}
@article{le2001exploiting,
	title={Exploiting the real power of unit propagation lookahead},
	author={Le Berre, Daniel},
	journal={Electronic Notes in Discrete Mathematics},
	volume={9},
	number={1},
	pages={59--80},
	publisher={Elsevier},
	doi={10.1016/S1571-0653(04)00314-2},
	year={2001}
}

@comment{====OOPSLA====}
@inproceedings{whaley1999compositional,
	title={Compositional pointer and escape analysis for Java programs},
	author={Whaley, John and Rinard, Martin},
	booktitle={Proceedings of the 14th ACM SIGPLAN Conference on Object-Oriented Programming, Systems, Languages, and Applications},
	series={OOPSLA '99},
	pages={187--206},
	publisher={ACM},
	doi={10.1145/320384.320400},
	year={1999}
}

@inproceedings{sridharan2005demand,
	title={Demand-driven points-to analysis for Java},
	author={Sridharan, Manu and Gopan, Denis and Shan, Lexin and Bod{\'\i}k, Rastislav},
	booktitle={Proceedings of the 20th ACM SIGPLAN Conference on Object-Oriented Programming, Systems, Languages, and Applications},
	series={OOPSLA '05},
	pages={59--76},
	publisher={ACM},
	doi={10.1145/1094811.1094817},
	year={2005}
}

@inproceedings{martin2005finding,
	title={Finding application errors and security flaws using PQL: A program query language},
	author={Martin, Michael and Livshits, Benjamin and Lam, Monica S.},
	booktitle={Proceedings of the 20th ACM SIGPLAN Conference on Object-Oriented Programming, Systems, Languages, and Applications},
	series={OOPSLA '05},
	pages={365--383},
	publisher={ACM},
	doi={10.1145/1094811.1094840},
	year={2005}
}

@inproceedings{naeem2008typestate,
	title={Typestate-like analysis of multiple interacting objects},
	author={Naeem, Nomair A. and Lhotak, Ondrej},
	booktitle={Proceedings of the 23rd ACM SIGPLAN Conference on Object-Oriented Programming, Systems, Languages, and Applications},
	series={OOPSLA '08},
	pages={347--366},
	publisher={ACM},
	doi={10.1145/1449764.1449792},
	year={2008}
}

@inproceedings{bravenboer2009strictly,
	title={Strictly declarative specification of sophisticated points-to analyses},
	author={Bravenboer, Martin and Smaragdakis, Yannis},
	booktitle={Proceedings of the 24th ACM SIGPLAN Conference on Object-Oriented Programming, Systems, Languages, and Applications},
	series={OOPSLA '09},
	pages={243--262},
	publisher={ACM},
	doi={10.1145/1640089.1640108},
	year={2009}
}

@inproceedings{mendez2010parallel,
	title={Parallel inclusion-based points-to analysis},
	author={M{\'e}ndez-Lojo, Mario and Mathew, Augustine and Pingali, Keshav},
	booktitle={Proceedings of the 25th ACM SIGPLAN Conference on Object-Oriented Programming, Systems, Languages, and Applications},
	series={OOPSLA '10},
	pages={428--443},
	publisher={ACM},
	doi={10.1145/1869459.1869495},
	year={2010}
}

@inproceedings{zhang2014efficient,
	title={Efficient subcubic alias analysis for C},
	author={Zhang, Qirun and Xiao, Xiao and Zhang, Charles and Yuan, Hao and Su, Zhendong},
	booktitle={Proceedings of the 2014 ACM SIGPLAN Conference on Object-Oriented Programming, Systems, Languages, and Applications},
	series={OOPSLA '14},
	pages={829--845},
	publisher={ACM},
	doi={10.1145/2660193.2660213},
	year={2014}
}

@inproceedings{dietrich2015giga,
	title={Giga-scale exhaustive points-to analysis for java in under a minute},
	author={Dietrich, Jens and Hollingum, Nicholas and Scholz, Bernhard},
	booktitle={Proceedings of the 2015 ACM SIGPLAN Conference on Object-Oriented Programming, Systems, Languages, and Applications},
	series={OOPSLA '15},
	pages={535--551},
	publisher={ACM},
	doi={10.1145/2814270.2814307},
	year={2015}
}

@inproceedings{kulkarni2016accelerating,
	title={Accelerating program analyses by cross-program training},
	author={Kulkarni, Sulekha and Mangal, Ravi and Zhang, Xin and Naik, Mayur},
	booktitle={Proceedings of the 2016 ACM SIGPLAN Conference on Object-Oriented Programming, Systems, Languages, and Applications},
	series={OOPSLA '16},
	pages={359--377},
	publisher={ACM},
	doi={10.1145/2983990.2984023},
	year={2016}
}

@comment{====IEEE Transactions on Reliability====}
@article{shi2016measuring,
	title={Measuring the diversity of a test set with distance entropy},
	author={Shi, Qingkai and Chen, Zhenyu and Fang, Chunrong and Feng, Yang and Xu, Baowen},
	journal={IEEE Transactions on Reliability},
	volume={65},
	number={1},
	pages={19--27},
	publisher={IEEE},
	doi={10.1109/TR.2015.2434953},
	year={2016}
}

@comment{====EuroSys====}
@inproceedings{zuo2019grapple,
	title={Grapple: A graph system for static finite-state property checking of large-scale systems code},
	author={Zuo, Zhiqiang and Thorpe, John and Wang, Yifei and Pan, Qiuhong and Lu, Shenming and Wang, Kai and Xu, Guoqing Harry and Wang, Linzhang and Li, Xuandong},
	booktitle={Proceedings of the 14th European Conference on Computer Systems},
	series={EuroSys '19},
	pages={38:1--38:17},
	publisher={ACM},
	doi={10.1145/3302424.3303972},
	year={2019}
}

@comment{====Proceedings of the VLDB Endowment====}
@article{yildirim2010grail,
	title={Grail: Scalable reachability index for large graphs},
	author={Yildirim, Hilmi and Chaoji, Vineet and Zaki, Mohammed J.},
	journal={Proceedings of the VLDB Endowment},
	volume={3},
	number={1-2},
	pages={276--284},
	publisher={VLDB Endowment},
	doi={10.14778/1920841.1920879},
	year={2010}
}

@article{rice2010graph,
	title={Graph indexing of road networks for shortest path queries with label restrictions},
	author={Rice, Michael and Tsotras, Vassilis},
	journal={Proceedings of the VLDB Endowment},
	volume={4},
	number={2},
	pages={69--80},
	publisher={VLDB Endowment},
	doi={10.14778/1921071.1921074},
	year={2010}
}

@article{jin2013simple,
	title={Simple, fast, and scalable reachability oracle},
	author={Jin, Ruoming and Wang, Guan},
	journal={Proceedings of the VLDB Endowment},
	volume={6},
	number={14},
	pages={1978--1989},
	publisher={VLDB Endowment},
	doi={10.14778/2556549.2556578},
	year={2013}
}

@article{wei2014reachability,
	title={Reachability querying: An independent permutation labeling approach},
	author={Wei, Hao and Yu, Jeffrey Xu and Lu, Can and Jin, Ruoming},
	journal={Proceedings of the VLDB Endowment},
	volume={7},
	number={12},
	pages={1191--1202},
	publisher={VLDB Endowment},
	doi={10.14778/2732977.2732992},
	year={2014}
}

@article{wang2016effective,
	title={Effective indexing for approximate constrained shortest path queries on large road networks},
	author={Wang, Sibo and Xiao, Xiaokui and Yang, Yin and Lin, Wenqing},
	journal={Proceedings of the VLDB Endowment},
	volume={10},
	number={2},
	pages={61--72},
	publisher={VLDB Endowment},
	doi={10.14778/3015274.3015277},
	year={2016}
}

@article{peng2020answering,
	title={Answering billion-scale label-constrained reachability queries within microsecond},
	author={Peng, You and Zhang, Ying and Lin, Xuemin and Qin, Lu and Zhang, Wenjie},
	journal={Proceedings of the VLDB Endowment},
	volume={13},
	number={6},
	pages={812--825},
	publisher={VLDB Endowment},
	doi={10.14778/3380750.3380753},
	year={2020}
}

@comment{====ACM SIGSOFT Software Engineering Notes====}
@article{horwitz1995demand,
	title={Demand interprocedural dataflow analysis},
	author={Horwitz, Susan and Reps, Thomas and Sagiv, Mooly},
	journal={ACM SIGSOFT Software Engineering Notes},
	volume={20},
	number={4},
	pages={104--115},
	publisher={ACM},
	doi={10.1145/222124.222146},
	year={1995}
}

@comment{====KDD====}
@inproceedings{liu2006gplag,
	title={GPLAG: Detection of software plagiarism by program dependence graph analysis},
	author={Liu, Chao and Chen, Chen and Han, Jiawei and Yu, Philip S.},
	booktitle={Proceedings of the 12th ACM SIGKDD International Conference on Knowledge Discovery and Data Mining},
	series={KDD '06},
	pages={872--881},
	publisher={ACM},
	doi={10.1145/1150402.1150522},
	year={2006}
}

@comment{====Journal of Algorithms====}
@article{bender2005lowest,
	title={Lowest common ancestors in trees and directed acyclic graphs},
	author={Bender, Michael A. and Farach-Colton, Mart{\'\i}n and Pemmasani, Giridhar and Skiena, Steven and Sumazin, Pavel},
	journal={Journal of Algorithms},
	volume={57},
	number={2},
	pages={75--94},
	publisher={Elsevier},
	doi={10.1016/j.jalgor.2005.08.001},
	year={2005}
}

@comment{====Operations Research====}
@article{lenstra1978complexity,
	title={Complexity of scheduling under precedence constraints},
	author={Lenstra, Jan Karel and Rinnooy Kan, AHG},
	journal={Operations Research},
	volume={26},
	number={1},
	pages={22--35},
	publisher={INFORMS},
	doi={10.1287/opre.26.1.22},
	year={1978}
}

@comment{====Science of Computer Programming====}
@article{guyer2005error,
	title={Error checking with client-driven pointer analysis},
	author={Guyer, Samuel Z. and Lin, Calvin},
	journal={Science of Computer Programming},
	volume={58},
	number={1-2},
	pages={83--114},
	publisher={Elsevier},
	doi={10.1016/j.scico.2005.02.005},
	year={2005}
}

@comment{====ACM Transactions on Computational Logic (TOCL)====}
@article{cimatti2010efficient,
	title={Efficient generation of Craig interpolants in satisfiability modulo theories},
	author={Cimatti, Alessandro and Griggio, Alberto and Sebastiani, Roberto},
	journal={ACM Transactions on Computational Logic (TOCL)},
	volume={12},
	number={1},
	pages={7:1--7:54},
	publisher={ACM},
	doi={10.1145/1838552.1838559},
	year={2010}
}

@comment{====WCRE====}
@inproceedings{krinke2001identifying,
	title={Identifying similar code with program dependence graphs},
	author={Krinke, Jens},
	booktitle={Proceedings of the 8th Working Conference on Reverse Engineering},
	series={WCRE '01},
	pages={301--309},
	publisher={IEEE},
	doi={10.1109/WCRE.2001.957835},
	year={2001}
}

@comment{====FSE====}
@inproceedings{reps1994speeding,
	title={Speeding up slicing},
	author={Reps, Thomas and Horwitz, Susan and Sagiv, Mooly and Rosay, Genevieve},
	booktitle={Proceedings of the 2nd ACM SIGSOFT International Symposium on the Foundations of Software Engineering},
	series={FSE '94},
	pages={11--20},
	publisher={ACM},
	doi={10.1145/193173.195287},
	year={1994}
}

@inproceedings{hackett2006how,
	title={How is aliasing used in systems software?},
	author={Hackett, Brian and Aiken, Alex},
	booktitle={Proceedings of the 14th ACM SIGSOFT International Symposium on the Foundations of Software Engineering},
	series={FSE '06},
	pages={69--80},
	publisher={ACM},
	doi={10.1145/1181775.1181785},
	year={2006}
}

@inproceedings{le2008marple,
	title={Marple: A demand-driven path-sensitive buffer overflow detector},
	author={Le, Wei and Soffa, Mary Lou},
	booktitle={Proceedings of the 16th ACM SIGSOFT International Symposium on the Foundations of Software Engineering},
	series={FSE '08},
	pages={272--282},
	publisher={ACM},
	doi={10.1145/1453101.1453137},
	year={2008}
}

@inproceedings{huang2010leap,
	title={LEAP: Lightweight deterministic multi-processor replay of concurrent Java programs},
	author={Huang, Jeff and Liu, Peng and Zhang, Charles},
	booktitle={Proceedings of the 18th ACM SIGSOFT International Symposium on Foundations of Software Engineering},
	series={FSE '10},
	pages={207--216},
	publisher={ACM},
	doi={10.1145/1882291.1882323},
	year={2010}
}

@inproceedings{visser2012green,
	title={Green: Reducing, reusing and recycling constraints in program analysis},
	author={Visser, Willem and Geldenhuys, Jaco and Dwyer, Matthew B.},
	booktitle={Proceedings of the 20th ACM SIGSOFT International Symposium on the Foundations of Software Engineering},
	series={FSE '12},
	pages={58:1--58:11},
	publisher={ACM},
	doi={10.1145/2393596.2393665},
	year={2012}
}

@inproceedings{lerch2014flowtwist,
  title={FlowTwist: Efficient context-sensitive inside-out taint analysis for large codebases},
  author={Lerch, Johannes and Hermann, Ben and Bodden, Eric and Mezini, Mira},
  booktitle={Proceedings of the 22nd ACM SIGSOFT International Symposium on the Foundations of Software Engineering},
  series={FSE '14},
  pages={98--108},
  year={2014},
  publisher={ACM},
  doi={10.1145/2635868.2635878}
}

@inproceedings{xie2016proteus,
	title={Proteus: Computing disjunctive loop summary via path dependency analysis},
	author={Xie, Xiaofei and Chen, Bihuan and Liu, Yang and Le, Wei and Li, Xiaohong},
	booktitle={Proceedings of the 24th ACM SIGSOFT International Symposium on the Foundations of Software Engineering},
	series={FSE '16},
	pages={61--72},
	publisher={ACM},
	doi={10.1145/2950290.2950340},
	year={2016}
}

@inproceedings{apel2016fly,
	title={On-the-fly decomposition of specifications in software model checking},
	author={Apel, Sven and Beyer, Dirk and Mordan, Vitaly and Mutilin, Vadim and Stahlbauer, Andreas},
	booktitle={Proceedings of the 24th ACM SIGSOFT International Symposium on the Foundations of Software Engineering},
	series={FSE '16},
	pages={349--361},
	publisher={ACM},
	doi={10.1145/2950290.2950349},
	year={2016}
}

@inproceedings{zhan2016echo,
  title={ECHO: instantaneous in situ race detection in the IDE},
  author={Zhan, Sheng and Huang, Jeff},
  booktitle={Proceedings of the 2016 24th ACM SIGSOFT International Symposium on Foundations of Software Engineering},
  pages={775--786},
  year={2016}
}


@comment{====SOSP====}
@inproceedings{guo2011practical,
	title={Practical software model checking via dynamic interface reduction},
	author={Guo, Huayang and Wu, Ming and Zhou, Lidong and Hu, Gang and Yang, Junfeng and Zhang, Lintao},
	booktitle={Proceedings of the 23rd ACM Symposium on Operating Systems Principles},
	series={SOSP '11},
	pages={265--278},
	publisher={ACM},
	doi={10.1145/2043556.2043582},
	year={2011}
}

@inproceedings{nelson2017hyperkernel,
	title={Hyperkernel: Push-button verification of an OS kernel},
	author={Nelson, Luke and Sigurbjarnarson, Helgi and Zhang, Kaiyuan and Johnson, Dylan and Bornholt, James and Torlak, Emina and Wang, Xi},
	booktitle={Proceedings of the 26th Symposium on Operating Systems Principles},
	series={SOSP '17},
	pages={252--269},
	publisher={ACM},
	doi={10.1145/3132747.3132748},
	year={2017}
}

@inproceedings{nelson2019scaling,
	title={Scaling symbolic evaluation for automated verification of systems code with Serval},
	author={Nelson, Luke and Bornholt, James and Gu, Ronghui and Baumann, Andrew and Torlak, Emina and Wang, Xi},
	booktitle={Proceedings of the 27th ACM Symposium on Operating Systems Principles},
	series={SOSP '19},
	pages={225--242},
	publisher={ACM},
	doi={10.1145/3341301.3359641},
	year={2019}
}

@comment{====The International Journal on Very Large Data Bases====}
@article{yang2017scaling,
	title={Scaling up the performance of more powerful Datalog systems on multicore machines},
	author={Yang, Mohan and Shkapsky, Alexander and Zaniolo, Carlo},
	journal={The International Journal on Very Large Data Bases},
	volume={26},
	number={2},
	pages={229--248},
	publisher={Springer},
	doi={10.1007/s00778-016-0448-z},
	year={2017}
}

@comment{====Stanford University====}
@book{aikenSaturnManual,
	title={The Saturn Program Analysis System},
	author={Aiken, Alex and Bugrara, Suhabe and Dillig, Isil and Dillig, Thomas and Hackett, Brian and Hawkins, Peter},
	publisher={Stanford University},
	year={2006}
}

@comment{====SIAM Journal on Computing====}
@article{aho1972transitive,
	title={The transitive reduction of a directed graph},
	author={Aho, Alfred and Garey, Michael and Ullman, Jeffrey},
	journal={SIAM Journal on Computing},
	volume={1},
	number={2},
	pages={131--137},
	publisher={SIAM},
	doi={10.1137/0201008},
	year={1972}
}

@article{valdes1982recognition,
	title={The recognition of series parallel digraphs},
	author={Valdes, Jacobo and Tarjan, Robert and Lawler, Eugene},
	journal={SIAM Journal on Computing},
	volume={11},
	number={2},
	pages={298--313},
	publisher={SIAM},
	doi={10.1137/0211023},
	year={1982}
}

@article{cohen2003reachability,
	title={Reachability and distance queries via 2-hop labels},
	author={Cohen, Edith and Halperin, Eran and Kaplan, Haim and Zwick, Uri},
	journal={SIAM Journal on Computing},
	volume={32},
	number={5},
	pages={1338--1355},
	publisher={SIAM},
	doi={10.1137/S0097539702403098},
	year={2003}
}

@article{roditty2008improved,
	title={Improved dynamic reachability algorithms for directed graphs},
	author={Roditty, Liam and Zwick, Uri},
	journal={SIAM Journal on Computing},
	volume={37},
	number={5},
	pages={1455--1471},
	publisher={SIAM},
	doi={10.1137/060650271},
	year={2008}
}

@comment{====STOC====}
@inproceedings{nivat1970some,
	title={On some families of languages related to the Dyck language},
	author={Nivat, Maurice},
	booktitle={Proceedings of the 2nd ACM Symposium on Theory of Computing},
	series={STOC '70},
	pages={221--225},
	publisher={ACM},
	doi={10.1145/800161.805168},
	year={1970}
}

@inproceedings{alur2004visibly,
	title={Visibly pushdown languages},
	author={Alur, Rajeev and Madhusudan, Parthasarathy},
	booktitle={Proceedings of the 36th ACM Symposium on Theory of Computing},
	series={STOC '04},
	pages={202--211},
	publisher={ACM},
	doi={10.1145/1007352.1007390},
	year={2004}
}

@inproceedings{williams2012multiplying,
	title={Multiplying matrices faster than Coppersmith-Winograd},
	author={Williams, Virginia Vassilevska},
	booktitle={Proceedings of the 44th ACM Symposium on Theory of Computing},
	series={STOC '12},
	pages={887--898},
	publisher={ACM},
	doi={10.1145/2213977.2214056},
	year={2012}
}

@comment{====phdthesis====}
@phdthesis{ananian2001static,
	title={The static single information form},
	author={Ananian, C. Scott},
	school={Massachusetts Institute of Technology},
	year={2001}
}

@phdthesis{schwoon2002model,
	title={Model-checking pushdown systems},
	author={Schwoon, Stefan},
	school={Technische Universit{\"a}t M{\"u}nchen, Universit{\"a}tsbibliothek},
	year={2002}
}

@phdthesis{sualcianu2006pointer,
	title={Pointer analysis for Java programs: Novel techniques and applications},
	author={S{\u{a}}lcianu, Alexandru Doru},
	school={Massachusetts Institute of Technology},
	year={2006}
}

@phdthesis{rodiger2011merging,
	title={Merging static analysis and model checking for improved security vulnerability detection},
	author={R{\"o}diger, Wolf-Steffen},
	school={Augsburg University},
	year={2011}
}

@comment{====CGO====}
@inproceedings{lattner2004llvm,
	title={LLVM: A compilation framework for lifelong program analysis \& transformation},
	author={Lattner, Chris and Adve, Vikram},
	booktitle={Proceedings of the 2nd International Symposium on Code Generation and Optimization},
	series={CGO '04},
	pages={75:1--75:12},
	publisher={IEEE},
	doi={10.1109/CGO.2004.1281665},
	year={2004}
}

@inproceedings{thakur2008comprehensive,
	title={Comprehensive path-sensitive data-flow analysis},
	author={Thakur, Aditya and Govindarajan, R.},
	booktitle={Proceedings of the 6th International Symposium on Code Generation and Optimization},
	series={CGO '08},
	pages={55--63},
	publisher={ACM},
	doi={10.1145/1356058.1356066},
	year={2008}
}

@inproceedings{yu2010level,
	title={Level by level: Making flow-and context-sensitive pointer analysis scalable for millions of lines of code},
	author={Yu, Hongtao and Xue, Jingling and Huo, Wei and Feng, Xiaobing and Zhang, Zhaoqing},
	booktitle={Proceedings of the 8th International Symposium on Code Generation and Optimization},
	series={CGO '10},
	pages={218--229},
	publisher={ACM},
	doi={10.1145/1772954.1772985},
	year={2010}
}

@inproceedings{hardekopf2011flow,
	title={Flow-sensitive pointer analysis for millions of lines of code},
	author={Hardekopf, Ben and Lin, Calvin},
	booktitle={Proceedings of the 9th International Symposium on Code Generation and Optimization},
	series={CGO '11},
	pages={289--298},
	publisher={IEEE},
	doi={10.1109/CGO.2011.5764696},
	year={2011}
}

@inproceedings{shang2012demand,
	title={On-demand dynamic summary-based points-to analysis},
	author={Shang, Lei and Xie, Xinwei and Xue, Jingling},
	booktitle={Proceedings of the 10th International Symposium on Code Generation and Optimization},
	series={CGO '12},
	pages={264--274},
	publisher={ACM},
	doi={10.1145/2259016.2259050},
	year={2012}
}

@inproceedings{dewey2015parallel,
	title={A parallel abstract interpreter for JavaScript},
	author={Dewey, Kyle and Kashyap, Vineeth and Hardekopf, Ben},
	booktitle={Proceedings of the 13th International Symposium on Code Generation and Optimization},
	series={CGO '15},
	pages={34--45},
	publisher={IEEE},
	doi={10.1109/CGO.2015.7054185},
	year={2015}
}

@inproceedings{sui2016sparse,
	title={Sparse flow-sensitive pointer analysis for multithreaded programs},
	author={Sui, Yulei and Di, Peng and Xue, Jingling},
	booktitle={Proceedings of the 14th International Symposium on Code Generation and Optimization},
	series={CGO '16},
	pages={160--170},
	publisher={IEEE},
	doi={10.1145/2854038.2854043},
	year={2016}
}

@comment{====arXiv preprint arXiv:1912.06878====}
@article{shi2019conqueringlong,
	title={Conquering the Extensional Scalability Problem for Value-Flow Analysis Frameworks},
	author={Qingkai Shi and Rongxin Wu and Gang Fan and Charles Zhang},
	journal={arXiv preprint arXiv:1912.06878},
	year={2019}
}

@comment{====CIKM====}
@inproceedings{xu2011answering,
	title={Answering label-constraint reachability in large graphs},
	author={Xu, Kun and Zou, Lei and Yu, Jeffery Xu and Chen, Lei and Xiao, Yanghua and Zhao, Dongyan},
	booktitle={Proceedings of the 20th ACM International Conference on Information and Knowledge Management},
	series={CIKM '11},
	pages={1595--1600},
	publisher={ACM},
	doi={10.1145/2063576.2063807},
	year={2011}
}

@comment{====VMCAI====}
@inproceedings{lopes2011distributed,
	title={Distributed and predictable software model checking},
	author={Lopes, Nuno P. and Rybalchenko, Andrey},
	booktitle={Proceedings of the 17th International Workshop on Verification, Model Checking, and Abstract Interpretation},
	series={VMCAI '11},
	pages={340--355},
	publisher={Springer},
	doi={10.1007/978-3-642-18275-4_24},
	year={2011}
}

@comment{====ACM Transactions on Programming Languages and Systems (TOPLAS)====}
@article{ferrante1987program,
	title={The program dependence graph and its use in optimization},
	author={Ferrante, Jeanne and Ottenstein, Karl J. and Warren, Joe D.},
	journal={ACM Transactions on Programming Languages and Systems (TOPLAS)},
	volume={9},
	number={3},
	pages={319--349},
	publisher={ACM},
	doi={10.1145/24039.24041},
	year={1987}
}

@article{horwitz1990interprocedural,
	title={Interprocedural slicing using dependence graphs},
	author={Horwitz, Susan and Reps, Thomas and Binkley, David},
	journal={ACM Transactions on Programming Languages and Systems (TOPLAS)},
	volume={12},
	number={1},
	pages={26--60},
	publisher={ACM},
	doi={10.1145/77606.77608},
	year={1990}
}

@article{cytron1991efficiently,
	title={Efficiently computing static single assignment form and the control dependence graph},
	author={Cytron, Ron and Ferrante, Jeanne and Rosen, Barry K. and Wegman, Mark N. and Zadeck, F. Kenneth},
	journal={ACM Transactions on Programming Languages and Systems (TOPLAS)},
	volume={13},
	number={4},
	pages={451--490},
	publisher={ACM},
	doi={10.1145/115372.115320},
	year={1991}
}

@article{wegman1991constant,
	title={Constant propagation with conditional branches},
	author={Wegman, Mark N. and Zadeck, F. Kenneth},
	journal={ACM Transactions on Programming Languages and Systems (TOPLAS)},
	volume={13},
	number={2},
	pages={181--210},
	publisher={ACM},
	doi={10.1145/103135.103136},
	year={1991}
}

@article{pingali1997optimal,
	title={Optimal control dependence computation and the Roman Chariots problem},
	author={Pingali, Keshav and Bilardi, Gianfranco},
	journal={ACM Transactions on Programming Languages and Systems (TOPLAS)},
	volume={19},
	number={3},
	pages={462--491},
	publisher={ACM},
	doi={10.1145/256167.256217},
	year={1997}
}

@article{reps2000undecidability,
	title={Undecidability of context-sensitive data-dependence analysis},
	author={Reps, Thomas},
	journal={ACM Transactions on Programming Languages and Systems (TOPLAS)},
	volume={22},
	number={1},
	pages={162--186},
	publisher={ACM},
	doi={10.1145/345099.345137},
	year={2000}
}

@article{cooper2001operator,
	title={Operator strength reduction},
	author={Cooper, Keith D. and Simpson, L. Taylor and Vick, Christopher A.},
	journal={ACM Transactions on Programming Languages and Systems (TOPLAS)},
	volume={23},
	number={5},
	pages={603--625},
	publisher={ACM},
	doi={10.1145/504709.504710},
	year={2001}
}

@article{ball2005polymorphic,
	title={Polymorphic predicate abstraction},
	author={Ball, Thomas and Millstein, Todd and Rajamani, Sriram K.},
	journal={ACM Transactions on Programming Languages and Systems (TOPLAS)},
	volume={27},
	number={2},
	pages={314--343},
	publisher={ACM},
	doi={10.1145/1057387.1057391},
	year={2005}
}

@article{alur2005analysis,
	title={Analysis of recursive state machines},
	author={Alur, Rajeev and Benedikt, Michael and Etessami, Kousha and Godefroid, Patrice and Reps, Thomas and Yannakakis, Mihalis},
	journal={ACM Transactions on Programming Languages and Systems (TOPLAS)},
	volume={27},
	number={4},
	pages={786--818},
	publisher={ACM},
	doi={10.1145/1075382.1075387},
	year={2005}
}

@article{liu2019rethinking,
	title={Rethinking incremental and parallel pointer analysis},
	author={Liu, Bozhen and Huang, Jeff and Rauchwerger, Lawrence},
	journal={ACM Transactions on Programming Languages and Systems (TOPLAS)},
	volume={41},
	number={1},
	pages={6:1--6:31},
	publisher={ACM},
	doi={10.1145/3293606},
	year={2019}
}

@comment{====ARES====}
@inproceedings{dewey2015uncovering,
	title={Uncovering use-after-free conditions in compiled code},
	author={Dewey, David and Reaves, Bradley and Traynor, Patrick},
	booktitle={Proceedings of the 10th International Conference on Availability, Reliability and Security},
	series={ARES '15},
	pages={90--99},
	publisher={IEEE},
	doi={10.1109/ARES.2015.61},
	year={2015}
}

@comment{====ASE====}
@inproceedings{cho2013blitz,
	title={BLITZ: Compositional bounded model checking for real-world programs},
	author={Cho, Chia Yuan and D'Silva, Vijay and Song, Dawn},
	booktitle={Proceedings of the 28th International Conference on Automated Software Engineering},
	series={ASE '13},
	pages={136--146},
	publisher={IEEE},
	doi={10.1109/ASE.2013.6693074},
	year={2013}
}

@inproceedings{chen2018control,
	title={Control flow-guided SMT solving for program verification},
	author={Chen, Jianhui and He, Fei},
	booktitle={Proceedings of the 33rd International Conference on Automated Software Engineering},
	series={ASE '18},
	pages={351--361},
	publisher={ACM},
	doi={10.1145/3238147.3238218},
	year={2018}
}

@comment{====Programming and Computer Software====}
@article{mordan2016checking,
	title={Checking several requirements at once by CEGAR},
	author={Mordan, Vitaly O. and Mutilin, Vadim S.},
	journal={Programming and Computer Software},
	volume={42},
	number={4},
	pages={225--238},
	publisher={Springer},
	doi={10.1134/S0361768816040058},
	year={2016}
}

@comment{====Information and Control====}
@article{younger1967recognition,
	title={Recognition and parsing of context-free languages in time n3},
	author={Younger, Daniel H.},
	journal={Information and Control},
	volume={10},
	number={2},
	pages={189--208},
	publisher={Elsevier},
	doi={10.1016/S0019-9958(67)80007-X},
	year={1967}
}

@comment{====DIFTS====}
@inproceedings{camurati2014split,
	title={To split or to group: From divide-and-conquer to sub-task sharing in verifying multiple properties},
	author={Camurati, P. and Loiacono, C. and Pasini, P. and Patti, D. and Quer, S.},
	booktitle={Proceedings of the 3rd International Workshop on Design and Implementation of Formal Tools and Systems},
	series={DIFTS '14},
	pages={313--325},
	publisher={Springer},
	doi={10.1007/s10009-017-0451-8},
	year={2014}
}

@comment{====SIGPLAN Notice====}
@article{dhamdhere1992how,
	title={How to analyze large programs efficiently and informatively},
	author={Dhamdhere, Dhananjay M. and Rosen, Barry K. and Zadeck, F. Kenneth},
	journal={SIGPLAN Notice},
	volume={27},
	number={7},
	pages={212--223},
	publisher={ACM},
	doi={10.1145/143095.143135},
	year={1992}
}

@article{flanagan2013pldi,
	title={PLDI 2002: Extended static checking for Java},
	author={Flanagan, Cormac and Leino, K. Rustan M. and Lillibridge, Mark and Nelson, Greg and Saxe, James B. and Stata, Raymie},
	journal={SIGPLAN Notice},
	volume={48},
	number={4S},
	pages={22--33},
	publisher={ACM},
	doi={10.1145/2502508.2502520},
	year={2013}
}

@comment{====Formal Methods in System Design====}
@article{clarke2004predicate,
	title={Predicate abstraction of ANSI-C programs using SAT},
	author={Clarke, Edmund and Kroening, Daniel and Sharygina, Natasha and Yorav, Karen},
	journal={Formal Methods in System Design},
	volume={25},
	number={2},
	pages={105--127},
	publisher={Kluwer Academic Publishers},
	doi={10.1023/B:FORM.0000040025.89719.f3},
	year={2004}
}

@comment{====Software Practice and Experience====}
@article{briggs1998practical,
	title={Practical improvements to the construction and destruction of static single assignment form},
	author={Briggs, Preston and Cooper, Keith D. and Harvey, Timothy J. and Simpson, L. Taylor and others},
	journal={Software Practice and Experience},
	volume={28},
	number={8},
	pages={859--882},
	publisher={Wiley},
	doi={10.1002/(SICI)1097-024X(19980710)28:8<859::AID-SPE188>3.0.CO;2-8},
	year={1998}
}

@article{bush2000static,
	title={A static analyzer for finding dynamic programming errors},
	author={Bush, William R. and Pincus, Jonathan D. and Sielaff, David J.},
	journal={Software Practice and Experience},
	volume={30},
	number={7},
	pages={775--802},
	publisher={Wiley},
	doi={10.1002/(SICI)1097-024X(200006)30:7<775::AID-SPE309>3.0.CO;2-H},
	year={2000}
}

@comment{====CC====}
@inproceedings{binkley1994interprocedural,
	title={Interprocedural constant propagation using dependence graphs and a data-flow model},
	author={Binkley, David},
	booktitle={Proceedings of the 3rd International Conference on Compiler Construction},
	series={CC '94},
	pages={374--388},
	publisher={Springer},
	doi={10.1007/3-540-57877-3_25},
	year={1994}
}

@inproceedings{chow1996effective,
	title={Effective representation of aliases and indirect memory operations in SSA form},
	author={Chow, Fred and Chan, Sun and Liu, Shin-Ming and Lo, Raymond and Streich, Mark},
	booktitle={Proceedings of the 5th International Conference on Compiler Construction},
	series={CC '96},
	pages={253--267},
	publisher={Springer},
	doi={10.1007/3-540-61053-7_66},
	year={1996}
}

@inproceedings{cousot2002modular,
	title={Modular static program analysis},
	author={Cousot, Patrick and Cousot, Radhia},
	booktitle={Proceedings of the 11th International Conference on Compiler Construction},
	series={CC '02},
	pages={159--179},
	publisher={Springer},
	doi={10.1007/3-540-45937-5_13},
	year={2002}
}

@inproceedings{rountev2008ide,
	title={IDE dataflow analysis in the presence of large object-oriented libraries},
	author={Rountev, Atanas and Sharp, Mariana and Xu, Guoqing},
	booktitle={Proceedings of the 17th International Conference on Compiler Construction},
	series={CC '08},
	pages={53--68},
	publisher={Springer},
	doi={10.1007/978-3-540-78791-4_4},
	year={2008}
}

@inproceedings{naeem2011faster,
	title={Faster alias set analysis using summaries},
	author={Naeem, Nomair A. and Lhot{\'a}k, Ondrej},
	booktitle={Proceedings of the 20th International Conference on Compiler Construction},
	series={CC '11},
	pages={82--103},
	publisher={Springer},
	doi={10.1007/978-3-642-19861-8_6},
	year={2011}
}

@inproceedings{rodriguez2011actor,
	title={Actor-based parallel dataflow analysis},
	author={Rodriguez, Jonathan and Lhot{\'a}k, Ond{\v{r}}ej},
	booktitle={Proceedings of the 20th International Conference on Compiler Construction},
	series={CC '11},
	pages={179--197},
	publisher={Springer},
	doi={10.1007/978-3-642-19861-8_11},
	year={2011}
}

@inproceedings{putta2012parallel,
	title={Parallel replication-based points-to analysis},
	author={Putta, Sandeep and Nasre, Rupesh},
	booktitle={Proceedings of the 21st International Conference on Compiler Construction},
	series={CC '12},
	pages={61--80},
	publisher={Springer},
	doi={10.1007/978-3-642-28652-0_4},
	year={2012}
}

@inproceedings{sui2016svf,
	title={SVF: Interprocedural static value-flow analysis in LLVM},
	author={Sui, Yulei and Xue, Jingling},
	booktitle={Proceedings of the 25th International Conference on Compiler Construction},
	series={CC '16},
	pages={265--266},
	publisher={ACM},
	doi={10.1145/2892208.2892235},
	year={2016}
}

@inproceedings{scholz2016fast,
	title={On fast large-scale program analysis in datalog},
	author={Scholz, Bernhard and Jordan, Herbert and Suboti{\'c}, Pavle and Westmann, Till},
	booktitle={Proceedings of the 25th International Conference on Compiler Construction},
	series={CC '16},
	pages={196--206},
	publisher={ACM},
	doi={10.1145/2892208.2892226},
	year={2016}
}

@comment{====IEEE Transactions on Computers====}
@article{akers1978binary,
	title={Binary decision diagrams},
	author={Akers, Sheldon B.},
	journal={IEEE Transactions on Computers},
	volume={27},
	number={6},
	pages={509--516},
	publisher={IEEE},
	doi={10.1109/TC.1978.1675141},
	year={1978}
}

@article{bryant1986graph,
	title={Graph-based algorithms for boolean function manipulation},
	author={Bryant, Randal E.},
	journal={IEEE Transactions on Computers},
	volume={100},
	number={8},
	pages={677--691},
	publisher={IEEE},
	doi={10.1109/TC.1986.1676819},
	year={1986}
}

@comment{====LICS====}
@inproceedings{heintze1997cubic,
	title={On the cubic bottleneck in subtyping and flow analysis},
	author={Heintze, Nevin and McAllester, David},
	booktitle={Proceedings of the 12th IEEE Symposium on Logic in Computer Science},
	series={LICS '97},
	pages={342--351},
	publisher={IEEE},
	doi={10.1109/LICS.1997.614960},
	year={1997}
}

@inproceedings{o2018continuous,
	title={Continuous reasoning: Scaling the impact of formal methods},
	author={O'Hearn, Peter},
	booktitle={Proceedings of the 33rd Annual ACM/IEEE Symposium on Logic in Computer Science},
	series={LICS '18},
	pages={13--25},
	publisher={ACM},
	doi={10.1145/3209108.3209109},
	year={2018}
}

@comment{====Information Systems====}
@article{zou2014efficient,
	title={Efficient processing of label-constraint reachability queries in large graphs},
	author={Zou, Lei and Xu, Kun and Yu, Jeffrey Xu and Chen, Lei and Xiao, Yanghua and Zhao, Dongyan},
	journal={Information Systems},
	volume={40},
	number={MAR},
	pages={47--66},
	publisher={Elsevier},
	doi={10.1016/j.is.2013.10.003},
	year={2014}
}

@comment{====PODS====}
@inproceedings{yannakakis1990graph,
	title={Graph-theoretic methods in database theory},
	author={Yannakakis, Mihalis},
	booktitle={Proceedings of the 9th ACM SIGACT-SIGMOD-SIGART Symposium on Principles of Database Systems},
	series={PODS '90},
	pages={230--242},
	publisher={ACM},
	doi={10.1145/298514.298576},
	year={1990}
}

@inproceedings{seib1991parallelizing,
	title={Parallelizing Datalog programs by generalized pivoting},
	author={Seib, J{\"u}rgen and Lausen, Georg},
	booktitle={Proceedings of the 10th ACM SIGACT-SIGMOD-SIGART Symposium on Principles of Database Systems},
	series={PODS '91},
	pages={241--251},
	publisher={ACM},
	doi={10.1145/113413.113435},
	year={1991}
}

@inproceedings{alur2007marrying,
	title={Marrying words and trees},
	author={Alur, Rajeev},
	booktitle={Proceedings of the 26th ACM SIGMOD-SIGACT-SIGART Symposium on Principles of Database Systems},
	series={PODS '07},
	pages={233--242},
	publisher={ACM},
	doi={10.1145/1265530.1265564},
	year={2007}
}

@comment{====ESEC/FSE====}
@inproceedings{livshits2003tracking,
	title={Tracking pointers with path and context sensitivity for bug detection in C programs},
	author={Livshits, Benjamin and Lam, Monica S.},
	booktitle={Proceedings of the 9th European Software Engineering Conference Held Jointly with the 11th ACM SIGSOFT International Symposium on the Foundations of Software Engineering},
	series={ESEC/FSE '03},
	pages={317--326},
	publisher={ACM},
	doi={10.1145/940071.940114},
	year={2003}
}

@inproceedings{xie2005context,
	title={Context- and path-sensitive memory leak detection},
	author={Xie, Yichen and Aiken, Alex},
	booktitle={Proceedings of the 10th European Software Engineering Conference Held Jointly with the 13th ACM SIGSOFT International Symposium on the Foundations of Software Engineering},
	series={ESEC/FSE '05},
	pages={115--125},
	publisher={ACM},
	doi={10.1145/1081706.1081728},
	year={2005}
}

@inproceedings{belt2009sireum,
	title={Sireum/Topi LDP: A lightweight semi-decision procedure for optimizing symbolic execution-based analyses},
	author={Belt, Jason and Deng, Xianghua and others},
	booktitle={Proceedings of the 12th European Software Engineering Conference Held Jointly with the 17th ACM SIGSOFT International Symposium on the Foundations of Software Engineering},
	series={ESEC/FSE '09},
	pages={355--364},
	publisher={ACM},
	doi={10.1145/1595696.1595762},
	year={2009}
}

@inproceedings{li2011boosting,
	title={Boosting the performance of flow-sensitive points-to analysis using value flow},
	author={Li, Lian and Cifuentes, Cristina and Keynes, Nathan},
	booktitle={Proceedings of the 13th European Software Engineering Conference Held Jointly with the 19th ACM SIGSOFT International Symposium on the Foundations of Software Engineering},
	series={ESEC/FSE '11},
	pages={343--353},
	publisher={ACM},
	doi={10.1145/2025113.2025160},
	year={2011}
}

@inproceedings{mcpeak2013scalable,
	title={Scalable and incremental software bug detection},
	author={McPeak, Scott and Gros, Charles-Henri and Ramanathan, Murali Krishna},
	booktitle={Proceedings of the 14th European Software Engineering Conference Held Jointly with the 21st ACM SIGSOFT International Symposium on the Foundations of Software Engineering},
	series={ESEC/FSE '13},
	pages={554--564},
	publisher={ACM},
	doi={10.1145/2491411.2501854},
	year={2013}
}

@inproceedings{garbervetsky2017toward,
	title={Toward full elasticity in distributed static analysis: The case of callgraph analysis},
	author={Garbervetsky, Diego and Zoppi, Edgardo and Livshits, Benjamin},
	booktitle={Proceedings of the 16th European Software Engineering Conference Held Jointly with the 25th ACM SIGSOFT International Symposium on the Foundations of Software Engineering},
	series={ESEC/FSE '17},
	pages={442--453},
	publisher={ACM},
	doi={10.1145/3106237.3106261},
	year={2017}
}

@inproceedings{roy2018bug,
	author = {Roy, Subhajit and Pandey, Awanish and Dolan-Gavitt, Brendan and Hu, Yu},
	title = {Bug synthesis: Challenging bug-finding tools with deep faults},
	year = {2018},
	publisher = {ACM},
	doi = {10.1145/3236024.3236084},
	booktitle = {Proceedings of the 26th ACM Joint Meeting on European Software Engineering Conference and Symposium on the Foundations of Software Engineering},
	pages = {224--234},
	series = {ESEC/FSE 2018}
}

@inproceedings{kim2019target,
	title={Target-driven compositional concolic testing with function summary refinement for effective bug detection},
	author={Kim, Yunho and Hong, Shin and Kim, Moonzoo},
	booktitle={Proceedings of the 27th ACM Joint Meeting on European Software Engineering Conference and Symposium on the Foundations of Software Engineering},
	series={ESEC/FSE '19},
	pages={16--26},
	publisher={ACM},
	doi={10.1145/3338906.3338934},
	year={2019}
}

@comment{====VLDB Endowment====}
@inproceedings{chen2005stack,
	title={Stack-based algorithms for pattern matching on dags},
	author={Chen, Li and Gupta, Amarnath and Kurul, M. Erdem},
	booktitle={Proceedings of the 31st International Conference on Very Large Data Bases},
	pages={493--504},
	publisher={VLDB Endowment},
	doi={10.14778/2180912.2180919},
	year={2005}
}

@comment{====ASPLOS====}
@inproceedings{wang2017graspan,
	title={Graspan: A single-machine disk-based graph system for interprocedural static analyses of large-scale systems code},
	author={Wang, Kai and Hussain, Aftab and Zuo, Zhiqiang and Xu, Guoqing and Amiri Sani, Ardalan},
	booktitle={Proceedings of the 22nd International Conference on Architectural Support for Programming Languages and Operating Systems},
	series={ASPLOS '17},
	pages={389--404},
	publisher={ACM},
	doi={10.1145/3037697.3037744},
	year={2017}
}

@comment{====CAV====}
@inproceedings{yang2008scalable,
	title={Scalable shape analysis for systems code},
	author={Yang, Hongseok and Lee, Oukseh and Berdine, Josh and Calcagno, Cristiano and Cook, Byron and Distefano, Dino and O'Hearn, Peter},
	booktitle={Proceedings of the 20th International Conference on Computer Aided Verification},
	series={CAV '08},
	pages={385--398},
	publisher={Springer},
	doi={10.1007/978-3-540-70545-1_36},
	year={2008}
}

@inproceedings{susmit2009beaver,
	title={Beaver: Engineering an efficient SMT solver for bit-vector arithmetic},
	author={Jha, Susmit and Limaye, Rhishikesh and Seshia, Sanjit A.},
	booktitle={Proceedings of the 21st International Conference on Computer Aided Verification},
	series={CAV '09},
	pages={668--674},
	publisher={Springer},
	doi={10.1007/978-3-642-02658-4_53},
	year={2009}
}

@inproceedings{barrett2011cvc4,
	title={CVC4},
	author={Clark Barrett and Christopher L. Conway and Morgan Deters and Liana Hadarean and Dejan Jovanovi{'{c}} and Tim King and Andrew Reynolds and Cesare Tinelli},
	booktitle={Proceedings of the 23rd International Conference on Computer Aided Verification},
	series={CAV '11},
	pages={171--177},
	publisher={Springer},
	doi={10.1007/978-3-642-22110-1_14},
	year={2011}
}

@inproceedings{hoder2011muz,
	title={$\mu$Z--an efficient engine for fixed points with constraints},
	author={Hoder, Kry{\v{s}}tof and Bj{\o}rner, Nikolaj and De Moura, Leonardo},
	booktitle={Proceedings of the 23rd International Conference on Computer Aided Verification},
	series={CAV '11},
	pages={457--462},
	publisher={Springer},
	doi={10.1007/978-3-642-22110-1_36},
	year={2011}
}

@inproceedings{jordan2016souffle,
	title={Souffl{\'e}: On synthesis of program analyzers},
	author={Jordan, Herbert and Scholz, Bernhard and Suboti{\'c}, Pavle},
	booktitle={Proceedings of the 28th International Conference on Computer Aided Verification},
	series={CAV '16},
	pages={422--430},
	publisher={Springer},
	doi={10.1007/978-3-319-41540-6_23},
	year={2016}
}

@comment{====DATE====}
@inproceedings{cabodi2011optimized,
	title={Optimized model checking of multiple properties},
	author={Cabodi, Gianpiero and Nocco, Sergio},
	booktitle={Proceedings of the 2011 Design, Automation, and Test in Europe Conference},
	series={DATE '11},
	pages={1--4},
	publisher={IEEE},
	doi={10.1109/DATE.2011.5763279},
	year={2011}
}

@inproceedings{goldberg2018efficient,
	title={Efficient verification of multi-property designs (The benefit of wrong assumptions)},
	author={Eugene Goldberg and Matthias G\"udemann and Daniel Kroening and Rajdeep Mukherjee},
	booktitle={Proceedings of the 2018 Design, Automation, and Test in Europe Conference},
	series={DATE '18},
	pages={43--48},
	publisher={IEEE},
	doi={10.23919/DATE.2018.8341977},
	year={2018}
}

@comment{====IEEE====}
@book{arnold1996software,
	title={Software Change Impact Analysis},
	author={Arnold, Robert S.},
	publisher={IEEE},
	year={1996}
}

@comment{====PPoPP====}
@inproceedings{mendez2012gpu,
	title={A GPU implementation of inclusion-based points-to analysis},
	author={Mendez-Lojo, Mario and Burtscher, Martin and Pingali, Keshav},
	booktitle={Proceedings of the 17th ACM SIGPLAN Symposium on Principles and Practice of Parallel Programming},
	series={PPoPP '12},
	pages={107--116},
	publisher={ACM},
	doi={10.1145/2145816.2145831},
	year={2012}
}

@inproceedings{jordan2019specialized,
	title={A specialized B-tree for concurrent datalog evaluation},
	author={Jordan, Herbert and Suboti{\'c}, Pavle and Zhao, David and Scholz, Bernhard},
	booktitle={Proceedings of the 24th ACM SIGPLAN Symposium on Principles and Practice of Parallel Programming},
	series={PPoPP '19},
	pages={327--339},
	publisher={ACM},
	doi={10.1145/3293883.3295719},
	year={2019}
}

@comment{====DAC====}
@inproceedings{clarke2003behavioral,
	title={Behavioral consistency of C and Verilog programs using bounded model checking},
	author={Clarke, Edmund and Kroening, Daniel and Yorav, Karen},
	booktitle={Proceedings of the 40th Design Automation Conference},
	series={DAC '03},
	pages={368--371},
	publisher={ACM},
	doi={10.1145/775832.775928},
	year={2003}
}

@comment{====LCPC====}
@inproceedings{havlak1993construction,
	title={Construction of thinned gated single-assignment form},
	author={Havlak, Paul},
	booktitle={Proceedings of the 6th International Workshop on Languages and Compilers for Parallel Computing},
	series={LCPC '93},
	pages={477--499},
	publisher={Springer},
	doi={10.1007/3-540-57659-2_28},
	year={1993}
}

@comment{====HiPEAC====}
@inproceedings{edvinsson2011parallel,
	title={Parallel points-to analysis for multi-core machines},
	author={Edvinsson, Marcus and Lundberg, Jonas and L{\"o}we, Welf},
	booktitle={Proceedings of the 6th International Conference on High Performance and Embedded Architectures and Compilers},
	series={HiPEAC '11},
	pages={45--54},
	publisher={ACM},
	doi={10.1145/1944862.1944872},
	year={2011}
}

@comment{====Theory of Computing Systems====}
@article{gergely2016complexity,
	title={Complexity of fixed-size bit-vector logics},
	author={Kov\'{a}sznai, Gergely and Fr\"{o}hlich, Andreas and Biere, Armin},
	journal={Theory of Computing Systems},
	volume={59},
	number={2},
	pages={323--376},
	publisher={Springer},
	doi={10.1007/s00224-015-9653-1},
	year={2016}
}

@comment{====Computer====}
@article{henning2000spec,
	title={SPEC CPU2000: Measuring CPU performance in the new millennium},
	author={Henning, John L.},
	journal={Computer},
	volume={33},
	number={7},
	pages={28--35},
	publisher={IEEE},
	doi={10.1109/2.869367},
	year={2000}
}

@article{boland2012juliet,
	title={The Juliet 1.1 C/C++ and Java test suite},
	author={Boland Jr, Frederick E. and Black, Paul E.},
	journal={Computer},
	volume={45},
	number={10},
	pages={88--90},
	publisher={IEEE},
	doi={10.1109/MC.2012.345},
	year={2012}
}

@comment{====Journal of Computer Virology and Hacking Techniques====}
@article{feist2014statically,
	title={Statically detecting use after free on binary code},
	author={Feist, Josselin and Mounier, Laurent and Potet, Marie-Laure},
	journal={Journal of Computer Virology and Hacking Techniques},
	volume={10},
	number={3},
	pages={211--217},
	publisher={Springer},
	doi={10.1007/s11416-014-0203-1},
	year={2014}
}

@comment{====PASTE====}
@inproceedings{hind2001pointer,
	title={Pointer analysis: Haven't we solved this problem yet?},
	author={Hind, Michael},
	booktitle={Proceedings of the 2nd ACM SIGPLAN-SIGSOFT Workshop on Program Analysis for Software Tools and Engineering},
	series={PASTE '01},
	pages={54--61},
	publisher={ACM},
	doi={10.1145/379605.379665},
	year={2001}
}

@inproceedings{hovemeyer2005evaluating,
	title={Evaluating and tuning a static analysis to find null pointer bugs},
	author={Hovemeyer, David and Spacco, Jaime and Pugh, William},
	booktitle={Proceedings of the 6th ACM SIGPLAN-SIGSOFT Workshop on Program Analysis for Software Tools and Engineering},
	series={PASTE '05},
	pages={13--19},
	publisher={ACM},
	doi={10.1145/1108792.1108798},
	year={2005}
}

@inproceedings{hovemeyer2007finding,
	title={Finding more null pointer bugs, but not too many},
	author={Hovemeyer, David and Pugh, William},
	booktitle={Proceedings of the 7th ACM SIGPLAN-SIGSOFT Workshop on Program Analysis for Software Tools and Engineering},
	series={PASTE '07},
	pages={9--14},
	publisher={ACM},
	doi={10.1145/1251535.1251537},
	year={2007}
}

@comment{====SSIRI-C====}
@inproceedings{shahriar2010classification,
	title={Classification of static analysis-based buffer overflow detectors},
	author={Shahriar, Hossain and Zulkernine, Mohammad},
	booktitle={Proceedings of the 4th International Conference on Secure Software Integration and Reliability Improvement Companion},
	series={SSIRI-C '10},
	pages={94--101},
	publisher={IEEE},
	doi={10.1109/SSIRI-C.2010.28},
	year={2010}
}

@comment{====Springer====}
@inproceedings{lucas1995fundamentals,
	title={Fundamentals of context-sensitive rewriting},
	author={Lucas, Salvador},
	booktitle={Proceedings of the 21st International Conference on Current Trends in Theory and Practice of Computer Science},
	pages={405--412},
	publisher={Springer},
	doi={10.1007/3-540-60609-2_25},
	year={1995}
}

@inproceedings{fischer1998super,
	title={Super-exponential complexity of Presburger arithmetic},
	author={Fischer, Michael J. and Rabin, Michael O.},
	booktitle={Quantifier Elimination and Cylindrical Algebraic Decomposition},
	pages={122--135},
	publisher={Springer},
	doi={10.1007/978-3-7091-9459-1_5},
	year={1998}
}

@inproceedings{barnat2001distributed,
	title={Distributed LTL model-checking in SPIN},
	author={Barnat, Jiri and Brim, Lubos and St{\v{r}}{\'\i}brn{\'a}, Jitka},
	booktitle={Proceedings of the 8th International SPIN Workshop on Model Checking of Software},
	pages={200--216},
	publisher={Springer},
	doi={10.1007/3-540-45139-0_13},
	year={2001}
}

@inproceedings{grumberg2005achieving,
	title={Achieving speedups in distributed symbolic reachability analysis through asynchronous computation},
	author={Grumberg, Orna and Heyman, Tamir and Ifergan, Nili and Schuster, Assaf},
	booktitle={Proceedings of the 2005 Advanced Research Working Conference on Correct Hardware Design and Verification Methods},
	pages={129--145},
	publisher={Springer},
	doi={10.1007/11560548_12},
	year={2005}
}

@inproceedings{sankaranarayanan2006static,
	title={Static analysis in disjunctive numerical domains},
	author={Sankaranarayanan, Sriram and Ivan{\v{c}}i{\'c}, Franjo and Shlyakhter, Ilya and Gupta, Aarti},
	booktitle={Proceedings of the 13th International Static Analysis Symposium},
	pages={3--17},
	publisher={Springer},
	doi={10.1007/11823230_2},
	year={2006}
}

@book{strichman2008decision,
	title={Decision Procedures: An Algorithmic Point of View},
	author={Strichman, Ofer and Kroening, Daniel},
	publisher={Springer},
	year={2008}
}

@inproceedings{shaw2012optimizing,
	title={Optimizing large-scale semi-na{\"\i}ve Datalog evaluation in Hadoop},
	author={Shaw, Marianne and Koutris, Paraschos and Howe, Bill and Suciu, Dan},
	booktitle={Proceedings of the 2012 International Datalog 2.0 Workshop},
	pages={165--176},
	publisher={Springer},
	doi={10.1007/978-3-642-32925-8_17},
	year={2012}
}

@inproceedings{tripp2013andromeda,
	title={Andromeda: Accurate and scalable security analysis of web applications},
	author={Tripp, Omer and Pistoia, Marco and Cousot, Patrick and Cousot, Radhia and Guarnieri, Salvatore},
	booktitle={Proceedings of the 15th International Conference on Fundamental Approaches to Software Engineering},
	pages={210--225},
	publisher={Springer},
	doi={10.1007/978-3-642-37057-1_15},
	year={2013}
}

@comment{====IEEE Transactions on Software Engineering====}
@article{weiser1984program,
	title={Program slicing},
	author={Weiser, Mark},
	journal={IEEE Transactions on Software Engineering},
	volume={10},
	number={4},
	pages={352--357},
	publisher={IEEE},
	doi={10.1109/TSE.1984.5010248},
	year={1984}
}

@article{strom1986typestate,
	title={Typestate: A programming language concept for enhancing software reliability},
	author={Strom, Robert E. and Yemini, Shaula},
	journal={IEEE Transactions on Software Engineering},
	volume={SE-12},
	number={1},
	pages={157--171},
	publisher={IEEE},
	doi={10.1109/TSE.1986.6312929},
	year={1986}
}

@article{chaki2004modular,
	title={Modular verification of software components in C},
	author={Chaki, Sagar and Clarke, Edmund M. and Groce, Alex and Jha, Somesh and Veith, Helmut},
	journal={IEEE Transactions on Software Engineering},
	volume={30},
	number={6},
	pages={388--402},
	publisher={IEEE},
	doi={10.1109/TSE.2004.22},
	year={2004}
}

@article{holzmann2007design,
	title={The design of a multicore extension of the SPIN model checker},
	author={Holzmann, Gerard J. and Bosnacki, Dragan},
	journal={IEEE Transactions on Software Engineering},
	volume={33},
	number={10},
	pages={659--674},
	publisher={IEEE},
	doi={10.1109/TSE.2007.70724},
	year={2007}
}

@article{shoham2008static,
	title={Static specification mining using automata-based abstractions},
	author={Shoham, Sharon and Yahav, Eran and Fink, Stephen J. and Pistoia, Marco},
	journal={IEEE Transactions on Software Engineering},
	volume={34},
	number={5},
	pages={651--666},
	publisher={IEEE},
	doi={10.1109/TSE.2008.63},
	year={2008}
}

@article{sui2014detecting,
	title={Detecting memory leaks statically with full-sparse value-flow analysis},
	author={Yulei Sui and Ding Ye and Jingling Xue},
	journal={IEEE Transactions on Software Engineering},
	volume={40},
	number={2},
	pages={107--122},
	publisher={IEEE},
	doi={10.1109/TSE.2014.2302311},
	year={2014}
}

@article{shi2016verifying,
	title={Verifying synchronization for atomicity violation fixing},
	author={Shi, Qingkai and Huang, Jeff and Chen, Zhenyu and Xu, Baowen},
	journal={IEEE Transactions on Software Engineering},
	volume={42},
	number={3},
	pages={280--296},
	publisher={IEEE},
	doi={10.1109/TSE.2015.2477820},
	year={2016}
}

@comment{====ACM Transactions on Database Systems (TODS)====}
@article{jin2011path,
	title={Path-tree: An efficient reachability indexing scheme for large directed graphs},
	author={Jin, Ruoming and Ruan, Ning and Xiang, Yang and Wang, Haixun},
	journal={ACM Transactions on Database Systems (TODS)},
	volume={36},
	number={1},
	pages={7:1--7:44},
	publisher={ACM},
	doi={10.1145/1929934.1929941},
	year={2011}
}

@comment{====SIGMOD====}
@inproceedings{wolfson1988distributed,
	title={Distributed processing of logic programs},
	author={Wolfson, Ouri and Silberschatz, Avi},
	booktitle={Proceedings of the 1988 ACM SIGMOD International Conference on Management of Data},
	series={SIGMOD '88},
	pages={329--336},
	publisher={ACM},
	doi={10.1145/50202.50242},
	year={1988}
}

@inproceedings{agrawal1989efficient,
	title={Efficient management of transitive relationships in large data and knowledge bases},
	author={Agrawal, R. and Borgida, A. and Jagadish, H. V.},
	booktitle={Proceedings of the 1989 ACM SIGMOD International Conference on Management of Data},
	series={SIGMOD '89},
	pages={253--262},
	publisher={ACM},
	doi={10.1145/67544.66950},
	year={1989}
}

@inproceedings{ganguly1990framework,
	title={A framework for the parallel processing of Datalog queries},
	author={Ganguly, Sumit and Silberschatz, Avi and Tsur, Shalom},
	booktitle={Proceedings of the 1990 ACM SIGMOD International Conference on Management of Data},
	series={SIGMOD '90},
	pages={143--152},
	publisher={ACM},
	doi={10.1145/93597.98724},
	year={1990}
}

@inproceedings{wolfson1990new,
	title={A new paradigm for parallel and distributed rule-processing},
	author={Wolfson, Ouri and Ozeri, Aya},
	booktitle={Proceedings of the 1990 ACM SIGMOD International Conference on Management of Data},
	series={SIGMOD '90},
	pages={133--142},
	publisher={ACM},
	doi={10.1145/93597.98723},
	year={1990}
}

@inproceedings{trissl2007fast,
	title={Fast and practical indexing and querying of very large graphs},
	author={Tri{\ss}l, Silke and Leser, Ulf},
	booktitle={Proceedings of the 2007 ACM SIGMOD International Conference on Management of Data},
	series={SIGMOD '07},
	pages={845--856},
	publisher={ACM},
	doi={10.1145/1247480.1247573},
	year={2007}
}

@inproceedings{jin20093,
	title={3-hop: A high-compression indexing scheme for reachability query},
	author={Jin, Ruoming and Xiang, Yang and Ruan, Ning and Fuhry, David},
	booktitle={Proceedings of the 2009 ACM SIGMOD International Conference on Management of Data},
	series={SIGMOD '09},
	pages={813--826},
	publisher={ACM},
	doi={10.1145/1559845.1559930},
	year={2009}
}

@inproceedings{jin2010computing,
	title={Computing label-constraint reachability in graph databases},
	author={Jin, Ruoming and Hong, Hui and Wang, Haixun and Ruan, Ning and Xiang, Yang},
	booktitle={Proceedings of the 2010 ACM SIGMOD International Conference on Management of Data},
	series={SIGMOD '10},
	pages={123--134},
	publisher={ACM},
	doi={10.1145/1807167.1807183},
	year={2010}
}

@inproceedings{wei2012tedi,
	title={TEDI: efficient shortest path query answering on graphs},
	author={Wei, Fang},
	booktitle={Proceedings of the 2010 ACM SIGMOD International Conference on Management of Data},
	series={SIGMOD '10},
	pages={99--110},
	publisher={ACM},
	doi={10.1145/1807167.1807181},
	year={2010}
}

@inproceedings{jin2012scarab,
	title={SCARAB: Scaling reachability computation on large graphs},
	author={Jin, Ruoming and Ruan, Ning and Dey, Saikat and Xu, Jeffrey Yu},
	booktitle={Proceedings of the 2012 ACM SIGMOD International Conference on Management of Data},
	series={SIGMOD '12},
	pages={169--180},
	publisher={ACM},
	doi={10.1145/2213836.2213856},
	year={2012}
}

@inproceedings{fan2012query,
	title={Query preserving graph compression},
	author={Fan, Wenfei and Li, Jianzhong and Wang, Xin and Wu, Yinghui},
	booktitle={Proceedings of the 2012 ACM SIGMOD International Conference on Management of Data},
	series={SIGMOD '12},
	pages={157--168},
	publisher={ACM},
	doi={10.1145/2213836.2213855},
	year={2012}
}

@inproceedings{cheng2013tf,
	title={TF-Label: A topological-folding labeling scheme for reachability querying in a large graph},
	author={Cheng, James and Huang, Silu and Wu, Huanhuan and Fu, Ada Wai-Chee},
	booktitle={Proceedings of the 2013 ACM SIGMOD International Conference on Management of Data},
	series={SIGMOD '13},
	pages={193--204},
	publisher={ACM},
	doi={10.1145/2463676.2465286},
	year={2013}
}

@inproceedings{zhu2014reachability,
	title={Reachability queries on large dynamic graphs: A total order approach},
	author={Zhu, Andy Diwen and Lin, Wenqing and Wang, Sibo and Xiao, Xiaokui},
	booktitle={Proceedings of the 2014 ACM SIGMOD International Conference on Management of Data},
	series={SIGMOD '14},
	pages={1323--1334},
	publisher={ACM},
	doi={10.1145/2588555.2612181},
	year={2014}
}

@inproceedings{hassan2016graph,
	title={Graph indexing for shortest-path finding over dynamic sub-graphs},
	author={Hassan, Mohamed and Aref, Walid and Aly, Ahmed},
	booktitle={Proceedings of the 2016 ACM International Conference on Management of Data},
	series={SIGMOD '16},
	pages={1183--1197},
	publisher={ACM},
	doi={10.1145/2882903.2882933},
	year={2016}
}

@inproceedings{valstar2017landmark,
	title={Landmark indexing for evaluation of label-constrained reachability queries},
	author={Valstar, Lucien DJ and Fletcher, George HL and Yoshida, Yuichi},
	booktitle={Proceedings of the 2017 ACM International Conference on Management of Data},
	series={SIGMOD '11},
	pages={345--358},
	publisher={ACM},
	doi={10.1145/3035918.3035955},
	year={2017}
}

@inproceedings{zhou2017dag,
	title={DAG reduction: Fast answering reachability queries},
	author={Zhou, Junfeng and Zhou, Shijie and Yu, Jeffrey Xu and Wei, Hao and Chen, Ziyang and Tang, Xian},
	booktitle={Proceedings of the 2017 ACM International Conference on Management of Data},
	series={SIGMOD '17},
	pages={375--390},
	publisher={ACM},
	doi={10.1145/3035918.3035927},
	year={2017}
}

@inproceedings{francis2018cypher,
	title={Cypher: An evolving query language for property graphs},
	author={Francis, Nadime and Green, Alastair and Guagliardo, Paolo and Libkin, Leonid and Lindaaker, Tobias and Marsault, Victor and Plantikow, Stefan and Rydberg, Mats and Selmer, Petra and Taylor, Andr{\'e}s},
	booktitle={Proceedings of the 2018 ACM SIGMOD International Conference on Management of Data},
	series={SIGMOD '18},
	pages={1433--1445},
	publisher={ACM},
	doi={10.1145/3183713.3190657},
	year={2018}
}

@comment{====PLAS====}
@inproceedings{hicks2006trusted,
	title={Trusted declassification: High-level policy for a security-typed language},
	author={Hicks, Boniface and King, Dave and McDaniel, Patrick and Hicks, Michael},
	booktitle={Proceedings of the 2006 Workshop on Programming Languages and Analysis for Security},
	series={PLAS '06},
	pages={65--74},
	publisher={ACM},
	doi={10.1145/1134744.1134757},
	year={2006}
}

@comment{====VLDB====}
@inproceedings{hulin1989parallel,
	title={Parallel processing of recursive queries in distributed architectures},
	author={Hulin, G.},
	booktitle={Proceedings of the 15th International Conference on Very Large Data Bases},
	series={VLDB '89},
	pages={87--96},
	publisher={Morgan Kaufmann Publishers},
	doi={unknown},
	year={1989}
}

@comment{====ICS====}
@inproceedings{lee1992comprehensive,
	title={A comprehensive approach to parallel data flow analysis},
	author={Lee, Yong-fong and Ryder, Barbara G.},
	booktitle={Proceedings of the 6th International Conference on Supercomputing},
	series={ICS '92},
	pages={236--247},
	publisher={ACM},
	doi={10.1145/143369.143415},
	year={1992}
}

@inproceedings{blume1994range,
	title={The range test: A dependence test for symbolic, non-linear expressions},
	author={Blume, William and Eigenmann, Rudolf},
	booktitle={Proceedings of the 8th International Conference on Supercomputing},
	series={ICS '94},
	pages={528--537},
	publisher={IEEE},
	doi={10.1109/SUPERC.1994.344316},
	year={1994}
}

@inproceedings{tu1995gated,
	title={Gated SSA-based demand-driven symbolic analysis for parallelizing compilers},
	author={Tu, Peng and Padua, David},
	booktitle={Proceedings of the 9th International Conference on Supercomputing},
	series={ICS '95},
	pages={414--423},
	publisher={ACM},
	doi={10.1145/224538.224648},
	year={1995}
}

@comment{====PEPM====}
@inproceedings{reps1995shape,
	title={Shape analysis as a generalized path problem},
	author={Reps, Thomas},
	booktitle={Proceedings of the 1995 ACM SIGPLAN Symposium on Partial Evaluation and Semantics-based Program Manipulation},
	series={PEPM '95},
	pages={1--11},
	publisher={ACM},
	doi={10.1145/215465.215466},
	year={1995}
}

@comment{====ICPP====}
@inproceedings{su2014parallel,
	title={Parallel pointer analysis with CFL-reachability},
	author={Su, Yu and Ye, Ding and Xue, Jingling},
	booktitle={Proceedings of the 43rd International Conference on Parallel Processing},
	series={ICPP '14},
	pages={451--460},
	publisher={IEEE},
	doi={10.1109/ICPP.2014.54},
	year={2014}
}

@inproceedings{zhou2018cgraph,
    author = {Zhou, Li and Chen, Ren and Xia, Yinglong and Teodorescu, Radu},
    title = {C-Graph: A highly efficient concurrent graph reachability query framework},
    year = {2018},
    publisher = {ACM},
    doi = {10.1145/3225058.3225136},
    booktitle = {Proceedings of the 47th International Conference on Parallel Processing},
    series = {ICPP '18},
    pages={79:1--79:10},
}

@comment{====Journal of Symbolic Computation====}
@article{davenport1988real,
	title={Real quantifier elimination is doubly exponential},
	author={Davenport, James H. and Heintz, Joos},
	journal={Journal of Symbolic Computation},
	volume={5},
	number={1-2},
	pages={29--35},
	publisher={Elsevier},
	doi={10.1016/S0747-7171(88)80004-X},
	year={1988}
}

@article{armando2003constraint,
	title={Constraint contextual rewriting},
	author={Armando, Alessandro and Ranise, Silvio},
	journal={Journal of Symbolic Computation},
	volume={36},
	number={1-2},
	pages={193--216},
	publisher={Elsevier},
	doi={10.1016/S0747-7171(03)00025-7},
	year={2003}
}

@comment{====Communications of the ACM====}
@article{martin1962machine,
	title={A machine program for theorem-proving},
	author={Davis, Martin and Logemann, George and Loveland, Donald},
	journal={Communications of the ACM},
	volume={5},
	number={7},
	pages={394--397},
	publisher={ACM},
	doi={10.1145/368273.368557},
	year={1962}
}

@article{denning1976lattice,
	title={A lattice model of secure information flow},
	author={Denning, Dorothy E.},
	journal={Communications of the ACM},
	volume={19},
	number={5},
	pages={236--243},
	publisher={ACM},
	doi={10.1145/360051.360056},
	year={1976}
}

@article{king1976symbolic,
	title={Symbolic execution and program testing},
	author={King, James C.},
	journal={Communications of the ACM},
	volume={19},
	number={7},
	pages={385--394},
	publisher={ACM},
	doi={10.1145/360248.360252},
	year={1976}
}

@article{bessey2010few,
	title={A few billion lines of code later: Using static analysis to find bugs in the real world},
	author={Bessey, Al and Block, Ken and Chelf, Ben and Chou, Andy and Fulton, Bryan and Hallem, Seth and Henri-Gros, Charles and Kamsky, Asya and McPeak, Scott and Engler, Dawson},
	journal={Communications of the ACM},
	volume={53},
	number={2},
	pages={66--75},
	publisher={ACM},
	doi={10.1145/1646353.1646374},
	year={2010}
}

@article{ball2011decade,
	title={A decade of software model checking with SLAM},
	author={Ball, Thomas and Levin, Vladimir and Rajamani, Sriram K.},
	journal={Communications of the ACM},
	volume={54},
	number={7},
	pages={68--76},
	publisher={ACM},
	doi={10.1145/1965724.1965743},
	year={2011}
}

@article{livshits2015defense,
	title={In defense of soundiness: A manifesto},
	author={Livshits, Benjamin and Sridharan, Manu and Smaragdakis, Yannis and Lhot{\'a}k, Ond{\v{r}}ej and Amaral, J. Nelson and Chang, Bor-Yuh Evan and Guyer, Samuel Z. and Khedker, Uday P. and M{\o}ller, Anders and Vardoulakis, Dimitrios},
	journal={Communications of the ACM},
	volume={58},
	number={2},
	pages={44--46},
	publisher={ACM},
	doi={10.1145/2644805},
	year={2015}
}

@article{sadowski2018lessons,
	title={Lessons from building static analysis tools at Google},
	author={Sadowski, Caitlin and Aftandilian, Edward and Eagle, Alex and Miller-Cushon, Liam and Jaspan, Ciera},
	journal={Communications of the ACM},
	volume={61},
	number={4},
	pages={58--66},
	publisher={ACM},
	doi={10.1145/3188720},
	year={2018}
}

@article{dino2019scaling,
	title={Scaling static analyses at Facebook},
	author={Distefano, Dino and Fahndrich, Manuel and Logozzo, Francesco and O'Hearn, Peter},
	journal={Communications of the ACM},
	volume={62},
	number={8},
	pages={62--70},
	publisher={ACM},
	doi={10.1145/3338112},
	year={2019}
}

@comment{====OSDI====}
@inproceedings{engler2000checking,
	title={Checking system rules using system-specific, programmer-written compiler extensions},
	author={Engler, Dawson and Chelf, Benjamin and Chou, Andy and Hallem, Seth},
	booktitle={Proceedings of the 4th Conference on Symposium on Operating System Design and Implementation},
	series={OSDI '00},
	pages={1:1--1:16},
	publisher={USENIX},
	doi={unknown},
	year={2000}
}

@inproceedings{cadar2008klee,
	title={KLEE: Unassisted and automatic generation of high-coverage tests for complex systems programs},
	author={Cadar, Cristian and Dunbar, Daniel and Engler, Dawson R. and others},
	booktitle={Proceedings of the 8th USENIX Symposium on Operating Systems Design and Implementation},
	series={OSDI '08},
	pages={209--224},
	publisher={USENIX},
	doi={unknown},
	year={2008}
}

@inproceedings{chlipala2010static,
	title={Static checking of dynamically-varying security policies in database-backed applications},
	author={Chlipala, Adam},
	booktitle={Proceedings of the 9th USENIX Symposium on Operating Systems Design and Implementation},
	series={OSDI '10},
	pages={105--118},
	publisher={USENIX},
	doi={unknown},
	year={2010}
}

@inproceedings{sigurbjarnarson2018nickel,
	title={Nickel: A framework for design and verification of information flow control systems},
	author={Sigurbjarnarson, Helgi and Nelson, Luke and Castro-Karney, Bruno and Bornholt, James and Torlak, Emina and Wang, Xi},
	booktitle={Proceedings of the 13th USENIX Symposium on Operating Systems Design and Implementation},
	series={OSDI '18},
	pages={287--305},
	publisher={USENIX},
	doi={unknown},
	year={2018}
}

@comment{====SOAP====}
@inproceedings{allen2015combining,
	title={Combining type-analysis with points-to analysis for analyzing Java library source-code},
	author={Allen, Nicholas and Krishnan, Padmanabhan and Scholz, Bernhard},
	booktitle={Proceedings of the 4th ACM SIGPLAN International Workshop on State Of the Art in Program Analysis},
	series={SOAP '15},
	pages={13--18},
	publisher={ACM},
	doi={10.1145/2771284.2771287},
	year={2015}
}

@inproceedings{hassanshahi2017efficient,
	title={An efficient tunable selective points-to analysis for large codebases},
	author={Hassanshahi, Behnaz and Ramesh, Raghavendra Kagalavadi and Krishnan, Padmanabhan and Scholz, Bernhard and Lu, Yi},
	booktitle={Proceedings of the 6th ACM SIGPLAN International Workshop on State Of the Art in Program Analysis},
	series={SOAP '17},
	pages={13--18},
	publisher={ACM},
	doi={10.1145/3088515.3088519},
	year={2017}
}

@comment{====ECOOP====}
@inproceedings{dean1995optimization,
	title={Optimization of object-oriented programs using static class hierarchy analysis},
	author={Dean, Jeffrey and Grove, David and Chambers, Craig},
	booktitle={Proceedings of the 9th European Conference on Object-Oriented Programming},
	series={ECOOP '95},
	pages={77--101},
	publisher={Springer},
	doi={10.1007/3-540-49538-X_5},
	year={1995}
}

@inproceedings{kiczales1997aspect,
	title={Aspect-oriented programming},
	author={Kiczales, Gregor and Lamping, John and Mendhekar, Anurag and Maeda, Chris and Lopes, Cristina and Loingtier, Jean-Marc and Irwin, John},
	booktitle={Proceedings of the 11th European Conference on Object-Oriented Programming},
	series={ECOOP '97},
	pages={220--242},
	publisher={Springer},
	doi={10.1007/BFb0053381},
	year={1997}
}

@inproceedings{xu2009scaling,
	title={Scaling CFL-reachability-based points-to analysis using context-sensitive must-not-alias analysis},
	author={Xu, Guoqing and Rountev, Atanas and Sridharan, Manu},
	booktitle={Proceedings of the 23rd European Conference on Object-Oriented Programming},
	series={ECOOP '09},
	pages={98--122},
	publisher={Springer},
	doi={10.1007/978-3-642-03013-0_6},
	year={2009}
}

@inproceedings{ali2013averroes,
	title={Averroes: Whole-program analysis without the whole program},
	author={Ali, Karim and Lhot{\'a}k, Ond{\v{r}}ej},
	booktitle={Proceedings of the 27th European Conference on Object-Oriented Programming},
	series={ECOOP '13},
	pages={378--400},
	publisher={Springer},
	doi={10.1007/978-3-642-39038-8_16},
	year={2013}
}

@inproceedings{spath2016boomerang,
	title={Boomerang: Demand-driven flow-and context-sensitive pointer analysis for java},
	author={Sp{\"a}th, Johannes and Nguyen Quang Do, Lisa and Ali, Karim and Bodden, Eric},
	booktitle={Proceedings of the 30th European Conference on Object-Oriented Programming},
	series={ECOOP '16},
	pages={1--26},
	publisher={Schloss Dagstuhl -- Leibniz-Zentrum fuer Informatik},
	doi={10.4230/LIPIcs.ECOOP.2016.22},
	year={2016}
}

@inproceedings{avgustinov2016ql,
	title={QL: Object-oriented queries on relational data},
	author={Avgustinov, Pavel and de Moor, Oege and Jones, Michael Peyton and Sch{\"a}fer, Max},
	booktitle={Proceedings of the 30th European Conference on Object-Oriented Programming},
	series={ECOOP '16},
	pages={2:1--2:25},
	publisher={Schloss Dagstuhl -- Leibniz-Zentrum fuer Informatik},
	doi={10.4230/LIPIcs.ECOOP.2016.2},
	year={2016}
}

@inproceedings{cifuentes2009begbunch,
	author = {Cifuentes, Cristina and Hoermann, Christian and Keynes, Nathan and Li, Lian and Long, Simon and Mealy, Erica and Mounteney, Michael and Scholz, Bernhard},
	title = {BegBunch: Benchmarking for C bug detection tools},
	year = {2009},
	publisher = {ACM},
	doi = {10.1145/1555860.1555866},
	booktitle = {Proceedings of the 2nd International Workshop on Defects in Large Software Systems},
	pages = {16--20},
	series = {DEFECTS '09}
}

@article{liu2018d4,
  title={D4: fast concurrency debugging with parallel differential analysis},
  author={Liu, Bozhen and Huang, Jeff},
  journal={ACM SIGPLAN Notices},
  volume={53},
  number={4},
  pages={359--373},
  year={2018},
  publisher={ACM New York, NY, USA}
}



@inproceedings{HeLWMZLHLX19,
  author    = {Dongjie He and
               Haofeng Li and
               Lei Wang and
               Haining Meng and
               Hengjie Zheng and
               Jie Liu and
               Shuangwei Hu and
               Lian Li and
               Jingling Xue},
  title     = {Performance-Boosting Sparsification of the {IFDS} Algorithm with Applications
               to Taint Analysis},
  booktitle = {34th {IEEE/ACM} International Conference on Automated Software Engineering,
               {ASE} 2019, San Diego, CA, USA, November 11-15, 2019},
  pages     = {267--279},
  publisher = {{IEEE}},
  year      = {2019},
  url       = {https://doi.org/10.1109/ASE.2019.00034},
  doi       = {10.1109/ASE.2019.00034},
  timestamp = {Thu, 14 Oct 2021 10:30:54 +0200},
  biburl    = {https://dblp.org/rec/conf/kbse/HeLWMZLHLX19.bib},
  bibsource = {dblp computer science bibliography, https://dblp.org}
}





@inproceedings{BallR01,
  author    = {Thomas Ball and
               Sriram K. Rajamani},
  editor    = {John Field and
               Gregor Snelting},
  title     = {Bebop: a path-sensitive interprocedural dataflow engine},
  booktitle = {Proceedings of the 2001 {ACM} {SIGPLAN-SIGSOFT} Workshop on Program
               Analysis For Software Tools and Engineering, PASTE'01, Snowbird, Utah,
               USA, June 18-19, 2001},
  pages     = {97--103},
  publisher = {{ACM}},
  year      = {2001},
  url       = {https://doi.org/10.1145/379605.379690},
  doi       = {10.1145/379605.379690},
  timestamp = {Tue, 06 Nov 2018 16:58:01 +0100},
  biburl    = {https://dblp.org/rec/conf/paste/BallR01.bib},
  bibsource = {dblp computer science bibliography, https://dblp.org}
}



@inproceedings{Rodriguez2010ACI,
  title={A Concurrent IFDS Dataflow Analysis Algorithm Using Actors},
  author={Jonathan Rodriguez},
  year={2010}
}



@inproceedings{ChatterjeeGIP20,
  author    = {Krishnendu Chatterjee and
               Amir Kafshdar Goharshady and
               Rasmus Ibsen{-}Jensen and
               Andreas Pavlogiannis},
  editor    = {Peter M{\"{u}}ller},
  title     = {Optimal and Perfectly Parallel Algorithms for On-demand Data-Flow
               Analysis},
  booktitle = {Programming Languages and Systems - 29th European Symposium on Programming,
               {ESOP} 2020, Held as Part of the European Joint Conferences on Theory
               and Practice of Software, {ETAPS} 2020, Dublin, Ireland, April 25-30,
               2020, Proceedings},
  series    = {Lecture Notes in Computer Science},
  volume    = {12075},
  pages     = {112--140},
  publisher = {Springer},
  year      = {2020},
  url       = {https://doi.org/10.1007/978-3-030-44914-8\_5},
  doi       = {10.1007/978-3-030-44914-8\_5},
  timestamp = {Fri, 14 May 2021 08:34:21 +0200},
  biburl    = {https://dblp.org/rec/conf/esop/ChatterjeeGIP20.bib},
  bibsource = {dblp computer science bibliography, https://dblp.org}
}


@inproceedings{LiMZCLLG21,
  author    = {Haofeng Li and
               Haining Meng and
               Hengjie Zheng and
               Liqing Cao and
               Jie Lu and
               Lian Li and
               Lin Gao},
  editor    = {Jae W. Lee and
               Mary Lou Soffa and
               Ayal Zaks},
  title     = {Scaling Up the {IFDS} Algorithm with Efficient Disk-Assisted Computing},
  booktitle = {{IEEE/ACM} International Symposium on Code Generation and Optimization,
               {CGO} 2021, Seoul, South Korea, February 27 - March 3, 2021},
  pages     = {236--247},
  publisher = {{IEEE}},
  year      = {2021},
  url       = {https://doi.org/10.1109/CGO51591.2021.9370311},
  doi       = {10.1109/CGO51591.2021.9370311},
  timestamp = {Mon, 22 Mar 2021 07:47:28 +0100},
  biburl    = {https://dblp.org/rec/conf/cgo/LiMZCLLG21.bib},
  bibsource = {dblp computer science bibliography, https://dblp.org}
}


@inproceedings{SzaboEV16,
  author    = {Tam{\'{a}}s Szab{\'{o}} and
               Sebastian Erdweg and
               Markus Voelter},
  editor    = {David Lo and
               Sven Apel and
               Sarfraz Khurshid},
  title     = {IncA: a {DSL} for the definition of incremental program analyses},
  booktitle = {Proceedings of the 31st {IEEE/ACM} International Conference on Automated
               Software Engineering, {ASE} 2016, Singapore, September 3-7, 2016},
  pages     = {320--331},
  publisher = {{ACM}},
  year      = {2016},
  url       = {https://doi.org/10.1145/2970276.2970298},
  doi       = {10.1145/2970276.2970298},
  timestamp = {Wed, 11 Aug 2021 11:51:26 +0200},
  biburl    = {https://dblp.org/rec/conf/kbse/SzaboEV16.bib},
  bibsource = {dblp computer science bibliography, https://dblp.org}
}



@inproceedings{CaiYZ21,
  author    = {Yuandao Cai and
               Peisen Yao and
               Charles Zhang},
  editor    = {Stephen N. Freund and
               Eran Yahav},
  title     = {Canary: practical static detection of inter-thread value-flow bugs},
  booktitle = {{PLDI} '21: 42nd {ACM} {SIGPLAN} International Conference on Programming
               Language Design and Implementation, Virtual Event, Canada, June 20-25,
               2021},
  pages     = {1126--1140},
  publisher = {{ACM}},
  year      = {2021},
  url       = {https://doi.org/10.1145/3453483.3454099},
  doi       = {10.1145/3453483.3454099},
  timestamp = {Sat, 08 Jan 2022 02:24:31 +0100},
  biburl    = {https://dblp.org/rec/conf/pldi/CaiYZ21.bib},
  bibsource = {dblp computer science bibliography, https://dblp.org}
}


@inproceedings{BrotherstonBGK21,
  author    = {James Brotherston and
               Paul Brunet and
               Nikos Gorogiannis and
               Max I. Kanovich},
  title     = {A Compositional Deadlock Detector for Android Java},
  booktitle = {36th {IEEE/ACM} International Conference on Automated Software Engineering,
               {ASE} 2021, Melbourne, Australia, November 15-19, 2021},
  pages     = {955--966},
  publisher = {{IEEE}},
  year      = {2021},
  url       = {https://doi.org/10.1109/ASE51524.2021.9678572},
  doi       = {10.1109/ASE51524.2021.9678572},
  timestamp = {Mon, 24 Jan 2022 17:59:41 +0100},
  biburl    = {https://dblp.org/rec/conf/kbse/BrotherstonBGK21.bib},
  bibsource = {dblp computer science bibliography, https://dblp.org}
}



@inproceedings{NicholsEH19,
  author    = {Lawton Nichols and
               Mehmet Emre and
               Ben Hardekopf},
  editor    = {Neville Grech and
               Thierry Lavoie},
  title     = {Fixpoint reuse for incremental JavaScript analysis},
  booktitle = {Proceedings of the 8th {ACM} {SIGPLAN} International Workshop on State
               Of the Art in Program Analysis, SOAP@PLDI 2019, Phoenix, AZ, USA,
               June 22, 2019},
  pages     = {2--7},
  publisher = {{ACM}},
  year      = {2019},
  url       = {https://doi.org/10.1145/3315568.3329964},
  doi       = {10.1145/3315568.3329964},
  timestamp = {Fri, 14 Jun 2019 11:46:55 +0200},
  biburl    = {https://dblp.org/rec/conf/pldi/NicholsEH19.bib},
  bibsource = {dblp computer science bibliography, https://dblp.org}
}



@inproceedings{SouterP01,
  author    = {Amie L. Souter and
               Lori L. Pollock},
  title     = {Incremental Call Graph Reanalysis for Object-Oriented Software Maintenance},
  booktitle = {2001 International Conference on Software Maintenance, {ICSM} 2001,
               Florence, Italy, November 6-10, 2001},
  pages     = {682--691},
  publisher = {{IEEE} Computer Society},
  year      = {2001},
  url       = {https://doi.org/10.1109/ICSM.2001.972787},
  doi       = {10.1109/ICSM.2001.972787},
  timestamp = {Wed, 16 Oct 2019 14:14:50 +0200},
  biburl    = {https://dblp.org/rec/conf/icsm/SouterP01.bib},
  bibsource = {dblp computer science bibliography, https://dblp.org}
}


@article{BlackshearGOS18,
  author    = {Sam Blackshear and
               Nikos Gorogiannis and
               Peter W. O'Hearn and
               Ilya Sergey},
  title     = {RacerD: compositional static race detection},
  journal   = {Proc. {ACM} Program. Lang.},
  volume    = {2},
  number    = {{OOPSLA}},
  pages     = {144:1--144:28},
  year      = {2018},
  url       = {https://doi.org/10.1145/3276514},
  doi       = {10.1145/3276514},
  timestamp = {Wed, 17 Feb 2021 08:53:59 +0100},
  biburl    = {https://dblp.org/rec/journals/pacmpl/BlackshearGOS18.bib},
  bibsource = {dblp computer science bibliography, https://dblp.org}
}

@inproceedings{valleerai2010soot,
author = {Vall\'{e}e-Rai, Raja and Co, Phong and Gagnon, Etienne and Hendren, Laurie and Lam, Patrick and Sundaresan, Vijay},
title = {Soot: A Java Bytecode Optimization Framework},
year = {2010},
publisher = {IBM},
doi = {10.1145/1925805.1925818},
booktitle = {CASCON First Decade High Impact Papers},
pages = {214--224},
series = {CASCON '10}
}

@online{linux-kernel-commit,
    author = "Michael Larabel",
    title = "The Linux Kernel Enters 2020 At 27.8 Million Lines In Git But With Less Developers For 2019",
    url  = "https://www.codetd.com/en/article/8434960",
    year = {2020},
}


@online{reviser-github,
    author = "StevenArzt",
    title = "reviser",
    url = "https://github.com/StevenArzt/reviser"
}

@article{GrechS17,
  author    = {Neville Grech and
               Yannis Smaragdakis},
  title     = {P/Taint: unified points-to and taint analysis},
  journal   = {Proc. {ACM} Program. Lang.},
  volume    = {1},
  number    = {{OOPSLA}},
  pages     = {102:1--102:28},
  year      = {2017},
  url       = {https://doi.org/10.1145/3133926},
  doi       = {10.1145/3133926},
  timestamp = {Thu, 14 Oct 2021 08:48:51 +0200},
  biburl    = {https://dblp.org/rec/journals/pacmpl/GrechS17.bib},
  bibsource = {dblp computer science bibliography, https://dblp.org}
}

@inproceedings{ball2000bebop,
  title={Bebop: A symbolic model checker for boolean programs},
  author={Ball, Thomas and Rajamani, Sriram K},
  booktitle={International SPIN Workshop on Model Checking of Software},
  pages={113--130},
  year={2000},
  organization={Springer}
}

@inproceedings{hackett2006modular,
  title={Modular checking for buffer overflows in the large},
  author={Hackett, Brian and Das, Manuvir and Wang, Daniel and Yang, Zhe},
  booktitle={Proceedings of the 28th international conference on Software engineering},
  pages={232--241},
  year={2006}
}
@inproceedings{ball2004slam,
  title={SLAM and Static Driver Verifier: Technology transfer of formal methods inside Microsoft},
  author={Ball, Thomas and Cook, Byron and Levin, Vladimir and Rajamani, Sriram K},
  booktitle={International Conference on Integrated Formal Methods},
  pages={1--20},
  year={2004},
  organization={Springer}
}

@article{li2013survey,
  title={A survey of code-based change impact analysis techniques},
  author={Li, Bixin and Sun, Xiaobing and Leung, Hareton and Zhang, Sai},
  journal={Software Testing, Verification and Reliability},
  volume={23},
  number={8},
  pages={613--646},
  year={2013},
  publisher={Wiley Online Library}
}


@techreport{arzt2013efficiently,
  title={Efficiently updating IDE-based data-flow analyses in response to incremental program changes},
  author={Arzt, Steven and Bodden, Eric},
  year={2013},
  institution={Technical Report TUD-CS-2013-0253, EC SPRIDE, 2013. http://bodden. de/pubs~…}
}



@inproceedings{XiaoBIMGC14,
  author    = {Xusheng Xiao and
               Gogul Balakrishnan and
               Franjo Ivancic and
               Naoto Maeda and
               Aarti Gupta and
               Deepak Chhetri},
  editor    = {Corina S. Pasareanu and
               Darko Marinov},
  title     = {{ARC++:} effective typestate and lifetime dependency analysis},
  booktitle = {International Symposium on Software Testing and Analysis, {ISSTA}
               '14, San Jose, CA, {USA} - July 21 - 26, 2014},
  pages     = {116--126},
  publisher = {{ACM}},
  year      = {2014},
  url       = {https://doi.org/10.1145/2610384.2610395},
  doi       = {10.1145/2610384.2610395},
  timestamp = {Tue, 06 Nov 2018 16:57:30 +0100},
  biburl    = {https://dblp.org/rec/conf/issta/XiaoBIMGC14.bib},
  bibsource = {dblp computer science bibliography, https://dblp.org}
}



@inproceedings{XieA05,
  author    = {Yichen Xie and
               Alexander Aiken},
  editor    = {Jens Palsberg and
               Mart{\'{\i}}n Abadi},
  title     = {Scalable error detection using boolean satisfiability},
  booktitle = {Proceedings of the 32nd {ACM} {SIGPLAN-SIGACT} Symposium on Principles
               of Programming Languages, {POPL} 2005, Long Beach, California, USA,
               January 12-14, 2005},
  pages     = {351--363},
  publisher = {{ACM}},
  year      = {2005},
  url       = {https://doi.org/10.1145/1040305.1040334},
  doi       = {10.1145/1040305.1040334},
  timestamp = {Sat, 31 Jul 2021 17:22:14 +0200},
  biburl    = {https://dblp.org/rec/conf/popl/XieA05.bib},
  bibsource = {dblp computer science bibliography, https://dblp.org}
}


@inproceedings{VoungJL07,
  author    = {Jan Wen Voung and
               Ranjit Jhala and
               Sorin Lerner},
  editor    = {Ivica Crnkovic and
               Antonia Bertolino},
  title     = {{RELAY:} static race detection on millions of lines of code},
  booktitle = {Proceedings of the 6th joint meeting of the European Software Engineering
               Conference and the {ACM} {SIGSOFT} International Symposium on Foundations
               of Software Engineering, 2007, Dubrovnik, Croatia, September 3-7,
               2007},
  pages     = {205--214},
  publisher = {{ACM}},
  year      = {2007},
  url       = {https://doi.org/10.1145/1287624.1287654},
  doi       = {10.1145/1287624.1287654},
  timestamp = {Tue, 01 Feb 2022 10:45:16 +0100},
  biburl    = {https://dblp.org/rec/conf/sigsoft/VoungJL07.bib},
  bibsource = {dblp computer science bibliography, https://dblp.org}
}

@article{shi2022indexing,
  title={Indexing the extended Dyck-CFL reachability for context-sensitive program analysis},
  author={Shi, Qingkai and Wang, Yongchao and Yao, Peisen and Zhang, Charles},
  journal={Proceedings of the ACM on Programming Languages},
  volume={6},
  number={OOPSLA2},
  pages={1438--1468},
  year={2022},
  publisher={ACM New York, NY, USA}
}

@article{tang2023Scaling,
  title={Octopus: Scaling Value-Flow Analysis via Parallel Collection of Realizable Path Conditions},
  author={Tang, Wensheng and Dong, Dejun and Li, Shijie and Wang, Chengpeng and Yao, Peisen and Zhou, Jinguo and Zhang, Charles },
  journal={ACM Transactions on Software Engineering and Methodology},
  year={2023}
}

@article{lei2022taming,
  title={Taming transitive redundancy for context-free language reachability},
  author={Lei, Yuxiang and Sui, Yulei and Ding, Shuo and Zhang, Qirun},
  journal={Proceedings of the ACM on Programming Languages},
  volume={6},
  number={OOPSLA2},
  pages={1556--1582},
  year={2022},
  publisher={ACM New York, NY, USA}
}

@inproceedings{bucek2018spec,
  title={SPEC CPU2017: Next-generation compute benchmark},
  author={Bucek, James and Lange, Klaus-Dieter and v. Kistowski, J{\'o}akim},
  booktitle={Companion of the 2018 ACM/SPEC International Conference on Performance Engineering},
  pages={41--42},
  year={2018}
}

@misc{gllvm,
  author = {SRI-CSL},
  title = {{Whole Program LLVM in Go}},
  howpublished = "\url{https://github.com/SRI-CSL/gllvm/}",
}

@misc{bgl,
  author = {Jeremy Siek},
  title = {{The Boost Graph Library}},
  howpublished = "\url{https://www.nottingham.ac.uk/home/eaziaj/uon/boost_1_34_1/libs/graph/doc/BFSVisitor.html}",
}


@InProceedings{10.1007/978-3-030-17465-1_22,
	author="Schubert, Philipp Dominik
	and Hermann, Ben
	and Bodden, Eric",
	editor="Vojnar, Tom{\'a}{\v{s}}	and Zhang, Lijun",
	title="PhASAR: An Inter-procedural Static Analysis Framework for C/C++",
	booktitle="Tools and Algorithms for the Construction and Analysis of Systems",
	year="2019",
	publisher="Springer International Publishing",
	address="Cham",
	pages="393--410",
	abstract="Static program analysis is used to automatically determine program properties, or to detect bugs or security vulnerabilities in programs. It can be used as a stand-alone tool or to aid compiler optimization as an intermediary step. Developing precise, inter-procedural static analyses, however, is a challenging task, due to the algorithmic complexity, implementation effort, and the threat of state explosion which leads to unsatisfactory performance. Software written in C and C++ is notoriously hard to analyze because of the deliberately unsafe type system, unrestricted use of pointers, and (for C++) virtual dispatch. In this work, we describe the design and implementation of the LLVM-based static analysis framework PhASAR for C/C++ code. PhASAR allows data-flow problems to be solved in a fully automated manner. It provides class hierarchy, call-graph, points-to, and data-flow information, hence requiring analysis developers only to specify a definition of the data-flow problem. PhASAR thus hides the complexity of static analysis behind a high-level API, making static program analysis more accessible and easy to use. PhASAR is available as an open-source project. We evaluate PhASAR's scalability during whole-program analysis. Analyzing 12 real-world programs using a taint analysis written in PhASAR, we found PhASAR's abstractions and their implementations to provide a whole-program analysis that scales well to real-world programs. Furthermore, we peek into the details of analysis runs, discuss our experience in developing static analyses for C/C++, and present possible future improvements. Data or code related to this paper is available at: [34].",
	isbn="978-3-030-17465-1"
}

@incollection{cook2023complexity,
  title={The complexity of theorem-proving procedures},
  author={Cook, Stephen A},
  booktitle={Logic, Automata, and Computational Complexity: The Works of Stephen A. Cook},
  pages={143--152},
  year={2023}
}

@inproceedings{murphy1999program,
  title={Program analysis with partial transfer functions},
  author={Murphy, Brian R and Lam, Monica S},
  booktitle={Proceedings of the 2000 ACM SIGPLAN workshop on Partial evaluation and semantics-based program manipulation},
  pages={94--103},
  year={1999}
}

@misc{phasar,
  title = {{Phasar Github Release 03/24/2024}},
  howpublished = "\url{https://github.com/secure-software-engineering/phasar/releases/tag/v2403}",
  year = {2024 March 24}, 
}

@inproceedings{lhotak2011points,
  title={Points-to analysis with efficient strong updates},
  author={Lhot{\'a}k, Ondrej and Chung, Kwok-Chiang Andrew},
  booktitle={Proceedings of the 38th annual ACM SIGPLAN-SIGACT Symposium on Principles of Programming Languages},
  pages={3--16},
  year={2011}
}

@misc{pocr,
    title = {{POCR: Light-weight CFL-reachability solver}},
    howpublished = "\url{https://github.com/kisslune/POCR}",
    year = {2022 Oct}
}

@article{wang2023anchor,
  title={Anchor: Fast and precise value-flow analysis for containers via memory orientation},
  author={Wang, Chengpeng and Wang, Wenyang and Yao, Peisen and Shi, Qingkai and Zhou, Jinguo and Xiao, Xiao and Zhang, Charles},
  journal={ACM Transactions on Software Engineering and Methodology},
  volume={32},
  number={3},
  pages={1--39},
  year={2023},
  publisher={ACM New York, NY, USA}
}

@inproceedings{wu2024libalchemy,
  title={LibAlchemy: A Two-Layer Persistent Summary Design for Taming Third-Party Libraries in Static Bug-Finding Systems},
  author={Wu, Rongxin and He, Yuxuan and Huang, Jiafeng and Wang, Chengpeng and Tang, Wensheng and Shi, Qingkai and Xiao, Xiao and Zhang, Charles},
  booktitle={Proceedings of the IEEE/ACM 46th International Conference on Software Engineering},
  pages={1--13},
  year={2024}
}

@article{wang2022complexity,
  title={Complexity-guided container replacement synthesis},
  author={Wang, Chengpeng and Yao, Peisen and Tang, Wensheng and Shi, Qingkai and Zhang, Charles},
  journal={Proceedings of the ACM on Programming Languages},
  volume={6},
  number={OOPSLA1},
  pages={1--31},
  year={2022},
  publisher={ACM New York, NY, USA}
}


@misc{toappear,
      title={Boosting Path-Sensitive Value Flow Analysis via Removal of Redundant Summaries}, 
      author={Yongchao Wang and Yuandao Cai and Charles Zhang},
      year={2025},
      eprint={2502.04952},
      archivePrefix={arXiv},
      primaryClass={cs.SE},
      url={https://arxiv.org/abs/2502.04952}, 
}