@inproceedings{Ding2024DataIU,
  title={Data Imputation using Large Language Model to Accelerate Recommendation System},
  author={Zhicheng Ding and Jiahao Tian and Zhenkai Wang and Jinman Zhao and Siyang Li},
  year={2024},
  url={https://api.semanticscholar.org/CorpusID:271213203}
}

@book{NelsenRogerB1999Aitc,
series = {Lecture notes in statistics (Springer-Verlag) ; v. 139},
publisher = {Springer},
isbn = {0387986235},
year = {1999},
title = {An introduction to copulas},
language = {eng},
address = {New York},
author = {Nelsen, Roger B},
keywords = {Copulas (Mathematical statistics)},
lccn = {98041245},
}

@book{Rasmussen2006Gaussian,
  author = {Rasmussen, Carl Edward and Williams, Christopher K. I.},
  biburl = {https://www.bibsonomy.org/bibtex/21bf82350cc051367b8c7828a86c9dc0a/rwhender},
  file = {:gaussian process book.pdf:PDF},
  interhash = {72c030472023000e0bdeeb06081c3764},
  intrahash = {1bf82350cc051367b8c7828a86c9dc0a},
  keywords = {imported},
  owner = {wesley},
  publisher = {The MIT Press},
  timestamp = {2019-03-04T22:29:38.000+0100},
  title = {Gaussian Processes for Machine Learning},
  year = 2006
}

@article{Stekhoven2011MissForestN,
  title={MissForest - non-parametric missing value imputation for mixed-type data},
  author={Daniel J. Stekhoven and Peter B{\"u}hlmann},
  journal={Bioinformatics},
  year={2011},
  volume={28 1},
  pages={
          112-8
        },
  url={https://api.semanticscholar.org/CorpusID:2089531}
}

@article{Troyanskaya2001MissingVE,
  title={Missing value estimation methods for DNA microarrays},
  author={Olga G. Troyanskaya and Michael N. Cantor and Gavin Sherlock and Patrick O. Brown and Trevor J. Hastie and Robert Tibshirani and David Botstein and Russ B. Altman},
  journal={Bioinformatics},
  year={2001},
  volume={17 6},
  pages={
          520-5
        },
  url={https://api.semanticscholar.org/CorpusID:1105917}
}

@article{bahram2023gp,
author = {Jafrasteh, Bahram and Hern\'{a}ndez-Lobato, Daniel and Lubi\'{a}n-L\'{o}pez, Sim\'{o}n Pedro and Benavente-Fern\'{a}ndez, Isabel},
title = {Gaussian processes for missing value imputation},
year = {2023},
issue_date = {Aug 2023},
publisher = {Elsevier Science Publishers B. V.},
address = {NLD},
volume = {273},
number = {C},
issn = {0950-7051},
url = {https://doi.org/10.1016/j.knosys.2023.110603},
doi = {10.1016/j.knosys.2023.110603},
journal = {Know.-Based Syst.},
month = aug,
numpages = {12},
keywords = {Variational inference, Deep Gaussian processes, Deep learning, Gaussian process, Missing values}
}

@article{borisov2022deep,
  title={Deep neural networks and tabular data: A survey},
  author={Borisov, Vadim and Leemann, Tobias and Se{\ss}ler, Kathrin and Haug, Johannes and Pawelczyk, Martin and Kasneci, Gjergji},
  journal={IEEE transactions on neural networks and learning systems},
  year={2022},
  publisher={IEEE}
}

@misc{hayat2024claimdataenhancingimputation,
      title={CLAIM Your Data: Enhancing Imputation Accuracy with Contextual Large Language Models}, 
      author={Ahatsham Hayat and Mohammad Rashedul Hasan},
      year={2024},
      eprint={2405.17712},
      archivePrefix={arXiv},
      primaryClass={cs.CL},
      url={https://arxiv.org/abs/2405.17712}, 
}

@inproceedings{hegselmann2023tabllm,
  title={Tabllm: Few-shot classification of tabular data with large language models},
  author={Hegselmann, Stefan and Buendia, Alejandro and Lang, Hunter and Agrawal, Monica and Jiang, Xiaoyi and Sontag, David},
  booktitle={International Conference on Artificial Intelligence and Statistics},
  pages={5549--5581},
  year={2023},
  organization={PMLR}
}

@article{hollmann2025tabpfn,
 title={Accurate predictions on small data with a tabular foundation model},
 author={Hollmann, Noah and M{\"u}ller, Samuel and Purucker, Lennart and
         Krishnakumar, Arjun and K{\"o}rfer, Max and Hoo, Shi Bin and
         Schirrmeister, Robin Tibor and Hutter, Frank},
 journal={Nature},
 year={2025},
 month={01},
 day={09},
 doi={10.1038/s41586-024-08328-6},
 publisher={Springer Nature},
 url={https://www.nature.com/articles/s41586-024-08328-6},
}

@inproceedings{kim2024carte,
  title={CARTE: pretraining and transfer for tabular learning},
  author={Kim, Myung Jun and Grinsztajn, L{\'e}o and Varoquaux, Ga{\"e}l},
  booktitle={Forty-first International Conference on Machine Learning},
  year={2024}
}

@book{little2002statistical,
  added-at = {2012-09-09T11:27:10.000+0200},
  author = {Little, R.J.A. and Rubin, D.B.},
  biburl = {https://www.bibsonomy.org/bibtex/2b2fb20df470898e82317fb855c088703/peter.ralph},
  interhash = {3afe77a956d4d25ef971f22ee3172776},
  intrahash = {b2fb20df470898e82317fb855c088703},
  isbn = {9780471183860},
  keywords = {missing_data statistics},
  lccn = {2002027006},
  publisher = {Wiley},
  series = {Wiley series in probability and mathematical statistics. Probability and mathematical statistics},
  timestamp = {2012-09-09T11:27:10.000+0200},
  title = {Statistical analysis with missing data},
  url = {http://books.google.com/books?id=aYPwAAAAMAAJ},
  year = 2002
}

@article{lu2024large,
  title={Large language model for table processing: A survey},
  author={Lu, Weizheng and Zhang, Jing and Fan, Ju and Fu, Zihao and Chen, Yueguo and Du, Xiaoyong},
  journal={arXiv preprint arXiv:2402.05121},
  year={2024}
}

@article{moreno2018heterogeneous,
  title={Heterogeneous multi-output Gaussian process prediction},
  author={Moreno-Mu{\~n}oz, Pablo and Art{\'e}s, Antonio and Alvarez, Mauricio},
  journal={Advances in neural information processing systems},
  volume={31},
  year={2018}
}

@inproceedings{requeima2024llm,
 author = {Requeima, James and Bronskill, John and Choi, Dami and Turner, Richard E and Duvenaud, David},
 booktitle = {Advances in Neural Information Processing Systems},
 editor = {A. Globerson and L. Mackey and D. Belgrave and A. Fan and U. Paquet and J. Tomczak and C. Zhang},
 pages = {109609--109671},
 publisher = {Curran Associates, Inc.},
 title = {LLM Processes: Numerical Predictive Distributions Conditioned on Natural Language},
 url = {https://proceedings.neurips.cc/paper_files/paper/2024/file/c5ec22711f3a4a2f4a0a8ffd92167190-Paper-Conference.pdf},
 volume = {37},
 year = {2024}
}

@inproceedings{zhaocopula2022,
author = {Zhao, Yuxuan and Udell, Madeleine},
title = {Matrix completion with quantified uncertainty through low rank Gaussian copula},
year = {2020},
isbn = {9781713829546},
publisher = {Curran Associates Inc.},
address = {Red Hook, NY, USA},
abstract = {Modern large scale datasets are often plagued with missing entries. For tabular data with missing values, a flurry of imputation algorithms solve for a complete matrix which minimizes some penalized reconstruction error. However, almost none of them can estimate the uncertainty of its imputations. This paper proposes a probabilistic and scalable framework for missing value imputation with quantified uncertainty. Our model, the Low Rank Gaussian Copula, augments a standard probabilistic model, Probabilistic Principal Component Analysis, with marginal transformations for each column that allow the model to better match the distribution of the data. It naturally handles Boolean, ordinal, and real-valued observations and quantifies the uncertainty in each imputation. The time required to fit the model scales linearly with the number of rows and the number of columns in the dataset. Empirical results show the method yields state-of-the-art imputation accuracy across a wide range of data types, including those with high rank. Our uncertainty measure predicts imputation error well: entries with lower uncertainty do have lower imputation error (on average). Moreover, for real-valued data, the resulting confidence intervals are well-calibrated.},
booktitle = {Proceedings of the 34th International Conference on Neural Information Processing Systems},
articleno = {1761},
numpages = {12},
location = {Vancouver, BC, Canada},
series = {NIPS '20}
}

