@inproceedings{DeyGazePatterns2019,
author = {Dey, Debargha and Walker, Francesco and Martens, Marieke and Terken, Jacques},
title = {Gaze Patterns in Pedestrian Interaction with Vehicles: Towards Effective Design of External Human-Machine Interfaces for Automated Vehicles},
year = {2019},
isbn = {9781450368841},
publisher = {Association for Computing Machinery},
booktitle = {AutomotiveUI '19},
pages = {369–378},
numpages = {10},
}

@article{brooks1986effects,
  title={Effects of duration of eye contact on judgments of personality characteristics},
  author={Brooks, Charles I and Church, Michael A and Fraser, Lance},
  journal={The Journal of Social Psychology},
  volume={126},
  number={1},
  pages={71--78},
  year={1986},
  publisher={Taylor \& Francis}
}

@article{de2021pedestrians,
  title={How do pedestrians distribute their visual attention when walking through a parking garage? An eye-tracking study},
  author={de Winter, Joost and Bazilinskyy, Pavlo and Wesdorp, Dale and de Vlam, Valerie and Hopmans, Belle and Visscher, Just and Dodou, Dimitra},
  journal={Ergonomics},
  volume={64},
  number={6},
  pages={793--805},
  year={2021},
  publisher={Taylor \& Francis}
}

@article{geruschat2003gaze,
  title={Gaze behavior while crossing complex intersections},
  author={Geruschat, Duane R and Hassan, Shirin E and Turano, Kathleen A},
  journal={Optometry and vision science},
  volume={80},
  number={7},
  pages={515--528},
  year={2003},
  publisher={LWW}
}

@inproceedings{li2021autonomous,
  title={Autonomous vehicles drive into shared spaces: ehmi design concept focusing on vulnerable road users},
  author={Li, Yang and Cheng, Hao and Zeng, Zhe and Liu, Hailong and Sester, Monika},
  booktitle={2021 IEEE International Intelligent Transportation Systems Conference (ITSC)},
  pages={1729--1736},
  year={2021},
  organization={IEEE}
}

@article{libby1973personality,
  title={Personality determinants of eye contact and direction of gaze aversion.},
  author={Libby, William L and Yaklevich, Donna},
  journal={Journal of Personality and Social Psychology},
  volume={27},
  number={2},
  pages={197},
  year={1973},
  publisher={American Psychological Association}
}

@article{liu2022implicit,
author = {Hailong Liu and Takatsugu Hirayama and Luis Yoichi Morales Saiki and Hiroshi Murase},
title = {Implicit Interaction with an Autonomous Personal Mobility Vehicle: Relations of Pedestrians’ Gaze Behavior with Situation Awareness and Perceived Risks},
journal = {International Journal of Human–Computer Interaction},
volume = {39},
number = {10},
pages = {2016-2032},
year  = {2023},
publisher = {Taylor & Francis}
}

@inproceedings{maekawa2019analysis,
  title={An analysis of how driver experience affects eye-gaze behavior for robotic wheelchair operation},
  author={Maekawa, Yamato and Akai, Naoki and Hirayama, Takatsugu and Yoichi Morales, Luis and Deguchi, Daisuke and Kawanishi, Yasutomo and Ide, Ichiro and Murase, Hiroshi},
  booktitle={Proceedings of the IEEE/CVF International Conference on Computer Vision Workshops},
  pages={0--0},
  year={2019}
}

@inproceedings{moore2019case,
  title={The case for implicit external human-machine interfaces for autonomous vehicles},
  author={Moore, Dylan and Currano, Rebecca and Strack, G Ella and Sirkin, David},
  booktitle={Proceedings of the 11th international conference on automotive user interfaces and interactive vehicular applications},
  pages={295--307},
  year={2019}
}

@article{onkhar2022effect,
  title={The effect of drivers’ eye contact on pedestrians’ perceived safety},
  author={Onkhar, V and Bazilinskyy, P and Dodou, D and De Winter, JCF},
  journal={Transportation research part F: traffic psychology and behaviour},
  volume={84},
  pages={194--210},
  year={2022},
  publisher={Elsevier}
}

@inproceedings{rasouli2017agreeing,
  title={Agreeing to cross: How drivers and pedestrians communicate},
  author={Rasouli, Amir and Kotseruba, Iuliia and Tsotsos, John K},
  booktitle={2017 IEEE Intelligent Vehicles Symposium (IV)},
  pages={264--269},
  year={2017},
  organization={IEEE}
}

@article{rauthmann2012eyes,
  title={Eyes as windows to the soul: Gazing behavior is related to personality},
  author={Rauthmann, John F and Seubert, Christian T and Sachse, Pierre and Furtner, Marco R},
  journal={Journal of Research in Personality},
  volume={46},
  number={2},
  pages={147--156},
  year={2012},
  publisher={Elsevier}
}

@article{sahai2022crossing,
  title={Crossing the street in front of an autonomous vehicle: An investigation of eye contact between drivengers and vulnerable road users},
  author={Saha{\"\i}, A{\"\i}sha and Labeye, Elodie and Caroux, Lo{\"\i}c and Lemercier, C{\'e}line},
  journal={Frontiers in psychology},
  volume={13},
  pages={981666},
  year={2022},
  publisher={Frontiers Media SA}
}

@article{tatler2019eye,
  title={Eye movement recordings in natural settings},
  author={Tatler, Benjamin W and Hansen, Dan Witzner and Pelz, Jeff B},
  journal={Eye movement research: an introduction to its scientific foundations and applications},
  pages={549--592},
  year={2019},
  publisher={Springer}
}

@article{zhao2023pedestrian,
  title={Pedestrian gaze pattern before crossing road in a naturalistic traffic setting},
  author={Zhao, Qingxian and Zhuang, Xiangling and Zhang, Tong and He, Yunqi and Ma, Guojie},
  journal={European Transport Research Review},
  volume={15},
  number={1},
  pages={31},
  year={2023},
  publisher={Springer}
}

