@article{johnson2016mimic,
  title={{MIMIC-III}, a freely accessible critical care database},
  author={Johnson, Alistair E. W. and Pollard, Tom J. and Shen, Lu and Lehman, Li-wei H. and Feng, Mengling and Ghassemi, Mohammad and Moody, Benjamin and Szolovits, Peter and Celi, Leo Anthony and Mark, Roger G.},
  journal={Scientific Data},
  doi={https://doi.org/10.1038/sdata.2016.35},
  volume={3},
  number={160035},
  year={2016},
}

@misc{johnson2016physionet,
  title={{MIMIC-III} Clinical Database (version 1.4)},
  author={Johnson, Alistair E. W. and Pollard, Tom J. and Mark, Roger G.},
  year={2016},
  doi={https://doi.org/10.13026/C2XW26},
  publisher={PhysioNet},
}

@article{johnson2023mimic,
  title={MIMIC-IV, a freely accessible electronic health record dataset},
  author={Johnson, Alistair EW and Bulgarelli, Lucas and Shen, Lu and Gayles, Alvin and Shammout, Ayad and Horng, Steven and Pollard, Tom J and Hao, Sicheng and Moody, Benjamin and Gow, Brian and others},
  journal={Scientific data},
  volume={10},
  number={1},
  pages={1},
  year={2023},
  publisher={Nature Publishing Group UK London}
}


%% Using
@inproceedings{using:1,
  title={Temporal phenotyping from longitudinal electronic health records: A graph based framework},
  author={Liu, Chuanren and Wang, Fei and Hu, Jianying and Xiong, Hui},
  booktitle={Proceedings of the 21th ACM SIGKDD international conference on knowledge discovery and data mining},
  pages={705--714},
  year={2015}
}

@inproceedings{using:2,
  title={Rubik: Knowledge guided tensor factorization and completion for health data analytics},
  author={Wang, Yichen and Chen, Robert and Ghosh, Joydeep and Denny, Joshua C and Kho, Abel and Chen, You and Malin, Bradley A and Sun, Jimeng},
  booktitle={Proceedings of the 21th ACM SIGKDD international conference on knowledge discovery and data mining},
  pages={1265--1274},
  year={2015}
}%NO

@inproceedings{using:3,
  title={Hypergraph structure learning for hypergraph neural networks},
  author={Cai, Derun and Song, Moxian and Sun, Chenxi and Zhang, Baofeng and Hong, Shenda and Li, Hongyan},
  booktitle={Proceedings of the Thirty-First International Joint Conference on Artificial Intelligence, IJCAI-22},
  pages={1923--1929},
  year={2022}
}

@article{using:4,
  title={Towards robust interpretability with self-explaining neural networks},
  author={Alvarez Melis, David and Jaakkola, Tommi},
  journal={Advances in neural information processing systems},
  volume={31},
  year={2018}
}

@inproceedings{using:5,
  title={Deep learning for case-based reasoning through prototypes: A neural network that explains its predictions},
  author={Li, Oscar and Liu, Hao and Chen, Chaofan and Rudin, Cynthia},
  booktitle={Proceedings of the AAAI Conference on Artificial Intelligence},
  year={2018}
}

@inproceedings{using:6,
  title={Concept bottleneck models},
  author={Koh, Pang Wei and Nguyen, Thao and Tang, Yew Siang and Mussmann, Stephen and Pierson, Emma and Kim, Been and Liang, Percy},
  booktitle={International conference on machine learning},
  pages={5338--5348},
  year={2020},
  organization={PMLR}
}%NO

@inproceedings{using:7,
  title={Categorical Reparameterization with Gumbel-Softmax},
  author={Jang, Eric and Gu, Shixiang and Poole, Ben},
  booktitle={International Conference on Learning Representations},
  year={2017}
}%NO

@inproceedings{using:8,
  title={Unignn: a unified framework for graph and hypergraph neural networks},
  author={Huang, Jing and Yang, Jie},
  booktitle={Proceedings of the Thirty-First International Joint Conference on Artificial Intelligence, IJCAI-21},
  year={2021}
}

@article{using:9,
  title={Discriminative and distinct phenotyping by constrained tensor factorization},
  author={Kim, Yejin and El-Kareh, Robert and Sun, Jimeng and Yu, Hwanjo and Jiang, Xiaoqian},
  journal={Scientific reports},
  volume={7},
  number={1},
  pages={1114},
  year={2017},
  publisher={Nature Publishing Group UK London}
}

@article{using:10,
  title={Adaptive hypergraph auto-encoder for relational data clustering},
  author={Hu, Youpeng and Li, Xunkai and Wang, Yujie and Wu, Yixuan and Zhao, Yining and Yan, Chenggang and Yin, Jian and Gao, Yue},
  journal={IEEE Transactions on Knowledge and Data Engineering},
  year={2021},
  publisher={IEEE}
}%NO

@inproceedings{using:11,
  title={The Concrete Distribution: A Continuous Relaxation of Discrete Random Variables},
  author={Maddison, Chris J and Mnih, Andriy and Teh, Yee Whye},
  booktitle={International Conference on Learning Representations},
  year={2017}
}%NO


%% Baseline
@inproceedings{baseline:1,
  title={Doctor ai: Predicting clinical events via recurrent neural networks},
  author={Choi, Edward and Bahadori, Mohammad Taha and Schuetz, Andy and Stewart, Walter F and Sun, Jimeng},
  booktitle={Machine learning for healthcare conference},
  pages={301--318},
  year={2016},
  organization={PMLR}
}%NO

@article{baseline:2,
  title={Retain: An interpretable predictive model for healthcare using reverse time attention mechanism},
  author={Choi, Edward and Bahadori, Mohammad Taha and Sun, Jimeng and Kulas, Joshua and Schuetz, Andy and Stewart, Walter},
  journal={Advances in neural information processing systems},
  volume={29},
  year={2016}
}%NO

@inproceedings{baseline:3,
  title={Dipole: Diagnosis prediction in healthcare via attention-based bidirectional recurrent neural networks},
  author={Ma, Fenglong and Chitta, Radha and Zhou, Jing and You, Quanzeng and Sun, Tong and Gao, Jing},
  booktitle={Proceedings of the 23rd ACM SIGKDD international conference on knowledge discovery and data mining},
  pages={1903--1911},
  year={2017}
}%NO

@inproceedings{baseline:4,
  title={Stagenet: Stage-aware neural networks for health risk prediction},
  author={Gao, Junyi and Xiao, Cao and Wang, Yasha and Tang, Wen and Glass, Lucas M and Sun, Jimeng},
  booktitle={Proceedings of The Web Conference 2020},
  pages={530--540},
  year={2020}
}

@inproceedings{baseline:5,
  title={Hitanet: Hierarchical time-aware attention networks for risk prediction on electronic health records},
  author={Luo, Junyu and Ye, Muchao and Xiao, Cao and Ma, Fenglong},
  booktitle={Proceedings of the 26th ACM SIGKDD International Conference on Knowledge Discovery \& Data Mining},
  pages={647--656},
  year={2020}
}

@inproceedings{baseline:6,
  title={GRAM: graph-based attention model for healthcare representation learning},
  author={Choi, Edward and Bahadori, Mohammad Taha and Song, Le and Stewart, Walter F and Sun, Jimeng},
  booktitle={Proceedings of the 23rd ACM SIGKDD international conference on knowledge discovery and data mining},
  pages={787--795},
  year={2017}
}

@inproceedings{baseline:7,
  title={Collaborative graph learning with auxiliary text for temporal event prediction in healthcare},
  author={Lu, Chang and Reddy, Chandan K and Chakraborty, Prithwish and Kleinberg, Samantha and Ning, Yue},
  booktitle={Proceedings of the Thirty-First International Joint Conference on Artificial Intelligence, IJCAI-21},
  year={2021}
}

@inproceedings{baseline:8,
  title={Adacare: Explainable clinical health status representation learning via scale-adaptive feature extraction and recalibration},
  author={Ma, Liantao and Gao, Junyi and Wang, Yasha and Zhang, Chaohe and Wang, Jiangtao and Ruan, Wenjie and Tang, Wen and Gao, Xin and Ma, Xinyu},
  booktitle={Proceedings of the AAAI Conference on Artificial Intelligence},
  pages={825--832},
  year={2020}
}%NO

@inproceedings{baseline:9,
  title={Concare: Personalized clinical feature embedding via capturing the healthcare context},
  author={Ma, Liantao and Zhang, Chaohe and Wang, Yasha and Ruan, Wenjie and Wang, Jiangtao and Tang, Wen and Ma, Xinyu and Gao, Xin and Gao, Junyi},
  booktitle={Proceedings of the AAAI Conference on Artificial Intelligence},
  year={2020}
}%NO

@inproceedings{baseline:10,
  title={Context-aware health event prediction via transition functions on dynamic disease graphs},
  author={Lu, Chang and Han, Tian and Ning, Yue},
  booktitle={Proceedings of the AAAI Conference on Artificial Intelligence},
  volume={36},
  pages={4567--4574},
  year={2022}
}

@inproceedings{baseline:11,
  title={Patient subtyping via time-aware LSTM networks},
  author={Baytas, Inci M and Xiao, Cao and Zhang, Xi and Wang, Fei and Jain, Anil K and Zhou, Jiayu},
  booktitle={Proceedings of the 23rd ACM SIGKDD international conference on knowledge discovery and data mining},
  year={2017}
}

@inproceedings{baseline:12,
  title={Interpretable representation learning for healthcare via capturing disease progression through time},
  author={Bai, Tian and Zhang, Shanshan and Egleston, Brian L and Vucetic, Slobodan},
  booktitle={Proceedings of the 24th ACM SIGKDD international conference on knowledge discovery \& data mining},
  pages={43--51},
  year={2018}
}

@inproceedings{baseline:13,
  title={Sequential diagnosis prediction with transformer and ontological representation},
  author={Peng, Xueping and Long, Guodong and Shen, Tao and Wang, Sen and Jiang, Jing},
  booktitle={2021 IEEE International Conference on Data Mining (ICDM)},
  pages={489--498},
  year={2021},
  organization={IEEE}
}

@article{baseline:14,
  title={Self-supervised graph learning with hyperbolic embedding for temporal health event prediction},
  author={Lu, Chang and Reddy, Chandan K and Ning, Yue},
  journal={IEEE Transactions on Cybernetics},
  year={2021},
  publisher={IEEE}
}

@misc{baseline:15,
  title={MIPO: Mutual Integration of Patient Journey and Medical Ontology for Healthcare Representation Learning},
  author={Peng, Xueping and Long, Guodong and Wang, Sen and Jiang, Jing and Clarke, Allison and Schlegel, Clement and Zhang, Chengqi},
  year={2021},
  eprint={2107.09288},
  archivePrefix={arXiv},
  primaryClass={cs.AI}
}


@inproceedings{baseline:16,
  title={Multi-layer representation learning for medical concepts},
  author={Choi, Edward and Bahadori, Mohammad Taha and Searles, Elizabeth and Coffey, Catherine and Thompson, Michael and Bost, James and Tejedor-Sojo, Javier and Sun, Jimeng},
  booktitle={proceedings of the 22nd ACM SIGKDD international conference on knowledge discovery and data mining},
  pages={1495--1504},
  year={2016}
}

@inproceedings{baseline:17,
  title={Medical Concept Embedding with Multiple Ontological Representations},
  author={Song, Lihong and Cheong, Chin Wang and Yin, Kejing and Cheung, William K and Fung, Benjamin CM and Poon, Jonathan},
  booktitle={IJCAI},
  volume={19},
  pages={4613--4619},
  year={2019}
}

%% Intrinsic Interpretability
@article{ii:1,
  title={Techniques for interpretable machine learning},
  author={Du, Mengnan and Liu, Ninghao and Hu, Xia},
  journal={Communications of the ACM},
  volume={63},
  number={1},
  pages={68--77},
  year={2019},
  publisher={ACM New York, NY, USA}
}%NO

@article{ii:2,
  title={Stop explaining black box machine learning models for high stakes decisions and use interpretable models instead},
  author={Rudin, Cynthia},
  journal={Nature machine intelligence},
  volume={1},
  number={5},
  pages={206--215},
  year={2019},
  publisher={Nature Publishing Group UK London}
}

@inproceedings{ii:3,
  title={Synthetic Benchmarks for Scientific Research in Explainable Machine Learning},
  author={Liu, Yang and Khandagale, Sujay and White, Colin and Neiswanger, Willie},
  booktitle={Thirty-fifth Conference on Neural Information Processing Systems Datasets and Benchmarks Track},
  year={2021}
}

@article{ii:4,
  title={Self-interpretable model with transformation equivariant interpretation},
  author={Wang, Yipei and Wang, Xiaoqian},
  journal={Advances in Neural Information Processing Systems},
  volume={34},
  pages={2359--2372},
  year={2021}
}

@article{ii:5,
  title={Protovae: A trustworthy self-explainable prototypical variational model},
  author={Gautam, Srishti and Boubekki, Ahcene and Hansen, Stine and Salahuddin, Suaiba and Jenssen, Robert and H{\"o}hne, Marina and Kampffmeyer, Michael},
  journal={Advances in Neural Information Processing Systems},
  volume={35},
  pages={17940--17952},
  year={2022}
}

@inproceedings{ii:6,
  title={Towards Transparent and Explainable Attention Models},
  author={Mohankumar, Akash Kumar and Nema, Preksha and Narasimhan, Sharan and Khapra, Mitesh M and Srinivasan, Balaji Vasan and Ravindran, Balaraman},
  booktitle={Proceedings of the 58th Annual Meeting of the Association for Computational Linguistics},
  pages={4206--4216},
  year={2020}
}

@inproceedings{ii:7,
  title={Is Attention Interpretable?},
  author={Serrano, Sofia and Smith, Noah A},
  booktitle={Proceedings of the 57th Annual Meeting of the Association for Computational Linguistics},
  pages={2931--2951},
  year={2019}
}%NO

@inproceedings{ii:8,
  title={Cognition-aware Knowledge Graph Reasoning for Explainable Recommendation},
  author={Bing, Qingyu and Zhu, Qiannan and Dou, Zhicheng},
  booktitle={Proceedings of the Sixteenth ACM International Conference on Web Search and Data Mining},
  pages={402--410},
  year={2023}
}

@inproceedings{ii:9,
  title={Bort: Towards Explainable Neural Networks with Bounded Orthogonal Constraint},
  author={Zhang, Borui and Zheng, Wenzhao and Zhou, Jie and Lu, Jiwen},
  booktitle={The Eleventh International Conference on Learning Representations},
  year={2023}
}

@inproceedings{ii:10,
  title={Attention is not not Explanation},
  author={Wiegreffe, Sarah and Pinter, Yuval},
  booktitle={Proceedings of the 2019 Conference on Empirical Methods in Natural Language Processing and the 9th International Joint Conference on Natural Language Processing (EMNLP-IJCNLP)},
  year={2019}
}

@inproceedings{ii:11,
  title={Attention is not Explanation},
  author={Jain, Sarthak and Wallace, Byron C},
  booktitle={Proceedings of NAACL-HLT},
  year={2019}
}


%% Hypergraph
@inproceedings{hyper:1,
  title={Counterfactual and factual reasoning over hypergraphs for interpretable clinical predictions on ehr},
  author={Xu, Ran and Yu, Yue and Zhang, Chao and Ali, Mohammed K and Ho, Joyce C and Yang, Carl},
  booktitle={Machine Learning for Health},
  pages={259--278},
  year={2022},
  organization={PMLR}
}

@inproceedings{hyper:2,
  title={Hypergraph contrastive learning for electronic health records},
  author={Cai, Derun and Sun, Chenxi and Song, Moxian and Zhang, Baofeng and Hong, Shenda and Li, Hongyan},
  booktitle={Proceedings of the 2022 SIAM International Conference on Data Mining (SDM)},
  pages={127--135},
  year={2022},
  organization={SIAM}
}

@article{hyper:3,
  title={Hypergraph convolution on nodes-hyperedges network for semi-supervised node classification},
  author={Wu, Hanrui and Ng, Michael K},
  journal={ACM Transactions on Knowledge Discovery from Data (TKDD)},
  volume={16},
  number={4},
  pages={1--19},
  year={2022},
  publisher={ACM New York, NY}
}

@inproceedings{hyper:4,
  title={You are AllSet: A Multiset Function Framework for Hypergraph Neural Networks},
  author={Chien, Eli and Pan, Chao and Peng, Jianhao and Milenkovic, Olgica},
  booktitle={International Conference on Learning Representations},
  year={2022}
}

@inproceedings{hyper:5,
  title={Hypergraph neural networks},
  author={Feng, Yifan and You, Haoxuan and Zhang, Zizhao and Ji, Rongrong and Gao, Yue},
  booktitle={Proceedings of the AAAI conference on artificial intelligence},
  pages={3558--3565},
  year={2019}
}

@inproceedings{hyper:6,
  title={Dynamic Hypergraph Neural Networks},
  author={Jiang, Jianwen and Wei, Yuxuan and Feng, Yifan and Cao, Jingxuan and Gao, Yue},
  booktitle={IJCAI},
  pages={2635--2641},
  year={2019}
}

@article{hyper:7,
  title={HGNN+: General hypergraph neural networks},
  author={Gao, Yue and Feng, Yifan and Ji, Shuyi and Ji, Rongrong},
  journal={IEEE Transactions on Pattern Analysis and Machine Intelligence},
  volume={45},
  number={3},
  pages={3181--3199},
  year={2022},
  publisher={IEEE}
}

@article{hyper:8,
  title={Hypergraph convolution and hypergraph attention},
  author={Bai, Song and Zhang, Feihu and Torr, Philip HS},
  journal={Pattern Recognition},
  volume={110},
  pages={107637},
  year={2021},
  publisher={Elsevier}
}

@inproceedings{hyper:9,
  title={Hypergraph convolutional recurrent neural network},
  author={Yi, Jaehyuk and Park, Jinkyoo},
  booktitle={Proceedings of the 26th ACM SIGKDD international conference on knowledge discovery \& data mining},
  pages={3366--3376},
  year={2020}
}

@article{hyper:10,
  title={Learning with hypergraphs: Clustering, classification, and embedding},
  author={Zhou, Dengyong and Huang, Jiayuan and Sch{\"o}lkopf, Bernhard},
  journal={Advances in neural information processing systems},
  volume={19},
  year={2006}
}

@misc{hyper:11,
  title={Hypersage: Generalizing inductive representation learning on hypergraphs},
  author={Arya, Devanshu and Gupta, Deepak K and Rudinac, Stevan and Worring, Marcel},
  year={2020},
  eprint={2010.04558},
  archivePrefix={arXiv},
  primaryClass={cs.LG}
}

@article{hyper:12,
  title={Edge representation learning with hypergraphs},
  author={Jo, Jaehyeong and Baek, Jinheon and Lee, Seul and Kim, Dongki and Kang, Minki and Hwang, Sung Ju},
  journal={Advances in Neural Information Processing Systems},
  volume={34},
  pages={7534--7546},
  year={2021}
}

@misc{hyper:13,
  title={Hnhn: Hypergraph networks with hyperedge neurons},
  author={Dong, Yihe and Sawin, Will and Bengio, Yoshua},
  year={2020},
  eprint={2006.12278},
  archivePrefix={arXiv},
  primaryClass={cs.LG}
}

@article{hyper:14,
  title={Hypergcn: A new method for training graph convolutional networks on hypergraphs},
  author={Yadati, Naganand and Nimishakavi, Madhav and Yadav, Prateek and Nitin, Vikram and Louis, Anand and Talukdar, Partha},
  journal={Advances in neural information processing systems},
  volume={32},
  year={2019}
}

@inproceedings{hyper:15,
  title={Intra and Inter Domain HyperGraph Convolutional Network for Cross-Domain Recommendation},
  author={Han, Zhongxuan and Zheng, Xiaolin and Chen, Chaochao and Cheng, Wenjie and Yao, Yang},
  booktitle={Proceedings of the ACM Web Conference 2023},
  pages={449--459},
  year={2023}
}


%% EHR
@inproceedings{ehr:1,
  title={Kame: Knowledge-based attention model for diagnosis prediction in healthcare},
  author={Ma, Fenglong and You, Quanzeng and Xiao, Houping and Chitta, Radha and Zhou, Jing and Gao, Jing},
  booktitle={Proceedings of the 27th ACM International Conference on Information and Knowledge Management},
  pages={743--752},
  year={2018}
}

@inproceedings{ehr:2,
  title={SeqCare: Sequential Training with External Medical Knowledge Graph for Diagnosis Prediction in Healthcare Data},
  author={Xu, Yongxin and Chu, Xu and Yang, Kai and Wang, Zhiyuan and Zou, Peinie and Ding, Hongxin and Zhao, Junfeng and Wang, Yasha and Xie, Bing},
  booktitle={Proceedings of the ACM Web Conference 2023},
  pages={2819--2830},
  year={2023}
}

@article{ehr:3,
  title={Mime: Multilevel medical embedding of electronic health records for predictive healthcare},
  author={Choi, Edward and Xiao, Cao and Stewart, Walter and Sun, Jimeng},
  journal={Advances in neural information processing systems},
  volume={31},
  year={2018}
}

@inproceedings{ehr:4,
  title={Mhm: Multi-modal clinical data based hierarchical multi-label diagnosis prediction},
  author={Qiao, Zhi and Zhang, Zhen and Wu, Xian and Ge, Shen and Fan, Wei},
  booktitle={Proceedings of the 43rd International ACM SIGIR Conference on Research and Development in Information Retrieval},
  pages={1841--1844},
  year={2020}
}

@inproceedings{ehr:5,
  title={MedSkim: Denoised Health Risk Prediction via Skimming Medical Claims Data},
  author={Cui, Suhan and Luo, Junyu and Ye, Muchao and Wang, Jiaqi and Wang, Ting and Ma, Fenglong},
  booktitle={2022 IEEE International Conference on Data Mining (ICDM)},
  pages={81--90},
  year={2022},
  organization={IEEE}
}%NO

@article{ehr:6,
  title={Med-BERT: pretrained contextualized embeddings on large-scale structured electronic health records for disease prediction},
  author={Rasmy, Laila and Xiang, Yang and Xie, Ziqian and Tao, Cui and Zhi, Degui},
  journal={NPJ digital medicine},
  volume={4},
  number={1},
  pages={86},
  year={2021},
  publisher={Nature Publishing Group UK London}
}

@inproceedings{ehr:7,
  title={ELDA: Learning Explicit Dual-Interactions for Healthcare Analytics},
  author={Cai, Qingpeng and Zheng, Kaiping and Ooi, Beng Chin and Wang, Wei and Yao, Chang},
  booktitle={2022 IEEE 38th International Conference on Data Engineering (ICDE)},
  pages={393--406},
  year={2022},
  organization={IEEE}
}

@inproceedings{ehr:8,
  title={Diagnostic prediction with sequence-of-sets representation learning for clinical events},
  author={Zhang, Tianran and Chen, Muhao and Bui, Alex AT},
  booktitle={Artificial Intelligence in Medicine: 18th International Conference on Artificial Intelligence in Medicine, AIME 2020, Minneapolis, MN, USA, August 25--28, 2020, Proceedings 18},
  pages={348--358},
  year={2020},
  organization={Springer}
}

@inproceedings{ehr:9,
  title={Heterogeneous graph embeddings of electronic health records improve critical care disease predictions},
  author={Wanyan, Tingyi and Kang, Martin and Badgeley, Marcus A and Johnson, Kipp W and De Freitas, Jessica K and Chaudhry, Fayzan F and Vaid, Akhil and Zhao, Shan and Miotto, Riccardo and Nadkarni, Girish N and others},
  booktitle={Artificial Intelligence in Medicine: 18th International Conference on Artificial Intelligence in Medicine, AIME 2020, Minneapolis, MN, USA, August 25--28, 2020, Proceedings 18},
  pages={14--25},
  year={2020},
  organization={Springer}
}

@article{ehr:10,
  title={Learning inter-modal correspondence and phenotypes from multi-modal electronic health records},
  author={Yin, Kejing and Cheung, William K and Fung, Benjamin CM and Poon, Jonathan},
  journal={IEEE Transactions on Knowledge and Data Engineering},
  volume={34},
  number={9},
  pages={4328--4341},
  year={2020},
  publisher={IEEE}
}

@article{ehr:11,
  title={Deep representation learning of patient data from Electronic Health Records (EHR): A systematic review},
  author={Si, Yuqi and Du, Jingcheng and Li, Zhao and Jiang, Xiaoqian and Miller, Timothy and Wang, Fei and Zheng, W Jim and Roberts, Kirk},
  journal={Journal of biomedical informatics},
  volume={115},
  pages={103671},
  year={2021},
  publisher={Elsevier}
}

@inproceedings{ehr:12,
  title={INPREM: An interpretable and trustworthy predictive model for healthcare},
  author={Zhang, Xianli and Qian, Buyue and Cao, Shilei and Li, Yang and Chen, Hang and Zheng, Yefeng and Davidson, Ian},
  booktitle={Proceedings of the 26th ACM SIGKDD International Conference on Knowledge Discovery \& Data Mining},
  pages={450--460},
  year={2020}
}

@article{ehr:13,
  title={Patient2vec: A personalized interpretable deep representation of the longitudinal electronic health record},
  author={Zhang, Jinghe and Kowsari, Kamran and Harrison, James H and Lobo, Jennifer M and Barnes, Laura E},
  journal={IEEE Access},
  volume={6},
  pages={65333--65346},
  year={2018},
  publisher={IEEE}
}

@inproceedings{ehr:14,
  title={Deep stable representation learning on electronic health records},
  author={Luo, Yingtao and Liu, Zhaocheng and Liu, Qiang},
  booktitle={2022 IEEE International Conference on Data Mining (ICDM)},
  pages={1077--1082},
  year={2022},
  organization={IEEE}
}

@article{ehr:15,
  title={Harmonized representation learning on dynamic EHR graphs},
  author={Lee, Dongha and Jiang, Xiaoqian and Yu, Hwanjo},
  journal={Journal of biomedical informatics},
  volume={106},
  pages={103426},
  year={2020},
  publisher={Elsevier}
}

@inproceedings{ehr:16,
  title={Deep computational phenotyping},
  author={Che, Zhengping and Kale, David and Li, Wenzhe and Bahadori, Mohammad Taha and Liu, Yan},
  booktitle={Proceedings of the 21th ACM SIGKDD International Conference on Knowledge Discovery and Data Mining},
  pages={507--516},
  year={2015}
}

@article{ehr:17,
  title={Explainable artificial intelligence models using real-world electronic health record data: a systematic scoping review},
  author={Payrovnaziri, Seyedeh Neelufar and Chen, Zhaoyi and Rengifo-Moreno, Pablo and Miller, Tim and Bian, Jiang and Chen, Jonathan H and Liu, Xiuwen and He, Zhe},
  journal={Journal of the American Medical Informatics Association},
  volume={27},
  number={7},
  pages={1173--1185},
  year={2020},
  publisher={Oxford University Press}
}

@article{ehr:18,
  title = "Hi-BEHRT: Hierarchical Transformer-Based Model for Accurate Prediction of Clinical Events Using Multimodal Longitudinal Electronic Health Records",
  author = "Yikuan Li and Mohammad Mamouei and Gholamreza Salimi-Khorshidi and Shishir Rao and Abdelaali Hassaine and Dexter Canoy and Thomas Lukasiewicz and Kazem Rahimi",
  year = "2023",
  journal = "IEEE Journal of Biomedical and Health Informatics",
  month = "November",
  url = "https://doi.org/10.1109/JBHI.2022.3224727"
}

@inproceedings{ehr:19,
  title={Pairwise-ranking based collaborative recurrent neural networks for clinical event prediction},
  author={Qiao, Zhi and Zhao, Shiwan and Xiao, Cao and Li, Xiang and Qin, Yong and Wang, Fei},
  booktitle={Proceedings of the twenty-seventh international joint conference on artificial intelligence},
  year={2018}
}

@inproceedings{ehr:20,
  title={Rapt: Pre-training of time-aware transformer for learning robust healthcare representation},
  author={Ren, Houxing and Wang, Jingyuan and Zhao, Wayne Xin and Wu, Ning},
  booktitle={Proceedings of the 27th ACM SIGKDD conference on knowledge discovery \& data mining},
  year={2021}
}

@inproceedings{ehr:21,
  title={Risk prediction on electronic health records with prior medical knowledge},
  author={Ma, Fenglong and Gao, Jing and Suo, Qiuling and You, Quanzeng and Zhou, Jing and Zhang, Aidong},
  booktitle={Proceedings of the 24th ACM SIGKDD International Conference on Knowledge Discovery \& Data Mining},
  year={2018}
}

@inproceedings{ehr:22,
  title={GRASP: generic framework for health status representation learning based on incorporating knowledge from similar patients},
  author={Zhang, Chaohe and Gao, Xin and Ma, Liantao and Wang, Yasha and Wang, Jiangtao and Tang, Wen},
  booktitle={Proceedings of the AAAI conference on artificial intelligence},
  year={2021}
}

@inproceedings{ehr:23,
  title={What clinicians want: contextualizing explainable machine learning for clinical end use},
  author={Tonekaboni, Sana and Joshi, Shalmali and McCradden, Melissa D and Goldenberg, Anna},
  booktitle={Machine learning for healthcare conference},
  year={2019},
  organization={PMLR}
}


% Other
@inproceedings{other:1,
  title={Semi-Supervised Classification with Graph Convolutional Networks},
  author={Kipf, Thomas N and Welling, Max},
  booktitle={International Conference on Learning Representations},
  year={2017}
}

@article{other:2,
  title={Inductive representation learning on large graphs},
  author={Hamilton, Will and Ying, Zhitao and Leskovec, Jure},
  journal={Advances in neural information processing systems},
  volume={30},
  year={2017}
}

@article{other:3,
  title={PhysioBank, PhysioToolkit, and PhysioNet: components of a new research resource for complex physiologic signals},
  author={Goldberger, Ary L and Amaral, Luis AN and Glass, Leon and Hausdorff, Jeffrey M and Ivanov, Plamen Ch and Mark, Roger G and Mietus, Joseph E and Moody, George B and Peng, Chung-Kang and Stanley, H Eugene},
  journal={circulation},
  pages={e215--e220},
  year={2000},
  publisher={Am Heart Assoc}
}

@inproceedings{other:5,
  title={How Powerful are Graph Neural Networks?},
  author={Xu, Keyulu and Hu, Weihua and Leskovec, Jure and Jegelka, Stefanie},
  booktitle={International Conference on Learning Representations},
  year={2018}
}

@inproceedings{other:6,
  title={Learning Phrase Representations using RNN Encoder-Decoder for Statistical Machine Translation},
  author={Cho, Kyunghyun and Merrienboer, Bart and Gulcehre, Caglar and Bougares, Fethi and Schwenk, Holger and Bengio, Yoshua},
  booktitle={EMNLP},
  year={2014}
}

@inproceedings{other:7,
  title={4sdrug: Symptom-based set-to-set small and safe drug recommendation},
  author={Tan, Yanchao and Kong, Chengjun and Yu, Leisheng and Li, Pan and Chen, Chaochao and Zheng, Xiaolin and Hertzberg, Vicki S and Yang, Carl},
  booktitle={Proceedings of the 28th ACM SIGKDD Conference on Knowledge Discovery and Data Mining},
  year={2022}
}

@inproceedings{other:8,
  title={Attend and diagnose: Clinical time series analysis using attention models},
  author={Song, Huan and Rajan, Deepta and Thiagarajan, Jayaraman and Spanias, Andreas},
  booktitle={Proceedings of the AAAI conference on artificial intelligence},
  year={2018}
}

@inproceedings{other:9,
  title={Metapred: Meta-learning for clinical risk prediction with limited patient electronic health records},
  author={Zhang, Xi Sheryl and Tang, Fengyi and Dodge, Hiroko H and Zhou, Jiayu and Wang, Fei},
  booktitle={Proceedings of the 25th ACM SIGKDD international conference on knowledge discovery \& data mining},
  year={2019}
}

@article{other:10,
  title={Interpretability and fairness evaluation of deep learning models on MIMIC-IV dataset},
  author={Meng, Chuizheng and Trinh, Loc and Xu, Nan and Enouen, James and Liu, Yan},
  journal={Scientific Reports},
  year={2022},
  publisher={Nature Publishing Group UK London}
}


@misc{other:11,
  title={Pyhealth: A python library for health predictive models},
  author={Zhao, Yue and Qiao, Zhi and Xiao, Cao and Glass, Lucas and Sun, Jimeng},
  year={2021},
  eprint={2101.04209},
  archivePrefix={arXiv},
  primaryClass={cs.LG}
}


@inproceedings{cbm_1st,
  title={Multiview Concept Bottleneck Models Applied to Diagnosing Pediatric Appendicitis},
  author={Klimiene, Ugne and Marcinkevi{\v{c}}s, Ri{\v{c}}ards and Reis Wolfertstetter, Patricia and {\"O}zkan Elsen, Ece and Paschke, Alyssia and Niederberger, David and Wellmann, Sven and Knorr, Christian and Vogt, Julia E},
  booktitle={IMLH},
  year={2022}
}

@inproceedings{havasi2022addressing,
  title={Addressing leakage in concept bottleneck models},
  author={Havasi, Marton and Parbhoo, Sonali and Doshi-Velez, Finale},
  booktitle={Advances in Neural Information Processing Systems},
  year={2022}
}

@inproceedings{tan2024enhancing,
  title={Enhancing Progressive Diagnosis Prediction in Healthcare with Continuous Normalizing Flows},
  author={Tan, Yanchao and Zhang, Hengyu and Zhou, Zihao and Ma, Guofang and Wang, Fan and Liu, Weiming and Liao, Xinting and Hertzberg, Vicki S and Yang, Carl},
  booktitle={Companion Proceedings of the ACM on Web Conference 2024},
  year={2024}
}

@inproceedings{tan2023enhancing,
  title={Enhancing Personalized Healthcare via Capturing Disease Severity, Interaction, and Progression},
  author={Tan, Yanchao and Zhou, Zihao and Yu, Leisheng and Liu, Weiming and Chen, Chaochao and Ma, Guofang and Hu, Xiao and Hertzberg, Vicki S and Yang, Carl},
  booktitle={2023 IEEE International Conference on Data Mining (ICDM)},
  year={2023}
}

@inproceedings{klimiene2022multiview,
  title={Multiview concept bottleneck models applied to diagnosing pediatric appendicitis},
  author={Klimiene, Ugne and Marcinkevi{\v{c}}s, Ri{\v{c}}ards and Reis Wolfertstetter, Patricia and {\"O}zkan Elsen, Ece and Paschke, Alyssia and Niederberger, David and Wellmann, Sven and Knorr, Christian and Vogt, Julia E},
  booktitle={2nd Workshop on Interpretable Machine Learning in Healthcare (IMLH)},
  year={2022},
  organization={ETH Zurich, Institute for Machine Learning}
}

@inproceedings{wu2022learning,
  title={Learning optimal summaries of clinical time-series with concept bottleneck models},
  author={Wu, Carissa and Parbhoo, Sonali and Havasi, Marton and Doshi-Velez, Finale},
  booktitle={Machine Learning for Healthcare Conference},
  year={2022}
}