@inproceedings{baseline:1,
  title={Doctor ai: Predicting clinical events via recurrent neural networks},
  author={Choi, Edward and Bahadori, Mohammad Taha and Schuetz, Andy and Stewart, Walter F and Sun, Jimeng},
  booktitle={Machine learning for healthcare conference},
  pages={301--318},
  year={2016},
  organization={PMLR}
}

@inproceedings{baseline:11,
  title={Patient subtyping via time-aware LSTM networks},
  author={Baytas, Inci M and Xiao, Cao and Zhang, Xi and Wang, Fei and Jain, Anil K and Zhou, Jiayu},
  booktitle={Proceedings of the 23rd ACM SIGKDD international conference on knowledge discovery and data mining},
  year={2017}
}

@inproceedings{baseline:12,
  title={Interpretable representation learning for healthcare via capturing disease progression through time},
  author={Bai, Tian and Zhang, Shanshan and Egleston, Brian L and Vucetic, Slobodan},
  booktitle={Proceedings of the 24th ACM SIGKDD international conference on knowledge discovery \& data mining},
  pages={43--51},
  year={2018}
}

@inproceedings{baseline:13,
  title={Sequential diagnosis prediction with transformer and ontological representation},
  author={Peng, Xueping and Long, Guodong and Shen, Tao and Wang, Sen and Jiang, Jing},
  booktitle={2021 IEEE International Conference on Data Mining (ICDM)},
  pages={489--498},
  year={2021},
  organization={IEEE}
}

@article{baseline:14,
  title={Self-supervised graph learning with hyperbolic embedding for temporal health event prediction},
  author={Lu, Chang and Reddy, Chandan K and Ning, Yue},
  journal={IEEE Transactions on Cybernetics},
  year={2021},
  publisher={IEEE}
}

@misc{baseline:15,
  title={MIPO: Mutual Integration of Patient Journey and Medical Ontology for Healthcare Representation Learning},
  author={Peng, Xueping and Long, Guodong and Wang, Sen and Jiang, Jing and Clarke, Allison and Schlegel, Clement and Zhang, Chengqi},
  year={2021},
  eprint={2107.09288},
  archivePrefix={arXiv},
  primaryClass={cs.AI}
}

@inproceedings{baseline:16,
  title={Multi-layer representation learning for medical concepts},
  author={Choi, Edward and Bahadori, Mohammad Taha and Searles, Elizabeth and Coffey, Catherine and Thompson, Michael and Bost, James and Tejedor-Sojo, Javier and Sun, Jimeng},
  booktitle={proceedings of the 22nd ACM SIGKDD international conference on knowledge discovery and data mining},
  pages={1495--1504},
  year={2016}
}

@inproceedings{baseline:17,
  title={Medical Concept Embedding with Multiple Ontological Representations},
  author={Song, Lihong and Cheong, Chin Wang and Yin, Kejing and Cheung, William K and Fung, Benjamin CM and Poon, Jonathan},
  booktitle={IJCAI},
  volume={19},
  pages={4613--4619},
  year={2019}
}

@article{baseline:2,
  title={Retain: An interpretable predictive model for healthcare using reverse time attention mechanism},
  author={Choi, Edward and Bahadori, Mohammad Taha and Sun, Jimeng and Kulas, Joshua and Schuetz, Andy and Stewart, Walter},
  journal={Advances in neural information processing systems},
  volume={29},
  year={2016}
}

@inproceedings{baseline:3,
  title={Dipole: Diagnosis prediction in healthcare via attention-based bidirectional recurrent neural networks},
  author={Ma, Fenglong and Chitta, Radha and Zhou, Jing and You, Quanzeng and Sun, Tong and Gao, Jing},
  booktitle={Proceedings of the 23rd ACM SIGKDD international conference on knowledge discovery and data mining},
  pages={1903--1911},
  year={2017}
}

@inproceedings{baseline:4,
  title={Stagenet: Stage-aware neural networks for health risk prediction},
  author={Gao, Junyi and Xiao, Cao and Wang, Yasha and Tang, Wen and Glass, Lucas M and Sun, Jimeng},
  booktitle={Proceedings of The Web Conference 2020},
  pages={530--540},
  year={2020}
}

@inproceedings{baseline:5,
  title={Hitanet: Hierarchical time-aware attention networks for risk prediction on electronic health records},
  author={Luo, Junyu and Ye, Muchao and Xiao, Cao and Ma, Fenglong},
  booktitle={Proceedings of the 26th ACM SIGKDD International Conference on Knowledge Discovery \& Data Mining},
  pages={647--656},
  year={2020}
}

@inproceedings{baseline:6,
  title={GRAM: graph-based attention model for healthcare representation learning},
  author={Choi, Edward and Bahadori, Mohammad Taha and Song, Le and Stewart, Walter F and Sun, Jimeng},
  booktitle={Proceedings of the 23rd ACM SIGKDD international conference on knowledge discovery and data mining},
  pages={787--795},
  year={2017}
}

@inproceedings{baseline:8,
  title={Adacare: Explainable clinical health status representation learning via scale-adaptive feature extraction and recalibration},
  author={Ma, Liantao and Gao, Junyi and Wang, Yasha and Zhang, Chaohe and Wang, Jiangtao and Ruan, Wenjie and Tang, Wen and Gao, Xin and Ma, Xinyu},
  booktitle={Proceedings of the AAAI Conference on Artificial Intelligence},
  pages={825--832},
  year={2020}
}

@inproceedings{baseline:9,
  title={Concare: Personalized clinical feature embedding via capturing the healthcare context},
  author={Ma, Liantao and Zhang, Chaohe and Wang, Yasha and Ruan, Wenjie and Wang, Jiangtao and Tang, Wen and Ma, Xinyu and Gao, Xin and Gao, Junyi},
  booktitle={Proceedings of the AAAI Conference on Artificial Intelligence},
  year={2020}
}

@inproceedings{ehr:1,
  title={Kame: Knowledge-based attention model for diagnosis prediction in healthcare},
  author={Ma, Fenglong and You, Quanzeng and Xiao, Houping and Chitta, Radha and Zhou, Jing and Gao, Jing},
  booktitle={Proceedings of the 27th ACM International Conference on Information and Knowledge Management},
  pages={743--752},
  year={2018}
}

@article{ehr:13,
  title={Patient2vec: A personalized interpretable deep representation of the longitudinal electronic health record},
  author={Zhang, Jinghe and Kowsari, Kamran and Harrison, James H and Lobo, Jennifer M and Barnes, Laura E},
  journal={IEEE Access},
  volume={6},
  pages={65333--65346},
  year={2018},
  publisher={IEEE}
}

@article{ehr:17,
  title={Explainable artificial intelligence models using real-world electronic health record data: a systematic scoping review},
  author={Payrovnaziri, Seyedeh Neelufar and Chen, Zhaoyi and Rengifo-Moreno, Pablo and Miller, Tim and Bian, Jiang and Chen, Jonathan H and Liu, Xiuwen and He, Zhe},
  journal={Journal of the American Medical Informatics Association},
  volume={27},
  number={7},
  pages={1173--1185},
  year={2020},
  publisher={Oxford University Press}
}

@article{ehr:18,
  title = "Hi-BEHRT: Hierarchical Transformer-Based Model for Accurate Prediction of Clinical Events Using Multimodal Longitudinal Electronic Health Records",
  author = "Yikuan Li and Mohammad Mamouei and Gholamreza Salimi-Khorshidi and Shishir Rao and Abdelaali Hassaine and Dexter Canoy and Thomas Lukasiewicz and Kazem Rahimi",
  year = "2023",
  journal = "IEEE Journal of Biomedical and Health Informatics",
  month = "November",
  url = "https://doi.org/10.1109/JBHI.2022.3224727"
}

@inproceedings{ehr:19,
  title={Pairwise-ranking based collaborative recurrent neural networks for clinical event prediction},
  author={Qiao, Zhi and Zhao, Shiwan and Xiao, Cao and Li, Xiang and Qin, Yong and Wang, Fei},
  booktitle={Proceedings of the twenty-seventh international joint conference on artificial intelligence},
  year={2018}
}

@inproceedings{ehr:2,
  title={SeqCare: Sequential Training with External Medical Knowledge Graph for Diagnosis Prediction in Healthcare Data},
  author={Xu, Yongxin and Chu, Xu and Yang, Kai and Wang, Zhiyuan and Zou, Peinie and Ding, Hongxin and Zhao, Junfeng and Wang, Yasha and Xie, Bing},
  booktitle={Proceedings of the ACM Web Conference 2023},
  pages={2819--2830},
  year={2023}
}

@inproceedings{ehr:20,
  title={Rapt: Pre-training of time-aware transformer for learning robust healthcare representation},
  author={Ren, Houxing and Wang, Jingyuan and Zhao, Wayne Xin and Wu, Ning},
  booktitle={Proceedings of the 27th ACM SIGKDD conference on knowledge discovery \& data mining},
  year={2021}
}

@inproceedings{ehr:21,
  title={Risk prediction on electronic health records with prior medical knowledge},
  author={Ma, Fenglong and Gao, Jing and Suo, Qiuling and You, Quanzeng and Zhou, Jing and Zhang, Aidong},
  booktitle={Proceedings of the 24th ACM SIGKDD International Conference on Knowledge Discovery \& Data Mining},
  year={2018}
}

@inproceedings{ehr:22,
  title={GRASP: generic framework for health status representation learning based on incorporating knowledge from similar patients},
  author={Zhang, Chaohe and Gao, Xin and Ma, Liantao and Wang, Yasha and Wang, Jiangtao and Tang, Wen},
  booktitle={Proceedings of the AAAI conference on artificial intelligence},
  year={2021}
}

@article{ehr:3,
  title={Mime: Multilevel medical embedding of electronic health records for predictive healthcare},
  author={Choi, Edward and Xiao, Cao and Stewart, Walter and Sun, Jimeng},
  journal={Advances in neural information processing systems},
  volume={31},
  year={2018}
}

@inproceedings{ehr:5,
  title={MedSkim: Denoised Health Risk Prediction via Skimming Medical Claims Data},
  author={Cui, Suhan and Luo, Junyu and Ye, Muchao and Wang, Jiaqi and Wang, Ting and Ma, Fenglong},
  booktitle={2022 IEEE International Conference on Data Mining (ICDM)},
  pages={81--90},
  year={2022},
  organization={IEEE}
}

@article{ehr:6,
  title={Med-BERT: pretrained contextualized embeddings on large-scale structured electronic health records for disease prediction},
  author={Rasmy, Laila and Xiang, Yang and Xie, Ziqian and Tao, Cui and Zhi, Degui},
  journal={NPJ digital medicine},
  volume={4},
  number={1},
  pages={86},
  year={2021},
  publisher={Nature Publishing Group UK London}
}

@inproceedings{ehr:7,
  title={ELDA: Learning Explicit Dual-Interactions for Healthcare Analytics},
  author={Cai, Qingpeng and Zheng, Kaiping and Ooi, Beng Chin and Wang, Wei and Yao, Chang},
  booktitle={2022 IEEE 38th International Conference on Data Engineering (ICDE)},
  pages={393--406},
  year={2022},
  organization={IEEE}
}

@article{ii:1,
  title={Techniques for interpretable machine learning},
  author={Du, Mengnan and Liu, Ninghao and Hu, Xia},
  journal={Communications of the ACM},
  volume={63},
  number={1},
  pages={68--77},
  year={2019},
  publisher={ACM New York, NY, USA}
}

@inproceedings{ii:10,
  title={Attention is not not Explanation},
  author={Wiegreffe, Sarah and Pinter, Yuval},
  booktitle={Proceedings of the 2019 Conference on Empirical Methods in Natural Language Processing and the 9th International Joint Conference on Natural Language Processing (EMNLP-IJCNLP)},
  year={2019}
}

@inproceedings{ii:11,
  title={Attention is not Explanation},
  author={Jain, Sarthak and Wallace, Byron C},
  booktitle={Proceedings of NAACL-HLT},
  year={2019}
}

@article{ii:2,
  title={Stop explaining black box machine learning models for high stakes decisions and use interpretable models instead},
  author={Rudin, Cynthia},
  journal={Nature machine intelligence},
  volume={1},
  number={5},
  pages={206--215},
  year={2019},
  publisher={Nature Publishing Group UK London}
}

@article{ii:4,
  title={Self-interpretable model with transformation equivariant interpretation},
  author={Wang, Yipei and Wang, Xiaoqian},
  journal={Advances in Neural Information Processing Systems},
  volume={34},
  pages={2359--2372},
  year={2021}
}

@article{ii:5,
  title={Protovae: A trustworthy self-explainable prototypical variational model},
  author={Gautam, Srishti and Boubekki, Ahcene and Hansen, Stine and Salahuddin, Suaiba and Jenssen, Robert and H{\"o}hne, Marina and Kampffmeyer, Michael},
  journal={Advances in Neural Information Processing Systems},
  volume={35},
  pages={17940--17952},
  year={2022}
}

@inproceedings{ii:6,
  title={Towards Transparent and Explainable Attention Models},
  author={Mohankumar, Akash Kumar and Nema, Preksha and Narasimhan, Sharan and Khapra, Mitesh M and Srinivasan, Balaji Vasan and Ravindran, Balaraman},
  booktitle={Proceedings of the 58th Annual Meeting of the Association for Computational Linguistics},
  pages={4206--4216},
  year={2020}
}

@inproceedings{ii:7,
  title={Is Attention Interpretable?},
  author={Serrano, Sofia and Smith, Noah A},
  booktitle={Proceedings of the 57th Annual Meeting of the Association for Computational Linguistics},
  pages={2931--2951},
  year={2019}
}

@inproceedings{ii:8,
  title={Cognition-aware Knowledge Graph Reasoning for Explainable Recommendation},
  author={Bing, Qingyu and Zhu, Qiannan and Dou, Zhicheng},
  booktitle={Proceedings of the Sixteenth ACM International Conference on Web Search and Data Mining},
  pages={402--410},
  year={2023}
}

@inproceedings{ii:9,
  title={Bort: Towards Explainable Neural Networks with Bounded Orthogonal Constraint},
  author={Zhang, Borui and Zheng, Wenzhao and Zhou, Jie and Lu, Jiwen},
  booktitle={The Eleventh International Conference on Learning Representations},
  year={2023}
}

@inproceedings{tan2024enhancing,
  title={Enhancing Progressive Diagnosis Prediction in Healthcare with Continuous Normalizing Flows},
  author={Tan, Yanchao and Zhang, Hengyu and Zhou, Zihao and Ma, Guofang and Wang, Fan and Liu, Weiming and Liao, Xinting and Hertzberg, Vicki S and Yang, Carl},
  booktitle={Companion Proceedings of the ACM on Web Conference 2024},
  year={2024}
}

@article{using:4,
  title={Towards robust interpretability with self-explaining neural networks},
  author={Alvarez Melis, David and Jaakkola, Tommi},
  journal={Advances in neural information processing systems},
  volume={31},
  year={2018}
}

@inproceedings{using:5,
  title={Deep learning for case-based reasoning through prototypes: A neural network that explains its predictions},
  author={Li, Oscar and Liu, Hao and Chen, Chaofan and Rudin, Cynthia},
  booktitle={Proceedings of the AAAI Conference on Artificial Intelligence},
  year={2018}
}

