@article{He_2020_CVPR,
author = {He, Jiangpeng and Mao, Runyu and Shao, Zeman and Zhu, Fengqing},
title = {Incremental Learning in Online Scenario},
journal = {Proceedings of the IEEE/CVF Conference on Computer Vision and Pattern Recognition},
month = {June},
year = {2020}
}

@inproceedings{almeida1999parameter,
  title={Parameter adaptation in stochastic optimization},
  author={Almeida, Lu{\'\i}s B and Langlois, Thibault and Amaral, Jos{\'e} D and Plakhov, Alexander},
  booktitle={On-line learning in neural networks},
  pages={111--134},
  year={1999}
}

@inproceedings{bang_online_2022,
  title={Online continual learning on a contaminated data stream with blurry task boundaries},
  author={Bang, Jihwan and Koh, Hyunseo and Park, Seulki and Song, Hwanjun and Ha, Jung-Woo and Choi, Jonghyun},
  booktitle={Proceedings of the IEEE/CVF Conference on Computer Vision and Pattern Recognition},
  pages={9275--9284},
  year={2022}
}

@inproceedings{baydin2018hypergradient,
  title = {Online Learning Rate Adaptation with Hypergradient Descent},
  author = {Baydin, Atılım Güneş and Cornish, Robert and Rubio, David Martínez and Schmidt, Mark and Wood, Frank},
  booktitle = {Sixth International Conference on Learning Representations},
  year = {2018}
}

@inproceedings{buzzega_dark_2020,
  title={Dark experience for general continual learning: a strong, simple baseline},
  author={Buzzega, Pietro and Boschini, Matteo and Porrello, Angelo and Abati, Davide and Calderara, Simone},
  booktitle={Advances in Neural Information Processing Systems},
  volume={33},
  pages={15920--15930},
  year={2020}
}

@inproceedings{caccia_new_2022,
  title={New insights on reducing abrupt representation change in online continual learning},
  author={Caccia, Lucas and Aljundi, Rahaf and Asadi, Nader and Tuytelaars, Tinne and Pineau, Joelle and Belilovsky, Eugene},
  booktitle={International Conference on Learning Representations},
  year={2022}
}

@inproceedings{guo_dealing_2023,
  title={Dealing with Cross-Task Class Discrimination in Online Continual Learning},
  author={Guo, Yiduo and Liu, Bing and Zhao, Dongyan},
  booktitle={Proceedings of the IEEE/CVF Conference on Computer Vision and Pattern Recognition},
  pages={11878--11887},
  year={2023}
}

@inproceedings{he2024gradient,
  title={Gradient reweighting: Towards imbalanced class-incremental learning},
  author={He, Jiangpeng},
  booktitle={Proceedings of the IEEE/CVF Conference on Computer Vision and Pattern Recognition},
  pages={16668--16677},
  year={2024}
}

@inproceedings{koh_online_2023,
  title={Online Boundary-Free Continual Learning by Scheduled Data Prior},
  author={Koh, Hyunseo and Seo, Minhyuk and Bang, Jihwan and Song, Hwanjun and Hong, Deokki and Park, Seulki and Ha, Jung-Woo and Choi, Jonghyun},
  booktitle={International Conference on Learning Representations},
  year={2023}
}

@inproceedings{lin2023pcr,
  title={PCR: Proxy-based contrastive replay for online class-incremental continual learning},
  author={Lin, Huiwei and Zhang, Baoquan and Feng, Shanshan and Li, Xutao and Ye, Yunming},
  booktitle={Proceedings of the IEEE/CVF Conference on Computer Vision and Pattern Recognition},
  pages={24246--24255},
  year={2023}
}

@article{mcdonnell2024ranpac,
  title={Ranpac: Random projections and pre-trained models for continual learning},
  author={McDonnell, Mark D and Gong, Dong and Parvaneh, Amin and Abbasnejad, Ehsan and van den Hengel, Anton},
  journal={Advances in Neural Information Processing Systems},
  volume={36},
  year={2024}
}

@inproceedings{michel2024rethinking,
  title={Rethinking Momentum Knowledge Distillation in Online Continual Learning},
  author={Michel, Nicolas and Wang, Maorong and Xiao, Ling and Yamasaki, Toshihiko},
  booktitle={Forty-first International Conference on Machine Learning},
  year={2024}
}

@inproceedings{moon2023mvp,
  title={Online class incremental learning on stochastic blurry task boundary via mask and visual prompt tuning},
  author={Moon, Jun-Yeong and Park, Keon-Hee and Kim, Jung Uk and Park, Gyeong-Moon},
  booktitle={Proceedings of the IEEE/CVF International Conference on Computer Vision},
  pages={11731--11741},
  year={2023}
}

@inproceedings{smith2023coda,
  title={Coda-prompt: Continual decomposed attention-based prompting for rehearsal-free continual learning},
  author={Smith, James Seale and Karlinsky, Leonid and Gutta, Vyshnavi and Cascante-Bonilla, Paola and Kim, Donghyun and Arbelle, Assaf and Panda, Rameswar and Feris, Rogerio and Kira, Zsolt},
  booktitle={Proceedings of the IEEE/CVF Conference on Computer Vision and Pattern Recognition},
  pages={11909--11919},
  year={2023}
}

@inproceedings{wang2022l2p,
  title={Learning to prompt for continual learning},
  author={Wang, Zifeng and Zhang, Zizhao and Lee, Chen-Yu and Zhang, Han and Sun, Ruoxi and Ren, Xiaoqi and Su, Guolong and Perot, Vincent and Dy, Jennifer and Pfister, Tomas},
  booktitle={Proceedings of the IEEE/CVF Conference on Computer Vision and Pattern Recognition},
  pages={139--149},
  year={2022}
}

@inproceedings{zhou2024ease,
  title={Expandable subspace ensemble for pre-trained model-based class-incremental learning},
  author={Zhou, Da-Wei and Sun, Hai-Long and Ye, Han-Jia and Zhan, De-Chuan},
  booktitle={Proceedings of the IEEE/CVF Conference on Computer Vision and Pattern Recognition},
  pages={23554--23564},
  year={2024}
}

@inproceedings{zhou2024ptmsurvey,
    title={Continual learning with pre-trained models: A survey},
    author={Zhou, Da-Wei and Sun, Hai-Long and Ning, Jingyi and Ye, Han-Jia and Zhan, De-Chuan},
    booktitle={International Joint Conference on Artificial Intelligence},
    pages={8363-8371},
    year={2024}
}

