@inproceedings{Abbeel2004,
  title={Apprenticeship learning via inverse reinforcement learning},
  author={Abbeel, Pieter and Ng, Andrew Y},
  booktitle={Proceedings of the twenty-first international conference on Machine learning},
  pages={1},
  year={2004}
}

@article{Cetin2021,
  title={Domain-robust visual imitation learning with mutual information constraints},
  author={Cetin, Edoardo and Celiktutan, Oya},
  journal={arXiv preprint arXiv:2103.05079},
  year={2021}
}

@inproceedings{Chae2022,
  title={Robust imitation learning against variations in environment dynamics},
  author={Chae, Jongseong and Han, Seungyul and Jung, Whiyoung and Cho, Myungsik and Choi, Sungho and Sung, Youngchul},
  booktitle={International Conference on Machine Learning},
  pages={2828--2852},
  year={2022},
  organization={PMLR}
}

@inproceedings{Franzmeyer2022,
 author = {Franzmeyer, Tim and Torr, Philip and Henriques, Jo\~{a}o F.},
 booktitle = {Advances in Neural Information Processing Systems},
 editor = {S. Koyejo and S. Mohamed and A. Agarwal and D. Belgrave and K. Cho and A. Oh},
 pages = {26283--26294},
 publisher = {Curran Associates, Inc.},
 title = {Learn what matters: cross-domain imitation learning with task-relevant embeddings},
 volume = {35},
 year = {2022}
}

@inproceedings{Ho2016,
 author = {Ho, Jonathan and Ermon, Stefano},
 title = {Generative Adversarial Imitation Learning},
 year = {2016},
 isbn = {9781510838819},
 publisher = {Curran Associates Inc.},
 address = {Red Hook, NY, USA},
 booktitle = {Proceedings of the 30th International Conference on Neural Information Processing Systems},
 pages = {4572–4580},
 numpages = {9},
 location = {Barcelona, Spain},
 series = {NIPS’16}
}

@inproceedings{Kim2020,
  title={Domain adaptive imitation learning},
  author={Kim, Kuno and Gu, Yihong and Song, Jiaming and Zhao, Shengjia and Ermon, Stefano},
  booktitle={International Conference on Machine Learning},
  pages={5286--5295},
  year={2020},
  organization={PMLR}
}

@inproceedings{Liu2018,
  title={Imitation from observation: Learning to imitate behaviors from raw video via context translation},
  author={Liu, YuXuan and Gupta, Abhishek and Abbeel, Pieter and Levine, Sergey},
  booktitle={2018 IEEE International Conference on Robotics and Automation (ICRA)},
  pages={1118--1125},
  year={2018},
  organization={IEEE}
}

@inproceedings{Raychaudhuri2021,
  title={Cross-domain imitation from observations},
  author={Raychaudhuri, Dripta S and Paul, Sujoy and Vanbaar, Jeroen and Roy-Chowdhury, Amit K},
  booktitle={International Conference on Machine Learning},
  pages={8902--8912},
  year={2021},
  organization={PMLR}
}

@inproceedings{Sharma2019,
 author = {Sharma, Pratyusha and Pathak, Deepak and Gupta, Abhinav},
 booktitle = {Advances in Neural Information Processing Systems},
 editor = {H. Wallach and H. Larochelle and A. Beygelzimer and F. d\textquotesingle Alch\'{e}-Buc and E. Fox and R. Garnett},
 pages = {},
 publisher = {Curran Associates, Inc.},
 title = {Third-Person Visual Imitation Learning via Decoupled Hierarchical Controller},
 volume = {32},
 year = {2019}
}

@misc{Stadie2017,
    title={Third-Person Imitation Learning},
    author={Bradly C. Stadie and Pieter Abbeel and Ilya Sutskever},
    year={2017},
    eprint={1703.01703},
    archivePrefix={arXiv},
    primaryClass={cs.LG}
}

@article{Torabi2018generative,
  title={Generative adversarial imitation from observation},
  author={Torabi, Faraz and Warnell, Garrett and Stone, Peter},
  journal={arXiv preprint arXiv:1807.06158},
  year={2018}
}

@InProceedings{Zakka2022,
  title = 	 {XIRL: Cross-embodiment Inverse Reinforcement Learning},
  author =       {Zakka, Kevin and Zeng, Andy and Florence, Pete and Tompson, Jonathan and Bohg, Jeannette and Dwibedi, Debidatta},
  booktitle = 	 {Proceedings of the 5th Conference on Robot Learning},
  pages = 	 {537--546},
  year = 	 {2022},
  editor = 	 {Faust, Aleksandra and Hsu, David and Neumann, Gerhard},
  volume = 	 {164},
  series = 	 {Proceedings of Machine Learning Research},
  month = 	 {08--11 Nov},
  publisher =    {PMLR},
}

@inproceedings{Ziebart2008,
 author = {Ziebart, Brian D. and Maas, Andrew and Bagnell, J. Andrew and Dey, Anind K.},
 title = {Maximum Entropy Inverse Reinforcement Learning},
 year = {2008},
 isbn = {9781577353683},
 publisher = {AAAI Press},
 booktitle = {Proceedings of the 23rd National Conference on Artificial Intelligence - Volume 3},
 pages = {1433–1438},
 numpages = {6},
 location = {Chicago, Illinois},
 series = {AAAI’08}
}

@inproceedings{aoki2024environmental,
  title={Environmental and Behavioral Imitation for Autonomous Navigation},
  author={Aoki, Junki and Sasaki, Fumihiro and Matsumoto, Kohei and Yamashina, Ryota and Kurazume, Ryo},
  booktitle={2024 IEEE/RSJ International Conference on Intelligent Robots and Systems (IROS)},
  pages={7779--7786},
  year={2024},
  organization={IEEE}
}

@inproceedings{belkhale2023hydra,
  title={Hydra: Hybrid robot actions for imitation learning},
  author={Belkhale, Suneel and Cui, Yuchen and Sadigh, Dorsa},
  booktitle={Conference on Robot Learning},
  pages={2113--2133},
  year={2023},
  organization={PMLR}
}

@article{chang2022flow,
  title={Il-flow: Imitation learning from observation using normalizing flows},
  author={Chang, Wei-Di and Higuera, Juan Camilo Gamboa and Fujimoto, Scott and Meger, David and Dudek, Gregory},
  journal={arXiv preprint arXiv:2205.09251},
  year={2022}
}

@article{choi2024domain,
  title={Domain adaptive imitation learning with visual observation},
  author={Choi, Sungho and Han, Seungyul and Kim, Woojun and Chae, Jongseong and Jung, Whiyoung and Sung, Youngchul},
  journal={Advances in Neural Information Processing Systems},
  volume={36},
  year={2024}
}

@article{dadashi2020primal,
  title={Primal wasserstein imitation learning},
  author={Dadashi, Robert and Hussenot, L{\'e}onard and Geist, Matthieu and Pietquin, Olivier},
  journal={arXiv preprint arXiv:2006.04678},
  year={2020}
}

@inproceedings{das2021model,
  title={Model-based inverse reinforcement learning from visual demonstrations},
  author={Das, Neha and Bechtle, Sarah and Davchev, Todor and Jayaraman, Dinesh and Rai, Akshara and Meier, Franziska},
  booktitle={Conference on Robot Learning},
  pages={1930--1942},
  year={2021},
  organization={PMLR}
}

@inproceedings{desgarat2020,
 author = {Desai, Siddharth and Durugkar, Ishan and Karnan, Haresh and Warnell, Garrett and Hanna, Josiah and Stone, Peter},
 booktitle = {Advances in Neural Information Processing Systems},
 editor = {H. Larochelle and M. Ranzato and R. Hadsell and M.F. Balcan and H. Lin},
 pages = {3917--3929},
 publisher = {Curran Associates, Inc.},
 title = {An Imitation from Observation Approach to Transfer Learning with Dynamics Mismatch},
 volume = {33},
 year = {2020}
}

@inproceedings{fickinger2022gromov,
  title={Cross-Domain Imitation Learning via Optimal Transport},
  author={Fickinger, Arnaud and Cohen, Samuel and Russell, Stuart and Amos, Brandon},
  booktitle={10th International Conference on Learning Representations, ICLR},
  year={2022}
}

@inproceedings{florence2022implicit,
  title={Implicit behavioral cloning},
  author={Florence, Pete and Lynch, Corey and Zeng, Andy and Ramirez, Oscar A and Wahid, Ayzaan and Downs, Laura and Wong, Adrian and Lee, Johnny and Mordatch, Igor and Tompson, Jonathan},
  booktitle={Conference on Robot Learning},
  pages={158--168},
  year={2022},
  organization={PMLR}
}

@inproceedings{freund2023coupled,
  title={A coupled flow approach to imitation learning},
  author={Freund, Gideon Joseph and Sarafian, Elad and Kraus, Sarit},
  booktitle={International Conference on Machine Learning},
  pages={10357--10372},
  year={2023},
  organization={PMLR}
}

@article{fu2017learning,
  title={Learning robust rewards with adversarial inverse reinforcement learning},
  author={Fu, Justin and Luo, Katie and Levine, Sergey},
  journal={arXiv preprint arXiv:1710.11248},
  year={2017}
}

@article{gangwani2022imitation,
  title={Imitation learning from observations under transition model disparity},
  author={Gangwani, Tanmay and Zhou, Yuan and Peng, Jian},
  journal={arXiv preprint arXiv:2204.11446},
  year={2022}
}

@inproceedings{ghasemipour2020divergence,
  title={A divergence minimization perspective on imitation learning methods},
  author={Ghasemipour, Seyed Kamyar Seyed and Zemel, Richard and Gu, Shixiang},
  booktitle={Conference on robot learning},
  pages={1259--1277},
  year={2020},
  organization={PMLR}
}

@article{hong2023beyond,
  title={Beyond uniform sampling: Offline reinforcement learning with imbalanced datasets},
  author={Hong, Zhang-Wei and Kumar, Aviral and Karnik, Sathwik and Bhandwaldar, Abhishek and Srivastava, Akash and Pajarinen, Joni and Laroche, Romain and Gupta, Abhishek and Agrawal, Pulkit},
  journal={Advances in Neural Information Processing Systems},
  volume={36},
  pages={4985--5009},
  year={2023}
}

@inproceedings{hoque2023fleet,
  title={Fleet-dagger: Interactive robot fleet learning with scalable human supervision},
  author={Hoque, Ryan and Chen, Lawrence Yunliang and Sharma, Satvik and Dharmarajan, Karthik and Thananjeyan, Brijen and Abbeel, Pieter and Goldberg, Ken},
  booktitle={Conference on Robot Learning},
  pages={368--380},
  year={2023},
  organization={PMLR}
}

@inproceedings{ishida2024robust,
  title={Robust Imitation Learning for Mobile Manipulator Focusing on Task-Related Viewpoints and Regions},
  author={Ishida, Yutaro and Noguchi, Yuki and Kanai, Takayuki and Shintani, Kazuhiro and Bito, Hiroshi},
  booktitle={2024 IEEE/RSJ International Conference on Intelligent Robots and Systems (IROS)},
  pages={2885--2892},
  year={2024},
  organization={IEEE}
}

@inproceedings{karnan2022adversarial,
  title={Adversarial imitation learning from video using a state observer},
  author={Karnan, Haresh and Torabi, Faraz and Warnell, Garrett and Stone, Peter},
  booktitle={2022 International Conference on Robotics and Automation (ICRA)},
  pages={2452--2458},
  year={2022},
  organization={IEEE}
}

@inproceedings{karnan2022voila,
  title={Voila: Visual-observation-only imitation learning for autonomous navigation},
  author={Karnan, Haresh and Warnell, Garrett and Xiao, Xuesu and Stone, Peter},
  booktitle={2022 International Conference on Robotics and Automation (ICRA)},
  pages={2497--2503},
  year={2022},
  organization={IEEE}
}

@inproceedings{kelly2019hg,
  title={Hg-dagger: Interactive imitation learning with human experts},
  author={Kelly, Michael and Sidrane, Chelsea and Driggs-Campbell, Katherine and Kochenderfer, Mykel J},
  booktitle={2019 International Conference on Robotics and Automation (ICRA)},
  pages={8077--8083},
  year={2019},
  organization={IEEE}
}

@inproceedings{kim2022demodice,
  title={Demodice: Offline imitation learning with supplementary imperfect demonstrations},
  author={Kim, Geon-Hyeong and Seo, Seokin and Lee, Jongmin and Jeon, Wonseok and Hwang, HyeongJoo and Yang, Hongseok and Kim, Kee-Eung},
  booktitle={International Conference on Learning Representations},
  year={2022}
}

@article{lee2019efficient,
  title={Efficient exploration via state marginal matching},
  author={Lee, Lisa and Eysenbach, Benjamin and Parisotto, Emilio and Xing, Eric and Levine, Sergey and Salakhutdinov, Ruslan},
  journal={arXiv preprint arXiv:1906.05274},
  year={2019}
}

@article{li2017infogail,
  title={Infogail: Interpretable imitation learning from visual demonstrations},
  author={Li, Yunzhu and Song, Jiaming and Ermon, Stefano},
  journal={Advances in neural information processing systems},
  volume={30},
  year={2017}
}

@article{li2018oil,
  title={Oil: Observational imitation learning},
  author={Li, Guohao and Mueller, Matthias and Casser, Vincent and Smith, Neil and Michels, Dominik L and Ghanem, Bernard},
  journal={arXiv preprint arXiv:1803.01129},
  year={2018}
}

@inproceedings{li2023mahalo,
  title={Mahalo: Unifying offline reinforcement learning and imitation learning from observations},
  author={Li, Anqi and Boots, Byron and Cheng, Ching-An},
  booktitle={International Conference on Machine Learning},
  pages={19360--19384},
  year={2023},
  organization={PMLR}
}

@article{li2024imitation,
  title={Imitation learning from imperfection: Theoretical justifications and algorithms},
  author={Li, Ziniu and Xu, Tian and Qin, Zeyu and Yu, Yang and Luo, Zhi-Quan},
  journal={Advances in Neural Information Processing Systems},
  volume={36},
  year={2024}
}

@inproceedings{liang2018cirl,
  title={Cirl: Controllable imitative reinforcement learning for vision-based self-driving},
  author={Liang, Xiaodan and Wang, Tairui and Yang, Luona and Xing, Eric},
  booktitle={Proceedings of the European conference on computer vision (ECCV)},
  pages={584--599},
  year={2018}
}

@article{liu2023ceil,
  title={Ceil: Generalized contextual imitation learning},
  author={Liu, Jinxin and He, Li and Kang, Yachen and Zhuang, Zifeng and Wang, Donglin and Xu, Huazhe},
  journal={Advances in Neural Information Processing Systems},
  volume={36},
  pages={75491--75516},
  year={2023}
}

@inproceedings{ma2022versatile,
  title={Versatile offline imitation from observations and examples via regularized state-occupancy matching},
  author={Ma, Yecheng and Shen, Andrew and Jayaraman, Dinesh and Bastani, Osbert},
  booktitle={International Conference on Machine Learning},
  pages={14639--14663},
  year={2022},
  organization={PMLR}
}

@inproceedings{mandlekar2023human,
  title={Human-in-the-loop task and motion planning for imitation learning},
  author={Mandlekar, Ajay and Garrett, Caelan Reed and Xu, Danfei and Fox, Dieter},
  booktitle={Conference on Robot Learning},
  pages={3030--3060},
  year={2023},
  organization={PMLR}
}

@article{mehta2025stable,
  title={Stable-bc: Controlling covariate shift with stable behavior cloning},
  author={Mehta, Shaunak A and Ciftci, Yusuf Umut and Ramachandran, Balamurugan and Bansal, Somil and Losey, Dylan P},
  journal={IEEE Robotics and Automation Letters},
  year={2025},
  publisher={IEEE}
}

@article{peng2018variational,
  title={Variational discriminator bottleneck: Improving imitation learning, inverse rl, and gans by constraining information flow},
  author={Peng, Xue Bin and Kanazawa, Angjoo and Toyer, Sam and Abbeel, Pieter and Levine, Sergey},
  journal={arXiv preprint arXiv:1810.00821},
  year={2018}
}

@inproceedings{reddysqil,
  title={SQIL: Imitation Learning via Reinforcement Learning with Sparse Rewards},
  author={Reddy, Siddharth and Dragan, Anca D and Levine, Sergey},
  booktitle={International Conference on Learning Representations}
}

@inproceedings{sasaki2020behavioral,
  title={Behavioral cloning from noisy demonstrations},
  author={Sasaki, Fumihiro and Yamashina, Ryota},
  booktitle={International Conference on Learning Representations},
  year={2020}
}

@inproceedings{sermanet2018,
  title={Time-contrastive networks: Self-supervised learning from video},
  author={Sermanet, Pierre and Lynch, Corey and Chebotar, Yevgen and Hsu, Jasmine and Jang, Eric and Schaal, Stefan and Levine, Sergey and Brain, Google},
  booktitle={2018 IEEE international conference on robotics and automation (ICRA)},
  pages={1134--1141},
  year={2018},
  organization={IEEE}
}

@article{shafiullah2022behavior,
  title={Behavior transformers: Cloning $ k $ modes with one stone},
  author={Shafiullah, Nur Muhammad and Cui, Zichen and Altanzaya, Ariuntuya Arty and Pinto, Lerrel},
  journal={Advances in neural information processing systems},
  volume={35},
  pages={22955--22968},
  year={2022}
}

@misc{shang2021,
      title={Self-Supervised Disentangled Representation Learning for Third-Person Imitation Learning}, 
      author={Jinghuan Shang and Michael S. Ryoo},
      year={2021},
      eprint={2108.01069},
      archivePrefix={arXiv},
      primaryClass={cs.RO}
}

@article{sheng2014integrated,
  title={An integrated framework for human--robot collaborative manipulation},
  author={Sheng, Weihua and Thobbi, Anand and Gu, Ye},
  journal={IEEE transactions on cybernetics},
  volume={45},
  number={10},
  pages={2030--2041},
  year={2014},
  publisher={IEEE}
}

@article{sun2023offline,
  title={Offline imitation learning with variational counterfactual reasoning},
  author={Sun, Zexu and He, Bowei and Liu, Jinxin and Chen, Xu and Ma, Chen and Zhang, Shuai},
  journal={Advances in Neural Information Processing Systems},
  volume={36},
  year={2023}
}

@inproceedings{wang2022adversarially,
  title={Adversarially robust imitation learning},
  author={Wang, Jianren and Zhuang, Ziwen and Wang, Yuyang and Zhao, Hang},
  booktitle={Conference on Robot Learning},
  pages={320--331},
  year={2022},
  organization={PMLR}
}

@article{watson2024coherent,
  title={Coherent soft imitation learning},
  author={Watson, Joe and Huang, Sandy and Heess, Nicolas},
  journal={Advances in Neural Information Processing Systems},
  volume={36},
  year={2024}
}

@inproceedings{xie2024decomposing,
  title={Decomposing the generalization gap in imitation learning for visual robotic manipulation},
  author={Xie, Annie and Lee, Lisa and Xiao, Ted and Finn, Chelsea},
  booktitle={2024 IEEE International Conference on Robotics and Automation (ICRA)},
  pages={3153--3160},
  year={2024},
  organization={IEEE}
}

@inproceedings{xu2022a,
    title={A Policy-Guided Imitation Approach for Offline Reinforcement Learning},
    author={Haoran Xu and Li Jiang and Jianxiong Li and Xianyuan Zhan},
    booktitle={Advances in Neural Information Processing Systems},
    editor={Alice H. Oh and Alekh Agarwal and Danielle Belgrave and Kyunghyun Cho},
    year={2022},
    url={https://openreview.net/forum?id=CKbqDtZnSc}
}

@inproceedings{xu2022discriminator,
  title={Discriminator-weighted offline imitation learning from suboptimal demonstrations},
  author={Xu, Haoran and Zhan, Xianyuan and Yin, Honglei and Qin, Huiling},
  booktitle={International Conference on Machine Learning},
  pages={24725--24742},
  year={2022},
  organization={PMLR}
}

@article{yan2023offline,
  title={Offline Imitation from Observation via Primal Wasserstein State Occupancy Matching},
  author={Yan, Kai and Schwing, Alexander G and Wang, Yu-Xiong},
  journal={arXiv preprint arXiv:2311.01331},
  year={2023}
}

@inproceedings{yin2022cross,
  title={Cross domain robot imitation with invariant representation},
  author={Yin, Zhao-Heng and Sun, Lingfeng and Ma, Hengbo and Tomizuka, Masayoshi and Li, Wu-Jun},
  booktitle={2022 International Conference on Robotics and Automation (ICRA)},
  pages={455--461},
  year={2022},
  organization={IEEE}
}

@misc{yu2018,
      title={One-Shot Imitation from Observing Humans via Domain-Adaptive Meta-Learning}, 
      author={Tianhe Yu and Chelsea Finn and Annie Xie and Sudeep Dasari and Tianhao Zhang and Pieter Abbeel and Sergey Levine},
      year={2018},
      eprint={1802.01557},
      archivePrefix={arXiv},
      primaryClass={cs.LG}
}

@article{zhang2022one,
  title={One-shot domain-adaptive imitation learning via progressive learning applied to robotic pouring},
  author={Zhang, Dandan and Fan, Wen and Lloyd, John and Yang, Chenguang and Lepora, Nathan F},
  journal={IEEE Transactions on Automation Science and Engineering},
  volume={21},
  number={1},
  pages={541--554},
  year={2022},
  publisher={IEEE}
}

@inproceedings{zhang2023discriminator,
  title={Discriminator-guided model-based offline imitation learning},
  author={Zhang, Wenjia and Xu, Haoran and Niu, Haoyi and Cheng, Peng and Li, Ming and Zhang, Heming and Zhou, Guyue and Zhan, Xianyuan},
  booktitle={Conference on Robot Learning},
  pages={1266--1276},
  year={2023},
  organization={PMLR}
}

@article{zhang2024action,
  title={Action inference by maximising evidence: zero-shot imitation from observation with world models},
  author={Zhang, Xingyuan and Becker-Ehmck, Philip and van der Smagt, Patrick and Karl, Maximilian},
  journal={Advances in Neural Information Processing Systems},
  volume={36},
  year={2024}
}

@article{zhu2020off,
  title={Off-policy imitation learning from observations},
  author={Zhu, Zhuangdi and Lin, Kaixiang and Dai, Bo and Zhou, Jiayu},
  journal={Advances in neural information processing systems},
  volume={33},
  pages={12402--12413},
  year={2020}
}

