@inproceedings{Abbeel2004,
  title={Apprenticeship learning via inverse reinforcement learning},
  author={Abbeel, Pieter and Ng, Andrew Y},
  booktitle={Proceedings of the twenty-first international conference on Machine learning},
  pages={1},
  year={2004}
}




@article{Arjovsky2017,
  title={Wasserstein gan. arXiv 2017},
  author={Arjovsky, Martin and Chintala, Soumith and Bottou, L{\'e}on},
  journal={arXiv preprint arXiv:1701.07875},
  volume={30},
  pages={4},
  year={2017}
}

@inproceedings{bain1995framework,
  title={A Framework for Behavioural Cloning.},
  author={Bain, Michael and Sammut, Claude},
  booktitle={Machine Intelligence 15},
  pages={103--129},
  year={1995}
}


@article{pomerleau1991efficient,
  title={Efficient training of artificial neural networks for autonomous navigation},
  author={Pomerleau, Dean A},
  journal={Neural computation},
  volume={3},
  number={1},
  pages={88--97},
  year={1991},
  publisher={MIT Press One Rogers Street, Cambridge, MA 02142-1209, USA journals-info~…}
}



@article{Brockman2016,
  title={Openai gym},
  author={Brockman, Greg and Cheung, Vicki and Pettersson, Ludwig and Schneider, Jonas and Schulman, John and Tang, Jie and Zaremba, Wojciech},
  journal={arXiv preprint arXiv:1606.01540},
  year={2016}
}




@article{Carr2018,
  title={Domain adaptation for reinforcement learning on the atari},
  author={Carr, Thomas and Chli, Maria and Vogiatzis, George},
  journal={arXiv preprint arXiv:1812.07452},
  year={2018}
}




@article{Cetin2021,
  title={Domain-robust visual imitation learning with mutual information constraints},
  author={Cetin, Edoardo and Celiktutan, Oya},
  journal={arXiv preprint arXiv:2103.05079},
  year={2021}
}




@inproceedings{Chae2022,
  title={Robust imitation learning against variations in environment dynamics},
  author={Chae, Jongseong and Han, Seungyul and Jung, Whiyoung and Cho, Myungsik and Choi, Sungho and Sung, Youngchul},
  booktitle={International Conference on Machine Learning},
  pages={2828--2852},
  year={2022},
  organization={PMLR}
}




@InProceedings{Dasari2021,
  title = 	 {Transformers for One-Shot Visual Imitation},
  author =       {Dasari, Sudeep and Gupta, Abhinav},
  booktitle = 	 {Proceedings of the 2020 Conference on Robot Learning},
  pages = 	 {2071--2084},
  year = 	 {2021},
  editor = 	 {Kober, Jens and Ramos, Fabio and Tomlin, Claire},
  volume = 	 {155},
  series = 	 {Proceedings of Machine Learning Research},
  month = 	 {16--18 Nov},
  publisher =    {PMLR},
}




@InProceedings{Duan2016,
  title = 	 {Benchmarking Deep Reinforcement Learning for Continuous Control},
  author = 	 {Yan Duan and Xi Chen and Rein Houthooft and John Schulman and Pieter Abbeel},
  booktitle = 	 {Proceedings of The 33rd International Conference on Machine Learning},
  pages = 	 {1329--1338},
  year = 	 {2016},
  editor = 	 {Maria Florina Balcan and Kilian Q. Weinberger},
  volume = 	 {48},
  series = 	 {Proceedings of Machine Learning Research},
  address = 	 {New York, New York, USA},
  month = 	 {20--22 Jun},
  publisher = 	 {PMLR},
  pdf = 	 {http://proceedings.mlr.press/v48/duan16.pdf},
}




@inproceedings{Edwards2019,
  title={Imitating latent policies from observation},
  author={Edwards, Ashley and Sahni, Himanshu and Schroecker, Yannick and Isbell, Charles},
  booktitle={International conference on machine learning},
  pages={1755--1763},
  year={2019},
  organization={PMLR}
}




@inproceedings{fickinger2022gromov,
  title={Cross-Domain Imitation Learning via Optimal Transport},
  author={Fickinger, Arnaud and Cohen, Samuel and Russell, Stuart and Amos, Brandon},
  booktitle={10th International Conference on Learning Representations, ICLR},
  year={2022}
}
@article{memoli2011gromov,
  title={Gromov--Wasserstein distances and the metric approach to object matching},
  author={M{\'e}moli, Facundo},
  journal={Foundations of computational mathematics},
  volume={11},
  pages={417--487},
  year={2011},
  publisher={Springer}
}

@article{gulrajani2017improved,
  title={Improved training of wasserstein gans},
  author={Gulrajani, Ishaan and Ahmed, Faruk and Arjovsky, Martin and Dumoulin, Vincent and Courville, Aaron C},
  journal={Advances in neural information processing systems},
  volume={30},
  year={2017}
}


@inproceedings{Finn2016,
 author = {Finn, Chelsea and Levine, Sergey and Abbeel, Pieter},
 title = {Guided Cost Learning: Deep Inverse Optimal Control via Policy Optimization},
 year = {2016},
 publisher = {JMLR.org},
 booktitle = {Proceedings of the 33rd International Conference on International Conference on Machine Learning - Volume 48},
 pages = {49–58},
 numpages = {10},
 location = {New York, NY, USA},
 series = {ICML’16}
}

@article{tassa2018deepmindcontrolsuite,
  title={Deepmind control suite},
  author={Tassa, Yuval and Doron, Yotam and Muldal, Alistair and Erez, Tom and Li, Yazhe and Casas, Diego de Las and Budden, David and Abdolmaleki, Abbas and Merel, Josh and Lefrancq, Andrew and others},
  journal={arXiv preprint arXiv:1801.00690},
  year={2018}
}

@inproceedings{Franzmeyer2022,
 author = {Franzmeyer, Tim and Torr, Philip and Henriques, Jo\~{a}o F.},
 booktitle = {Advances in Neural Information Processing Systems},
 editor = {S. Koyejo and S. Mohamed and A. Agarwal and D. Belgrave and K. Cho and A. Oh},
 pages = {26283--26294},
 publisher = {Curran Associates, Inc.},
 title = {Learn what matters: cross-domain imitation learning with task-relevant embeddings},
 volume = {35},
 year = {2022}
}




@inproceedings{Fu2018,
  author    = {Justin Fu and
               Katie Luo and
               Sergey Levine},
  title     = {Learning Robust Rewards with Adverserial Inverse Reinforcement Learning},
  booktitle = {6th International Conference on Learning Representations, {ICLR} 2018,
               Vancouver, BC, Canada, April 30 - May 3, 2018, Conference Track Proceedings},
  publisher = {OpenReview.net},
  year      = {2018},
  timestamp = {Thu, 25 Jul 2019 14:25:49 +0200},
  biburl    = {https://dblp.org/rec/conf/iclr/FuLL18.bib},
  bibsource = {dblp computer science bibliography, https://dblp.org}
}




@inproceedings{Gamrian2019,
  title={Transfer learning for related reinforcement learning tasks via image-to-image translation},
  author={Gamrian, Shani and Goldberg, Yoav},
  booktitle={International Conference on Machine Learning},
  pages={2063--2072},
  year={2019},
  organization={PMLR}
}



@inproceedings{Gangwani2020,
  title={State-only Imitation with Transition Dynamics Mismatch},
  author={Gangwani, Tanmay and Peng, Jian},
  booktitle={International Conference on Learning Representations},
  year={2020},
}




@inproceedings{Ganin2015,
  title={Unsupervised domain adaptation by backpropagation},
  author={Ganin, Yaroslav and Lempitsky, Victor},
  booktitle={International conference on machine learning},
  pages={1180--1189},
  year={2015},
  organization={PMLR}
}




@incollection{Goodfellow2014,
title = {Generative Adversarial Nets},
author = {Goodfellow, Ian and Pouget-Abadie, Jean and Mirza, Mehdi and Xu, Bing and Warde-Farley, David and Ozair, Sherjil axu2022discriminatornd Courville, Aaron and Bengio, Yoshua},
booktitle = {Advances in Neural Information Processing Systems 27},
editor = {Z. Ghahramani and M. Welling and C. Cortes and N. D. Lawrence and K. Q. Weinberger},
pages = {2672--2680},
year = {2014},
publisher = {Curran Associates, Inc.},
}




@article{Gulrajani2017,
  title={Improved training of wasserstein gans},
  author={Gulrajani, Ishaan and Ahmed, Faruk and Arjovsky, Martin and Dumoulin, Vincent and Courville, Aaron C},
  journal={Advances in neural information processing systems},
  volume={30},
  year={2017}
}





@article{Gupta2017,
  title={Learning invariant feature spaces to transfer skills with reinforcement learning},
  author={Gupta, Abhishek and Devin, Coline and Liu, YuXuan and Abbeel, Pieter and Levine, Sergey},
  journal={arXiv preprint arXiv:1703.02949},
  year={2017}
}




@misc{Gym2016,
  Author = {Greg Brockman and Vicki Cheung and Ludwig Pettersson and Jonas Schneider and John Schulman and Jie Tang and Wojciech Zaremba},
  Title = {OpenAI Gym},
  Year = {2016},
  Eprint = {arXiv:1606.01540},
}



@article{Haarnoja2018,
  title={Soft actor-critic algorithms and applications},
  author={Haarnoja, Tuomas and Zhou, Aurick and Hartikainen, Kristian and Tucker, George and Ha, Sehoon and Tan, Jie and Kumar, Vikash and Zhu, Henry and Gupta, Abhishek and Abbeel, Pieter and others},
  journal={arXiv preprint arXiv:1812.05905},
  year={2018}
}





@inproceedings{Ho2016,
 author = {Ho, Jonathan and Ermon, Stefano},
 title = {Generative Adversarial Imitation Learning},
 year = {2016},
 isbn = {9781510838819},
 publisher = {Curran Associates Inc.},
 address = {Red Hook, NY, USA},
 booktitle = {Proceedings of the 30th International Conference on Neural Information Processing Systems},
 pages = {4572–4580},
 numpages = {9},
 location = {Barcelona, Spain},
 series = {NIPS’16}
}





@inproceedings{Huang2018,
  title={Multimodal unsupervised image-to-image translation},
  author={Huang, Xun and Liu, Ming-Yu and Belongie, Serge and Kautz, Jan},
  booktitle={Proceedings of the European conference on computer vision (ECCV)},
  pages={172--189},
  year={2018}
}




@misc{Kanagawa_umaze,
      title={Mujoco-Maze}, 
      author={Yuji Kanagawa},
      year={2021},
      url = {https://github.com/kngwyu/mujoco-maze},
}



@article{Karnan2021,
  title={Voila: Visual-observation-only imitation learning for autonomous navigation},
  author={Karnan, Haresh and Warnell, Garrett and Xiao, Xuesu and Stone, Peter},
  journal={arXiv preprint arXiv:2105.09371},
  year={2021}
}





@inproceedings{Kim2020,
  title={Domain adaptive imitation learning},
  author={Kim, Kuno and Gu, Yihong and Song, Jiaming and Zhao, Shengjia and Ermon, Stefano},
  booktitle={International Conference on Machine Learning},
  pages={5286--5295},
  year={2020},
  organization={PMLR}
}




@article{Kingma2014,
  title={Adam: A method for stochastic optimization},
  author={Kingma, Diederik P and Ba, Jimmy},
  journal={arXiv preprint arXiv:1412.6980},
  year={2014}
}




@article{Kostrikov2018,
  title={Discriminator-actor-critic: Addressing sample inefficiency and reward bias in adversarial imitation learning},
  author={Kostrikov, Ilya and Agrawal, Kumar Krishna and Dwibedi, Debidatta and Levine, Sergey and Tompson, Jonathan},
  journal={arXiv preprint arXiv:1809.02925},
  year={2018}
}




@inproceedings{Lee2018,
  title={Diverse image-to-image translation via disentangled representations},
  author={Lee, Hsin-Ying and Tseng, Hung-Yu and Huang, Jia-Bin and Singh, Maneesh and Yang, Ming-Hsuan},
  booktitle={Proceedings of the European conference on computer vision (ECCV)},
  pages={35--51},
  year={2018}
}





@article{Lee2020,
  title={Drit++: Diverse image-to-image translation via disentangled representations},
  author={Lee, Hsin-Ying and Tseng, Hung-Yu and Mao, Qi and Huang, Jia-Bin and Lu, Yu-Ding and Singh, Maneesh and Yang, Ming-Hsuan},
  journal={International Journal of Computer Vision},
  volume={128},
  number={10},
  pages={2402--2417},
  year={2020},
  publisher={Springer}
}





@inproceedings{Liu2018,
  title={Imitation from observation: Learning to imitate behaviors from raw video via context translation},
  author={Liu, YuXuan and Gupta, Abhishek and Abbeel, Pieter and Levine, Sergey},
  booktitle={2018 IEEE International Conference on Robotics and Automation (ICRA)},
  pages={1118--1125},
  year={2018},
  organization={IEEE}
}




@inproceedings{Liu2020,
  title={State Alignment-based Imitation Learning},
  author={Liu, Fangchen and Ling, Zhan and Mu, Tongzhou and Su, Hao},
  booktitle={International Conference on Learning Representations},
  year={2020},
}




@article{Minsky1961,
  title={Steps toward artificial intelligence},
  author={Minsky, Marvin},
  journal={Proceedings of the IRE},
  volume={49},
  number={1},
  pages={8--30},
  year={1961},
  publisher={IEEE}
}





@inproceedings{Murez2018,
  title={Image to image translation for domain adaptation},
  author={Murez, Zak and Kolouri, Soheil and Kriegman, David and Ramamoorthi, Ravi and Kim, Kyungnam},
  booktitle={Proceedings of the IEEE Conference on Computer Vision and Pattern Recognition},
  pages={4500--4509},
  year={2018}
}



@inproceedings{Ng2000,
 author = {Ng, Andrew Y. and Russell, Stuart J.},
 title = {Algorithms for Inverse Reinforcement Learning},
 year = {2000},
 isbn = {1558607072},
 publisher = {Morgan Kaufmann Publishers Inc.},
 address = {San Francisco, CA, USA},
 booktitle = {Proceedings of the Seventeenth International Conference on Machine Learning},
 pages = {663–670},
 numpages = {8},
 series = {ICML ’00}
}






@article{Osa2018,
  added-at = {2018-06-29T18:36:54.000+0200},
  author = {Osa, Takayuki and Pajarinen, Joni and Neumann, Gerhard and Bagnell, J. Andrew and Abbeel, Pieter and Peters, Jan},
  bibsource = {dblp computer science bibliography, https://dblp.org},
  biburl = {https://www.bibsonomy.org/bibtex/239bb8e35d8711cdecac8d43eba2213c2/gerineumann},
  doi = {10.1561/2300000053},
  interhash = {46c508943aacc740b9e0860689d61cd6},
  intrahash = {39bb8e35d8711cdecac8d43eba2213c2},
  journal = {Foundations and Trends in Robotics},
  keywords = {imported},
  number = {1-2},
  pages = {1--179},
  timestamp = {2018-06-29T18:36:54.000+0200},
  title = {An Algorithmic Perspective on Imitation Learning},
  volume = {7},
  year = {2018}
}




@article{Pang2021,
  title={Image-to-image translation: Methods and applications},
  author={Pang, Yingxue and Lin, Jianxin and Qin, Tao and Chen, Zhibo},
  journal={IEEE Transactions on Multimedia},
  year={2021},
  publisher={IEEE}
}




@article{Pomerleau1991,
  title={Efficient training of artificial neural networks for autonomous navigation},
  author={Pomerleau, Dean A},
  journal={Neural computation},
  volume={3},
  number={1},
  pages={88--97},
  year={1991},
  publisher={MIT Press One Rogers Street, Cambridge, MA 02142-1209, USA journals-info~…}
}





@inproceedings{Raychaudhuri2021,
  title={Cross-domain imitation from observations},
  author={Raychaudhuri, Dripta S and Paul, Sujoy and Vanbaar, Jeroen and Roy-Chowdhury, Amit K},
  booktitle={International Conference on Machine Learning},
  pages={8902--8912},
  year={2021},
  organization={PMLR}
}




@InProceedings{Ross2011Reduction,
  title = 	 {A Reduction of Imitation Learning and Structured Prediction to No-Regret Online Learning},
  author = 	 {Stephane Ross and Geoffrey Gordon and Drew Bagnell},
  booktitle = 	 {Proceedings of the Fourteenth International Conference on Artificial Intelligence and Statistics},
  pages = 	 {627--635},
  year = 	 {2011},
  editor = 	 {Geoffrey Gordon and David Dunson and Miroslav Dudík},
  volume = 	 {15},
  series = 	 {Proceedings of Machine Learning Research},
  address = 	 {Fort Lauderdale, FL, USA},
  month = 	 {11--13 Apr},
  publisher = 	 {PMLR},
  pdf = 	 {http://proceedings.mlr.press/v15/ross11a/ross11a.pdf},
}



@misc{shang2021,
      title={Self-Supervised Disentangled Representation Learning for Third-Person Imitation Learning}, 
      author={Jinghuan Shang and Michael S. Ryoo},
      year={2021},
      eprint={2108.01069},
      archivePrefix={arXiv},
      primaryClass={cs.RO}
}

@article{choi2024domain,
  title={Domain adaptive imitation learning with visual observation},
  author={Choi, Sungho and Han, Seungyul and Kim, Woojun and Chae, Jongseong and Jung, Whiyoung and Sung, Youngchul},
  journal={Advances in Neural Information Processing Systems},
  volume={36},
  year={2024}
}


@inproceedings{sermanet2018,
  title={Time-contrastive networks: Self-supervised learning from video},
  author={Sermanet, Pierre and Lynch, Corey and Chebotar, Yevgen and Hsu, Jasmine and Jang, Eric and Schaal, Stefan and Levine, Sergey and Brain, Google},
  booktitle={2018 IEEE international conference on robotics and automation (ICRA)},
  pages={1134--1141},
  year={2018},
  organization={IEEE}
}


@inproceedings{Sharma2019,
 author = {Sharma, Pratyusha and Pathak, Deepak and Gupta, Abhinav},
 booktitle = {Advances in Neural Information Processing Systems},
 editor = {H. Wallach and H. Larochelle and A. Beygelzimer and F. d\textquotesingle Alch\'{e}-Buc and E. Fox and R. Garnett},
 pages = {},
 publisher = {Curran Associates, Inc.},
 title = {Third-Person Visual Imitation Learning via Decoupled Hierarchical Controller},
 volume = {32},
 year = {2019}
}
@article{dadashi2020primal,
  title={Primal wasserstein imitation learning},
  author={Dadashi, Robert and Hussenot, L{\'e}onard and Geist, Matthieu and Pietquin, Olivier},
  journal={arXiv preprint arXiv:2006.04678},
  year={2020}
}


@misc{smith2020,
      title={AVID: Learning Multi-Stage Tasks via Pixel-Level Translation of Human Videos}, 
      author={Laura Smith and Nikita Dhawan and Marvin Zhang and Pieter Abbeel and Sergey Levine},
      year={2020},
      eprint={1912.04443},
      archivePrefix={arXiv},
      primaryClass={cs.RO}
}



@misc{Stadie2017,
    title={Third-Person Imitation Learning},
    author={Bradly C. Stadie and Pieter Abbeel and Ilya Sutskever},
    year={2017},
    eprint={1703.01703},
    archivePrefix={arXiv},
    primaryClass={cs.LG}
}





@book{Sutton1998,
  added-at = {2019-07-13T10:11:53.000+0200},
  author = {Sutton, Richard S. and Barto, Andrew G.},
  biburl = {https://www.bibsonomy.org/bibtex/2f46601cf8b13d39d1378af0d79438b12/lanteunis},
  edition = {Second},
  interhash = {ac6b144aaec1819919a2fba9f705c852},
  intrahash = {f46601cf8b13d39d1378af0d79438b12},
  keywords = {},
  publisher = {The MIT Press},
  timestamp = {2019-07-13T10:11:53.000+0200},
  title = {Reinforcement Learning: An Introduction},
  year = {2018}
}




@article{tunyasuvunakool2020,
     title = {dm\_control: Software and tasks for continuous control},
     journal = {Software Impacts},
     volume = {6},
     pages = {100022},
     year = {2020},
     issn = {2665-9638},
     doi = {https://doi.org/10.1016/j.simpa.2020.100022},
     author = {Saran Tunyasuvunakool and Alistair Muldal and Yotam Doron and Siqi Liu and Steven Bohez and Josh Merel and Tom Erez and Timothy Lillicrap and Nicolas Heess and Yuval Tassa}
}





@inproceedings{Todorov2012,
  added-at = {2018-05-10T15:20:32.000+0200},
  author = {Todorov, Emanuel and Erez, Tom and Tassa, Yuval},
  biburl = {https://www.bibsonomy.org/bibtex/2a300e5dc4327d3385bfec19104a93b6a/achakraborty},
  booktitle = {Intelligent Robots and Systems (IROS), 2012 IEEE/RSJ International Conference on},
  interhash = {869ab290a52bafc47114756b66df3c25},
  intrahash = {a300e5dc4327d3385bfec19104a93b6a},
  keywords = {2012 c++ cpp dynamics iros physics robotics simulation software},
  organization = {IEEE},
  pages = {5026--5033},
  timestamp = {2018-05-10T15:20:32.000+0200},
  title = {Mujoco: A physics engine for model-based control},
  year = {2012}
}





@inproceedings{Torabi2018behavioral,
 author = {Torabi, Faraz and Warnell, Garrett and Stone, Peter},
 title = {Behavioral Cloning from Observation},
 year = {2018},
 isbn = {9780999241127},
 publisher = {AAAI Press},
 booktitle = {Proceedings of the 27th International Joint Conference on Artificial Intelligence},
 pages = {4950–4957},
 numpages = {8},
 location = {Stockholm, Sweden},
 series = {IJCAI’18}
}





@article{Torabi2018generative,
  title={Generative adversarial imitation from observation},
  author={Torabi, Faraz and Warnell, Garrett and Stone, Peter},
  journal={arXiv preprint arXiv:1807.06158},
  year={2018}
}



@article{van2008visualizing,
  title={Visualizing data using t-SNE.},
  author={Van der Maaten, Laurens and Hinton, Geoffrey},
  journal={Journal of machine learning research},
  volume={9},
  number={11},
  year={2008}
}



@article{Wen2021,
  title={Keyframe-Focused Visual Imitation Learning},
  author={Wen, Chuan and Lin, Jierui and Qian, Jianing and Gao, Yang and Jayaraman, Dinesh},
  journal={arXiv preprint arXiv:2106.06452},
  year={2021}
}




@article{Wilson2020,
  title={A survey of unsupervised deep domain adaptation},
  author={Wilson, Garrett and Cook, Diane J},
  journal={ACM Transactions on Intelligent Systems and Technology (TIST)},
  volume={11},
  number={5},
  pages={1--46},
  year={2020},
  publisher={ACM New York, NY, USA}
}




@misc{pytorch_sac,
  author = {Yarats, Denis and Kostrikov, Ilya},
  title = {Soft Actor-Critic (SAC) implementation in PyTorch},
  year = {2020},
  publisher = {GitHub},
  journal = {GitHub repository},
  howpublished = {\url{https://github.com/denisyarats/pytorch_sac}},
}




@inproceedings{Yi2017,
  title={Dualgan: Unsupervised dual learning for image-to-image translation},
  author={Yi, Zili and Zhang, Hao and Tan, Ping and Gong, Minglun},
  booktitle={Proceedings of the IEEE international conference on computer vision},
  pages={2849--2857},
  year={2017}
}




@InProceedings{Young2021,
  title = 	 {Visual Imitation Made Easy},
  author =       {Young, Sarah and Gandhi, Dhiraj and Tulsiani, Shubham and Gupta, Abhinav and Abbeel, Pieter and Pinto, Lerrel},
  booktitle = 	 {Proceedings of the 2020 Conference on Robot Learning},
  pages = 	 {1992--2005},
  year = 	 {2021},
  editor = 	 {Kober, Jens and Ramos, Fabio and Tomlin, Claire},
  volume = 	 {155},
  series = 	 {Proceedings of Machine Learning Research},
  month = 	 {16--18 Nov},
  publisher =    {PMLR},
}




@misc{yu2018,
      title={One-Shot Imitation from Observing Humans via Domain-Adaptive Meta-Learning}, 
      author={Tianhe Yu and Chelsea Finn and Annie Xie and Sudeep Dasari and Tianhao Zhang and Pieter Abbeel and Sergey Levine},
      year={2018},
      eprint={1802.01557},
      archivePrefix={arXiv},
      primaryClass={cs.LG}
}



@InProceedings{Zakka2022,
  title = 	 {XIRL: Cross-embodiment Inverse Reinforcement Learning},
  author =       {Zakka, Kevin and Zeng, Andy and Florence, Pete and Tompson, Jonathan and Bohg, Jeannette and Dwibedi, Debidatta},
  booktitle = 	 {Proceedings of the 5th Conference on Robot Learning},
  pages = 	 {537--546},
  year = 	 {2022},
  editor = 	 {Faust, Aleksandra and Hsu, David and Neumann, Gerhard},
  volume = 	 {164},
  series = 	 {Proceedings of Machine Learning Research},
  month = 	 {08--11 Nov},
  publisher =    {PMLR},
}
@article{li2018oil,
  title={Oil: Observational imitation learning},
  author={Li, Guohao and Mueller, Matthias and Casser, Vincent and Smith, Neil and Michels, Dominik L and Ghanem, Bernard},
  journal={arXiv preprint arXiv:1803.01129},
  year={2018}
}
@inproceedings{liang2018cirl,
  title={Cirl: Controllable imitative reinforcement learning for vision-based self-driving},
  author={Liang, Xiaodan and Wang, Tairui and Yang, Luona and Xing, Eric},
  booktitle={Proceedings of the European conference on computer vision (ECCV)},
  pages={584--599},
  year={2018}
}

@article{ben2006analysis,
  title={Analysis of representations for domain adaptation},
  author={Ben-David, Shai and Blitzer, John and Crammer, Koby and Pereira, Fernando},
  journal={Advances in neural information processing systems},
  volume={19},
  year={2006}
}


@article{Zhang2020,
  title={f-gail: Learning f-divergence for generative adversarial imitation learning},
  author={Zhang, Xin and Li, Yanhua and Zhang, Ziming and Zhang, Zhi-Li},
  journal={Advances in neural information processing systems},
  volume={33},
  pages={12805--12815},
  year={2020}
}





@article{Zheng2021,
  title={Imitation Learning: Progress, Taxonomies and Opportunities},
  author={Zheng, Boyuan and Verma, Sunny and Zhou, Jianlong and Tsang, Ivor and Chen, Fang},
  journal={arXiv preprint arXiv:2106.12177},
  year={2021}
}




@inproceedings{Zhu2017,
  title={Unpaired image-to-image translation using cycle-consistent adversarial networks},
  author={Zhu, Jun-Yan and Park, Taesung and Isola, Phillip and Efros, Alexei A},
  booktitle={Proceedings of the IEEE international conference on computer vision},
  pages={2223--2232},
  year={2017}
}




@inproceedings{Ziebart2008,
 author = {Ziebart, Brian D. and Maas, Andrew and Bagnell, J. Andrew and Dey, Anind K.},
 title = {Maximum Entropy Inverse Reinforcement Learning},
 year = {2008},
 isbn = {9781577353683},
 publisher = {AAAI Press},
 booktitle = {Proceedings of the 23rd National Conference on Artificial Intelligence - Volume 3},
 pages = {1433–1438},
 numpages = {6},
 location = {Chicago, Illinois},
 series = {AAAI’08}
}


@article{zhang2022one,
  title={One-shot domain-adaptive imitation learning via progressive learning applied to robotic pouring},
  author={Zhang, Dandan and Fan, Wen and Lloyd, John and Yang, Chenguang and Lepora, Nathan F},
  journal={IEEE Transactions on Automation Science and Engineering},
  volume={21},
  number={1},
  pages={541--554},
  year={2022},
  publisher={IEEE}
}

@article{gangwani2022imitation,
  title={Imitation learning from observations under transition model disparity},
  author={Gangwani, Tanmay and Zhou, Yuan and Peng, Jian},
  journal={arXiv preprint arXiv:2204.11446},
  year={2022}
}

@article{sheng2014integrated,
  title={An integrated framework for human--robot collaborative manipulation},
  author={Sheng, Weihua and Thobbi, Anand and Gu, Ye},
  journal={IEEE transactions on cybernetics},
  volume={45},
  number={10},
  pages={2030--2041},
  year={2014},
  publisher={IEEE}
}

@article{liu2023ceil,
  title={Ceil: Generalized contextual imitation learning},
  author={Liu, Jinxin and He, Li and Kang, Yachen and Zhuang, Zifeng and Wang, Donglin and Xu, Huazhe},
  journal={Advances in Neural Information Processing Systems},
  volume={36},
  pages={75491--75516},
  year={2023}
}

@inproceedings{ishida2024robust,
  title={Robust Imitation Learning for Mobile Manipulator Focusing on Task-Related Viewpoints and Regions},
  author={Ishida, Yutaro and Noguchi, Yuki and Kanai, Takayuki and Shintani, Kazuhiro and Bito, Hiroshi},
  booktitle={2024 IEEE/RSJ International Conference on Intelligent Robots and Systems (IROS)},
  pages={2885--2892},
  year={2024},
  organization={IEEE}
}

@article{zhang2024action,
  title={Action inference by maximising evidence: zero-shot imitation from observation with world models},
  author={Zhang, Xingyuan and Becker-Ehmck, Philip and van der Smagt, Patrick and Karl, Maximilian},
  journal={Advances in Neural Information Processing Systems},
  volume={36},
  year={2024}
}

@inproceedings{aoki2024environmental,
  title={Environmental and Behavioral Imitation for Autonomous Navigation},
  author={Aoki, Junki and Sasaki, Fumihiro and Matsumoto, Kohei and Yamashina, Ryota and Kurazume, Ryo},
  booktitle={2024 IEEE/RSJ International Conference on Intelligent Robots and Systems (IROS)},
  pages={7779--7786},
  year={2024},
  organization={IEEE}
}

@inproceedings{karnan2022voila,
  title={Voila: Visual-observation-only imitation learning for autonomous navigation},
  author={Karnan, Haresh and Warnell, Garrett and Xiao, Xuesu and Stone, Peter},
  booktitle={2022 International Conference on Robotics and Automation (ICRA)},
  pages={2497--2503},
  year={2022},
  organization={IEEE}
}
@article{chang2022flow,
  title={Il-flow: Imitation learning from observation using normalizing flows},
  author={Chang, Wei-Di and Higuera, Juan Camilo Gamboa and Fujimoto, Scott and Meger, David and Dudek, Gregory},
  journal={arXiv preprint arXiv:2205.09251},
  year={2022}
}

@inproceedings{karnan2022adversarial,
  title={Adversarial imitation learning from video using a state observer},
  author={Karnan, Haresh and Torabi, Faraz and Warnell, Garrett and Stone, Peter},
  booktitle={2022 International Conference on Robotics and Automation (ICRA)},
  pages={2452--2458},
  year={2022},
  organization={IEEE}
}

@inproceedings{li2023mahalo,
  title={Mahalo: Unifying offline reinforcement learning and imitation learning from observations},
  author={Li, Anqi and Boots, Byron and Cheng, Ching-An},
  booktitle={International Conference on Machine Learning},
  pages={19360--19384},
  year={2023},
  organization={PMLR}
}

@inproceedings{yin2022cross,
  title={Cross domain robot imitation with invariant representation},
  author={Yin, Zhao-Heng and Sun, Lingfeng and Ma, Hengbo and Tomizuka, Masayoshi and Li, Wu-Jun},
  booktitle={2022 International Conference on Robotics and Automation (ICRA)},
  pages={455--461},
  year={2022},
  organization={IEEE}
}

@inproceedings{xu2022discriminator,
  title={Discriminator-weighted offline imitation learning from suboptimal demonstrations},
  author={Xu, Haoran and Zhan, Xianyuan and Yin, Honglei and Qin, Huiling},
  booktitle={International Conference on Machine Learning},
  pages={24725--24742},
  year={2022},
  organization={PMLR}
}

@inproceedings{florence2022implicit,
  title={Implicit behavioral cloning},
  author={Florence, Pete and Lynch, Corey and Zeng, Andy and Ramirez, Oscar A and Wahid, Ayzaan and Downs, Laura and Wong, Adrian and Lee, Johnny and Mordatch, Igor and Tompson, Jonathan},
  booktitle={Conference on Robot Learning},
  pages={158--168},
  year={2022},
  organization={PMLR}
}

@inproceedings{kelly2019hg,
  title={Hg-dagger: Interactive imitation learning with human experts},
  author={Kelly, Michael and Sidrane, Chelsea and Driggs-Campbell, Katherine and Kochenderfer, Mykel J},
  booktitle={2019 International Conference on Robotics and Automation (ICRA)},
  pages={8077--8083},
  year={2019},
  organization={IEEE}
}

@article{fu2017learning,
  title={Learning robust rewards with adversarial inverse reinforcement learning},
  author={Fu, Justin and Luo, Katie and Levine, Sergey},
  journal={arXiv preprint arXiv:1710.11248},
  year={2017}
}

@article{peng2018variational,
  title={Variational discriminator bottleneck: Improving imitation learning, inverse rl, and gans by constraining information flow},
  author={Peng, Xue Bin and Kanazawa, Angjoo and Toyer, Sam and Abbeel, Pieter and Levine, Sergey},
  journal={arXiv preprint arXiv:1810.00821},
  year={2018}
}

@inproceedings{kim2022demodice,
  title={Demodice: Offline imitation learning with supplementary imperfect demonstrations},
  author={Kim, Geon-Hyeong and Seo, Seokin and Lee, Jongmin and Jeon, Wonseok and Hwang, HyeongJoo and Yang, Hongseok and Kim, Kee-Eung},
  booktitle={International Conference on Learning Representations},
  year={2022}
}

@article{xu2015empirical,
  title={Empirical evaluation of rectified activations in convolutional network},
  author={Xu, Bing},
  journal={arXiv preprint arXiv:1505.00853},
  year={2015}
}

@article{mehta2025stable,
  title={Stable-bc: Controlling covariate shift with stable behavior cloning},
  author={Mehta, Shaunak A and Ciftci, Yusuf Umut and Ramachandran, Balamurugan and Bansal, Somil and Losey, Dylan P},
  journal={IEEE Robotics and Automation Letters},
  year={2025},
  publisher={IEEE}
}

@article{watson2024coherent,
  title={Coherent soft imitation learning},
  author={Watson, Joe and Huang, Sandy and Heess, Nicolas},
  journal={Advances in Neural Information Processing Systems},
  volume={36},
  year={2024}
}
@article{li2024imitation,
  title={Imitation learning from imperfection: Theoretical justifications and algorithms},
  author={Li, Ziniu and Xu, Tian and Qin, Zeyu and Yu, Yang and Luo, Zhi-Quan},
  journal={Advances in Neural Information Processing Systems},
  volume={36},
  year={2024}
}
@inproceedings{zhang2023discriminator,
  title={Discriminator-guided model-based offline imitation learning},
  author={Zhang, Wenjia and Xu, Haoran and Niu, Haoyi and Cheng, Peng and Li, Ming and Zhang, Heming and Zhou, Guyue and Zhan, Xianyuan},
  booktitle={Conference on Robot Learning},
  pages={1266--1276},
  year={2023},
  organization={PMLR}
}
@inproceedings{ma2022versatile,
  title={Versatile offline imitation from observations and examples via regularized state-occupancy matching},
  author={Ma, Yecheng and Shen, Andrew and Jayaraman, Dinesh and Bastani, Osbert},
  booktitle={International Conference on Machine Learning},
  pages={14639--14663},
  year={2022},
  organization={PMLR}
}

@inproceedings{zhu2023viola,
  title={Viola: Imitation learning for vision-based manipulation with object proposal priors},
  author={Zhu, Yifeng and Joshi, Abhishek and Stone, Peter and Zhu, Yuke},
  booktitle={Conference on Robot Learning},
  pages={1199--1210},
  year={2023},
  organization={PMLR}
}
@inproceedings{mandlekar2023human,
  title={Human-in-the-loop task and motion planning for imitation learning},
  author={Mandlekar, Ajay and Garrett, Caelan Reed and Xu, Danfei and Fox, Dieter},
  booktitle={Conference on Robot Learning},
  pages={3030--3060},
  year={2023},
  organization={PMLR}
}

@article{zhu2020off,
  title={Off-policy imitation learning from observations},
  author={Zhu, Zhuangdi and Lin, Kaixiang and Dai, Bo and Zhou, Jiayu},
  journal={Advances in neural information processing systems},
  volume={33},
  pages={12402--12413},
  year={2020}
}

@inproceedings{freund2023coupled,
  title={A coupled flow approach to imitation learning},
  author={Freund, Gideon Joseph and Sarafian, Elad and Kraus, Sarit},
  booktitle={International Conference on Machine Learning},
  pages={10357--10372},
  year={2023},
  organization={PMLR}
}
@inproceedings{hoque2023fleet,
  title={Fleet-dagger: Interactive robot fleet learning with scalable human supervision},
  author={Hoque, Ryan and Chen, Lawrence Yunliang and Sharma, Satvik and Dharmarajan, Karthik and Thananjeyan, Brijen and Abbeel, Pieter and Goldberg, Ken},
  booktitle={Conference on Robot Learning},
  pages={368--380},
  year={2023},
  organization={PMLR}
}
@inproceedings{sasaki2020behavioral,
  title={Behavioral cloning from noisy demonstrations},
  author={Sasaki, Fumihiro and Yamashina, Ryota},
  booktitle={International Conference on Learning Representations},
  year={2020}
}

@article{shafiullah2022behavior,
  title={Behavior transformers: Cloning $ k $ modes with one stone},
  author={Shafiullah, Nur Muhammad and Cui, Zichen and Altanzaya, Ariuntuya Arty and Pinto, Lerrel},
  journal={Advances in neural information processing systems},
  volume={35},
  pages={22955--22968},
  year={2022}
}

@inproceedings{das2021model,
  title={Model-based inverse reinforcement learning from visual demonstrations},
  author={Das, Neha and Bechtle, Sarah and Davchev, Todor and Jayaraman, Dinesh and Rai, Akshara and Meier, Franziska},
  booktitle={Conference on Robot Learning},
  pages={1930--1942},
  year={2021},
  organization={PMLR}
}
@inproceedings{ghasemipour2020divergence,
  title={A divergence minimization perspective on imitation learning methods},
  author={Ghasemipour, Seyed Kamyar Seyed and Zemel, Richard and Gu, Shixiang},
  booktitle={Conference on robot learning},
  pages={1259--1277},
  year={2020},
  organization={PMLR}
}

@article{lee2019efficient,
  title={Efficient exploration via state marginal matching},
  author={Lee, Lisa and Eysenbach, Benjamin and Parisotto, Emilio and Xing, Eric and Levine, Sergey and Salakhutdinov, Ruslan},
  journal={arXiv preprint arXiv:1906.05274},
  year={2019}
}

@inproceedings{reddysqil,
  title={SQIL: Imitation Learning via Reinforcement Learning with Sparse Rewards},
  author={Reddy, Siddharth and Dragan, Anca D and Levine, Sergey},
  booktitle={International Conference on Learning Representations}
}
@inproceedings{wang2022adversarially,
  title={Adversarially robust imitation learning},
  author={Wang, Jianren and Zhuang, Ziwen and Wang, Yuyang and Zhao, Hang},
  booktitle={Conference on Robot Learning},
  pages={320--331},
  year={2022},
  organization={PMLR}
}

@article{sun2023offline,
  title={Offline imitation learning with variational counterfactual reasoning},
  author={Sun, Zexu and He, Bowei and Liu, Jinxin and Chen, Xu and Ma, Chen and Zhang, Shuai},
  journal={Advances in Neural Information Processing Systems},
  volume={36},
  year={2023}
}

@inproceedings{xu2022a,
    title={A Policy-Guided Imitation Approach for Offline Reinforcement Learning},
    author={Haoran Xu and Li Jiang and Jianxiong Li and Xianyuan Zhan},
    booktitle={Advances in Neural Information Processing Systems},
    editor={Alice H. Oh and Alekh Agarwal and Danielle Belgrave and Kyunghyun Cho},
    year={2022},
    url={https://openreview.net/forum?id=CKbqDtZnSc}
}

@inproceedings{desgarat2020,
 author = {Desai, Siddharth and Durugkar, Ishan and Karnan, Haresh and Warnell, Garrett and Hanna, Josiah and Stone, Peter},
 booktitle = {Advances in Neural Information Processing Systems},
 editor = {H. Larochelle and M. Ranzato and R. Hadsell and M.F. Balcan and H. Lin},
 pages = {3917--3929},
 publisher = {Curran Associates, Inc.},
 title = {An Imitation from Observation Approach to Transfer Learning with Dynamics Mismatch},
 volume = {33},
 year = {2020}
}

@article{hong2023beyond,
  title={Beyond uniform sampling: Offline reinforcement learning with imbalanced datasets},
  author={Hong, Zhang-Wei and Kumar, Aviral and Karnik, Sathwik and Bhandwaldar, Abhishek and Srivastava, Akash and Pajarinen, Joni and Laroche, Romain and Gupta, Abhishek and Agrawal, Pulkit},
  journal={Advances in Neural Information Processing Systems},
  volume={36},
  pages={4985--5009},
  year={2023}
}
@article{yan2023offline,
  title={Offline Imitation from Observation via Primal Wasserstein State Occupancy Matching},
  author={Yan, Kai and Schwing, Alexander G and Wang, Yu-Xiong},
  journal={arXiv preprint arXiv:2311.01331},
  year={2023}
}

@inproceedings{xie2024decomposing,
  title={Decomposing the generalization gap in imitation learning for visual robotic manipulation},
  author={Xie, Annie and Lee, Lisa and Xiao, Ted and Finn, Chelsea},
  booktitle={2024 IEEE International Conference on Robotics and Automation (ICRA)},
  pages={3153--3160},
  year={2024},
  organization={IEEE}
}
@inproceedings{belkhale2023hydra,
  title={Hydra: Hybrid robot actions for imitation learning},
  author={Belkhale, Suneel and Cui, Yuchen and Sadigh, Dorsa},
  booktitle={Conference on Robot Learning},
  pages={2113--2133},
  year={2023},
  organization={PMLR}
}
@article{li2017infogail,
  title={Infogail: Interpretable imitation learning from visual demonstrations},
  author={Li, Yunzhu and Song, Jiaming and Ermon, Stefano},
  journal={Advances in neural information processing systems},
  volume={30},
  year={2017}
}

@misc{belghazi2021mine,
      title={MINE: Mutual Information Neural Estimation}, 
      author={Mohamed Ishmael Belghazi and Aristide Baratin and Sai Rajeswar and Sherjil Ozair and Yoshua Bengio and Aaron Courville and R Devon Hjelm},
      year={2021},
      eprint={1801.04062},
}

@misc{schulman2017trpo,
      title={Trust Region Policy Optimization}, 
      author={John Schulman and Sergey Levine and Philipp Moritz and Michael I. Jordan and Pieter Abbeel},
      year={2017},
      eprint={1502.05477}
}