@PREAMBLE{
 "\providecommand{\noopsort}[1]{}" 
 # "\providecommand{\singleletter}[1]{#1}%" 
}

@article{curve,
author = {Vaucher, Alain C. and Reiher, Markus},
title = "{Minimum Energy Paths and Transition States by Curve Optimization}",
journal = {Journal of Chemical Theory and Computation},
volume = {14},
number = {6},
pages = {3091-3099},
year = {2018},
doi = {10.1021/acs.jctc.8b00169},
    note ={PMID: 29648812},
URL = { 
        https://doi.org/10.1021/acs.jctc.8b00169
},
eprint = {     
        https://doi.org/10.1021/acs.jctc.8b00169
}
}

@INPROCEEDINGS{neb,
       author = {{J{\'o}nsson}, Hannes and {Mills}, Greg and {Jacobsen}, Karsten W.},
        title = "{Nudged elastic band method for finding minimum energy paths of transitions}",
    booktitle = {Classical and Quantum Dynamics in Condensed Phase Simulations},
         year = 1998,
       editor = {{Berne}, Bruce J. and {Ciccotti}, Giovanni and {Coker}, David F.},
        month = jun,
        pages = {385-404},
          doi = {10.1142/9789812839664_0016},
       adsurl = {https://ui.adsabs.harvard.edu/abs/1998cqdc.conf..385J},
      adsnote = {Provided by the SAO/NASA Astrophysics Data System}
}

@article{cl-neb,
    author = {Henkelman, Graeme and Uberuaga, Blas P. and Jónsson, Hannes},
    title = "{A climbing image nudged elastic band method for finding saddle points and minimum energy paths}",
    journal = {The Journal of Chemical Physics},
    volume = {113},
    number = {22},
    pages = {9901-9904},
    year = {2000},
    month = {12},
    issn = {0021-9606},
    doi = {10.1063/1.1329672},
    url = {https://doi.org/10.1063/1.1329672},
    eprint = {https://pubs.aip.org/aip/jcp/article-pdf/113/22/9901/19259681/9901\_1\_online.pdf},
}

@article{gsm,
    author = {Peters, Baron and Heyden, Andreas and Bell, Alexis T. and Chakraborty, Arup},
    title = "{A growing string method for determining transition states: Comparison to the nudged elastic band and string methods}",
    journal = {The Journal of Chemical Physics},
    volume = {120},
    number = {17},
    pages = {7877-7886},
    year = {2004},
    month = {05},
    issn = {0021-9606},
    doi = {10.1063/1.1691018},
    url = {https://doi.org/10.1063/1.1691018},
    eprint = {https://pubs.aip.org/aip/jcp/article-pdf/120/17/7877/19133160/7877\_1\_online.pdf},
}

@article{ase,
doi = {10.1088/1361-648X/aa680e},
url = {https://dx.doi.org/10.1088/1361-648X/aa680e},
year = {2017},
month = {jun},
publisher = {IOP Publishing},
volume = {29},
number = {27},
pages = {273002},
author = {Hjorth Larsen, Ask and Jørgen Mortensen, Jens and Blomqvist, Jakob and Castelli, Ivano E and Christensen, Rune and Dułak, Marcin and Friis, Jesper and Groves, Michael N and Hammer, Bjørk and Hargus, Cory and Hermes, Eric D and Jennings, Paul C and Bjerre Jensen, Peter and Kermode, James and Kitchin, John R and Leonhard Kolsbjerg, Esben and Kubal, Joseph and Kaasbjerg, Kristen and Lysgaard, Steen and Bergmann Maronsson, Jón and Maxson, Tristan and Olsen, Thomas and Pastewka, Lars and Peterson, Andrew and Rostgaard, Carsten and Schiøtz, Jakob and Schütt, Ole and Strange, Mikkel and Thygesen, Kristian S and Vegge, Tejs and Vilhelmsen, Lasse and Walter, Michael and Zeng, Zhenhua and Jacobsen, Karsten W},
title = "{The atomic simulation environment—a Python library for working with atoms}",
journal = {Journal of Physics: Condensed Matter},
}

@article{fire,
  title = "{Structural Relaxation Made Simple}",
  author = {Bitzek, Erik and Koskinen, Pekka and G\"ahler, Franz and Moseler, Michael and Gumbsch, Peter},
  journal = {Phys. Rev. Lett.},
  volume = {97},
  issue = {17},
  pages = {170201},
  numpages = {4},
  year = {2006},
  month = {Oct},
  publisher = {American Physical Society},
  doi = {10.1103/PhysRevLett.97.170201},
  url = {https://link.aps.org/doi/10.1103/PhysRevLett.97.170201}
}

@inproceedings{adam,
  author={Diederik P. Kingma and Jimmy Ba},
  title="{Adam: A Method for Stochastic Optimization}",
  year={2015},
  cdate={1420070400000},
  booktitle={ICLR (Poster)}
}

@article{leps,
    author = {Kuntz, P. J. and Nemeth, E. M. and Polanyi, J. C. and Rosner, S. D. and Young, C. E.},
    title = "{Energy Distribution Among Products of Exothermic Reactions. II. Repulsive, Mixed, and Attractive Energy Release}",
    journal = {The Journal of Chemical Physics},
    volume = {44},
    number = {3},
    pages = {1168-1184},
    year = {1966},
    month = {02},
    issn = {0021-9606},
    doi = {10.1063/1.1726803},
    url = {https://doi.org/10.1063/1.1726803},
    eprint = {https://pubs.aip.org/aip/jcp/article-pdf/44/3/1168/18841927/1168\_1\_online.pdf},
}

@article{ssm,
    author = {Granot, Rebecca and Baer, Roi},
    title = "{A spline for your saddle}",
    journal = {The Journal of Chemical Physics},
    volume = {128},
    number = {18},
    pages = {184111},
    year = {2008},
    month = {05},
    issn = {0021-9606},
    doi = {10.1063/1.2916716},
    url = {https://doi.org/10.1063/1.2916716},
    eprint = {https://pubs.aip.org/aip/jcp/article-pdf/doi/10.1063/1.2916716/15412962/184111\_1\_online.pdf},
}

@article{mb,
  title="{Location of saddle points and minimum energy paths by a constrained simplex optimization procedure}",
  author={M{\"u}ller, Klaus and Brown, Leo D},
  journal={Theoretica chimica acta},
  volume={53},
  pages={75--93},
  year={1979},
  publisher={Springer}
}

@article{lbfgs,
author = {Liu, Dong C. and Nocedal, Jorge},
title = "{On the limited memory BFGS method for large scale optimization}",
year = {1989},
issue_date = {August    1989},
publisher = {Springer-Verlag},
address = {Berlin, Heidelberg},
volume = {45},
number = {1–3},
issn = {0025-5610},
journal = {Mathematical Programming},
month = aug,
pages = {503–528},
numpages = {26},
}

@article{sella,
author = {Hermes, Eric D. and Sargsyan, Khachik and Najm, Habib N. and Zádor, Judit},
title = "{Sella, an Open-Source Automation-Friendly Molecular Saddle Point Optimizer}",
journal = {Journal of Chemical Theory and Computation},
volume = {18},
number = {11},
pages = {6974-6988},
year = {2022},
doi = {10.1021/acs.jctc.2c00395},
    note ={PMID: 36257023},
URL = { 
        https://doi.org/10.1021/acs.jctc.2c00395
},
eprint = { 
        https://doi.org/10.1021/acs.jctc.2c00395
}
}

@inproceedings{mace,
 author = {Batatia, Ilyes and Kovacs, David P and Simm, Gregor and Ortner, Christoph and Csanyi, Gabor},
 booktitle = {Advances in Neural Information Processing Systems},
 editor = {S. Koyejo and S. Mohamed and A. Agarwal and D. Belgrave and K. Cho and A. Oh},
 pages = {11423--11436},
 publisher = {Curran Associates, Inc.},
 title = "{MACE: Higher Order Equivariant Message Passing Neural Networks for Fast and Accurate Force Fields}",
 url = {https://proceedings.neurips.cc/paper_files/paper/2022/file/4a36c3c51af11ed9f34615b81edb5bbc-Paper-Conference.pdf},
 volume = {35},
 year = {2022}
}

@article{mace_mp,
      title="{A foundation model for atomistic materials chemistry}",
      author={Ilyes Batatia and Philipp Benner and Yuan Chiang and Alin M. Elena and Dávid P. Kovács and Janosh Riebesell and Xavier R. Advincula and Mark Asta and William J. Baldwin and Noam Bernstein and Arghya Bhowmik and Samuel M. Blau and Vlad Cărare and James P. Darby and Sandip De and Flaviano Della Pia and Volker L. Deringer and Rokas Elijošius and Zakariya El-Machachi and Edvin Fako and Andrea C. Ferrari and Annalena Genreith-Schriever and Janine George and Rhys E. A. Goodall and Clare P. Grey and Shuang Han and Will Handley and Hendrik H. Heenen and Kersti Hermansson and Christian Holm and Jad Jaafar and Stephan Hofmann and Konstantin S. Jakob and Hyunwook Jung and Venkat Kapil and Aaron D. Kaplan and Nima Karimitari and Namu Kroupa and Jolla Kullgren and Matthew C. Kuner and Domantas Kuryla and Guoda Liepuoniute and Johannes T. Margraf and Ioan-Bogdan Magdău and Angelos Michaelides and J. Harry Moore and Aakash A. Naik and Samuel P. Niblett and Sam Walton Norwood and Niamh O'Neill and Christoph Ortner and Kristin A. Persson and Karsten Reuter and Andrew S. Rosen and Lars L. Schaaf and Christoph Schran and Eric Sivonxay and Tamás K. Stenczel and Viktor Svahn and Christopher Sutton and Cas van der Oord and Eszter Varga-Umbrich and Tejs Vegge and Martin Vondrák and Yangshuai Wang and William C. Witt and Fabian Zills and Gábor Csányi},
      year={2023},
      eprint={2401.00096},
      archivePrefix={arXiv},
      primaryClass={physics.chem-ph}
}

@misc{mace_off,
      title="{MACE-OFF: Transferable Short Range Machine Learning Force Fields for Organic Molecules}", 
      author={Dávid Péter Kovács and J. Harry Moore and Nicholas J. Browning and Ilyes Batatia and Joshua T. Horton and Yixuan Pu and Venkat Kapil and William C. Witt and Ioan-Bogdan Magdău and Daniel J. Cole and Gábor Csányi},
      year={2025},
      eprint={2312.15211},
      archivePrefix={arXiv},
      primaryClass={physics.chem-ph},
      url={https://arxiv.org/abs/2312.15211}, 
}

@article{idpp,
    author = {Smidstrup, Søren and Pedersen, Andreas and Stokbro, Kurt and Jónsson, Hannes},
    title = "{Improved initial guess for minimum energy path calculations}",
    journal = {The Journal of Chemical Physics},
    volume = {140},
    number = {21},
    pages = {214106},
    year = {2014},
    month = {06},
    issn = {0021-9606},
    doi = {10.1063/1.4878664},
    url = {https://doi.org/10.1063/1.4878664},
    eprint = {https://pubs.aip.org/aip/jcp/article-pdf/doi/10.1063/1.4878664/15478105/214106\_1\_online.pdf},
}

@article{nh3_o3,
title = "{Ammonia synthesis over a Ru(0001) surface studied by density functional calculations}",
journal = {Journal of Catalysis},
volume = {220},
number = {2},
pages = {273-279},
year = {2003},
issn = {0021-9517},
doi = {https://doi.org/10.1016/S0021-9517(03)00156-8},
url = {https://www.sciencedirect.com/science/article/pii/S0021951703001568},
author = {A. Logadottir and J.K. N{\o}rskov},
}

@article{nh3_science,
author = {K. Honkala  and A. Hellman  and I. N. Remediakis  and A. Logadottir  and A. Carlsson  and S. Dahl  and C. H. Christensen  and J. K. N{\o}rskov },
title = "{Ammonia Synthesis from First-Principles Calculations}",
journal = {Science},
volume = {307},
number = {5709},
pages = {555-558},
year = {2005},
doi = {10.1126/science.1106435},
URL = {https://www.science.org/doi/abs/10.1126/science.1106435},
eprint = {https://www.science.org/doi/pdf/10.1126/science.1106435},
}

@article{qe,
    author = {Giannozzi, Paolo and Baseggio, Oscar and Bonfà, Pietro and Brunato, Davide and Car, Roberto and Carnimeo, Ivan and Cavazzoni, Carlo and de Gironcoli, Stefano and Delugas, Pietro and Ferrari Ruffino, Fabrizio and Ferretti, Andrea and Marzari, Nicola and Timrov, Iurii and Urru, Andrea and Baroni, Stefano},
    title = "{Quantum ESPRESSO toward the exascale}",
    journal = {The Journal of Chemical Physics},
    volume = {152},
    number = {15},
    pages = {154105},
    year = {2020},
    month = {04},
    issn = {0021-9606},
    doi = {10.1063/5.0005082},
    url = {https://doi.org/10.1063/5.0005082},
    eprint = {https://pubs.aip.org/aip/jcp/article-pdf/doi/10.1063/5.0005082/16721881/154105\_1\_online.pdf},
}

@article{mp,
  title="{Materials Cloud, a platform for open computational science}",
  author={Talirz, Leopold and Kumbhar, Snehal and Passaro, Elsa and Yakutovich, Aliaksandr V and Granata, Valeria and Gargiulo, Fernando and Borelli, Marco and Uhrin, Martin and Huber, Sebastiaan P and Zoupanos, Spyros and others},
  journal={Scientific data},
  volume={7},
  number={1},
  pages={299},
  year={2020},
  publisher={Nature Publishing Group UK London}
}

@article{swa,
  title="{Averaging weights leads to wider optima and better generalization}",
  author={Izmailov, Pavel and Podoprikhin, Dmitrii and Garipov, Timur and Vetrov, Dmitry and Wilson, Andrew Gordon},
  journal={arXiv preprint arXiv:1803.05407},
  year={2018}
}

@article{dang,
author = {Shanshan Dang  and Bin Qin  and Yong Yang  and Hui Wang  and Jun Cai  and Yong Han  and Shenggang Li  and Peng Gao  and Yuhan Sun },
title = "{Rationally designed indium oxide catalysts for CO2 hydrogenation to methanol with high activity and selectivity}",
journal = {Science Advances},
volume = {6},
number = {25},
pages = {eaaz2060},
year = {2020},
doi = {10.1126/sciadv.aaz2060},
URL = {https://www.science.org/doi/abs/10.1126/sciadv.aaz2060},
eprint = {https://www.science.org/doi/pdf/10.1126/sciadv.aaz2060},
}

@article{lars,
  title="{Accurate energy barriers for catalytic reaction pathways: an automatic training protocol for machine learning force fields}",
  author={Schaaf, Lars L and Fako, Edvin and De, Sandip and Sch{\"a}fer, Ansgar and Cs{\'a}nyi, G{\'a}bor},
  journal={npj Computational Materials},
  volume={9},
  number={1},
  pages={180},
  year={2023},
  publisher={Nature Publishing Group UK London}
}

@article{ics,
    author = {Baker, Jon and Kessi, Alain and Delley, Bernard},
    title = "{The generation and use of delocalized internal coordinates in geometry optimization}",
    journal = {The Journal of Chemical Physics},
    volume = {105},
    number = {1},
    pages = {192-212},
    year = {1996},
    month = {07},
    issn = {0021-9606},
    doi = {10.1063/1.471864},
    url = {https://doi.org/10.1063/1.471864},
    eprint = {https://pubs.aip.org/aip/jcp/article-pdf/105/1/192/19076673/192\_1\_online.pdf},
}

@article{precon,
    author = {Makri, Stela and Ortner, Christoph and Kermode, James R.},
    title = "{A preconditioning scheme for minimum energy path finding methods}",
    journal = {The Journal of Chemical Physics},
    volume = {150},
    number = {9},
    pages = {094109},
    year = {2019},
    month = {03},
    issn = {0021-9606},
    doi = {10.1063/1.5064465},
    url = {https://doi.org/10.1063/1.5064465},
    eprint = {https://pubs.aip.org/aip/jcp/article-pdf/doi/10.1063/1.5064465/15554437/094109\_1\_online.pdf},
}

@inproceedings{egnn,
  title="{E(n) Equivariant Graph Neural Networks}",
  author={Satorras, V{\i}ctor Garcia and Hoogeboom, Emiel and Welling, Max},
  booktitle={International conference on machine learning},
  pages={9323--9332},
  year={2021},
  organization={PMLR}
}

@article{string,
  title = "{String method for the study of rare events}",
  author = {E, Weinan and Ren, Weiqing and Vanden-Eijnden, Eric},
  journal = {Phys. Rev. B},
  volume = {66},
  issue = {5},
  pages = {052301},
  numpages = {4},
  year = {2002},
  month = {Aug},
  publisher = {American Physical Society},
  doi = {10.1103/PhysRevB.66.052301},
  url = {https://link.aps.org/doi/10.1103/PhysRevB.66.052301}
}

@article{improved_string,
    author = {E, Weinan and Ren, Weiqing and Vanden-Eijnden, Eric},
    title = "{Simplified and improved string method for computing the minimum energy paths in barrier-crossing events}",
    journal = {The Journal of Chemical Physics},
    volume = {126},
    number = {16},
    pages = {164103},
    year = {2007},
    month = {04},
    issn = {0021-9606},
    doi = {10.1063/1.2720838},
    url = {https://doi.org/10.1063/1.2720838},
    eprint = {https://pubs.aip.org/aip/jcp/article-pdf/doi/10.1063/1.2720838/14107230/164103\_1\_online.pdf},
}

@article{gmam,
    author = {Vanden-Eijnden, Eric and Heymann, Matthias},
    title = "{The geometric minimum action method for computing minimum energy paths}",
    journal = {The Journal of Chemical Physics},
    volume = {128},
    number = {6},
    pages = {061103},
    year = {2008},
    month = {02},
    issn = {0021-9606},
    doi = {10.1063/1.2833040},
    url = {https://doi.org/10.1063/1.2833040},
    eprint = {https://pubs.aip.org/aip/jcp/article-pdf/doi/10.1063/1.2833040/13625043/061103\_1\_online.pdf},
}

@article{vrpo,
author = {Koda, Shin-ichi and Saito, Shinji},
title = "{Locating Transition States by Variational Reaction Path Optimization with an Energy-Derivative-Free Objective Function}",
journal = {Journal of Chemical Theory and Computation},
volume = {20},
number = {7},
pages = {2798-2811},
year = {2024},
doi = {10.1021/acs.jctc.3c01246},
note ={PMID: 38513192},
URL = {https://doi.org/10.1021/acs.jctc.3c01246},
eprint = {https://doi.org/10.1021/acs.jctc.3c01246}
}

@inproceedings{doob,
 author = {Du, Yuanqi and Plainer, Michael and Brekelmans, Rob and Duan, Chenru and Noe, Frank and Gomes, Carla P and Aspuru-Guzik, Alan and Neklyudov, Kirill},
 booktitle = {Advances in Neural Information Processing Systems},
 editor = {A. Globerson and L. Mackey and D. Belgrave and A. Fan and U. Paquet and J. Tomczak and C. Zhang},
 pages = {65791--65822},
 publisher = {Curran Associates, Inc.},
 title = "{Doob\textquotesingle s Lagrangian: A Sample-Efficient Variational Approach to Transition Path Sampling}",
 url = {https://proceedings.neurips.cc/paper_files/paper/2024/file/78fa1d5646bc285940281cfc1386efae-Paper-Conference.pdf},
 volume = {37},
 year = {2024}
}

@article{eyring,
    author = {Eyring, Henry},
    title = "{The Activated Complex in Chemical Reactions}",
    journal = {The Journal of Chemical Physics},
    volume = {3},
    number = {2},
    pages = {107-115},
    year = {1935},
    month = {02},
    issn = {0021-9606},
    doi = {10.1063/1.1749604},
    url = {https://doi.org/10.1063/1.1749604},
    eprint = {https://pubs.aip.org/aip/jcp/article-pdf/3/2/107/18788362/107\_1\_online.pdf},
}

@book{wales, 
place={Cambridge}, 
series={Cambridge Molecular Science}, 
title="{Energy Landscapes: Applications to Clusters, Biomolecules and Glasses}", 
publisher={Cambridge University Press}, 
author={Wales, David}, 
year={2004}, 
collection={Cambridge Molecular Science}
}

@article{irc,
author = {Fukui, Kenichi},
title = "{The path of chemical reactions - the IRC approach}",
journal = {Accounts of Chemical Research},
volume = {14},
number = {12},
pages = {363-368},
year = {1981},
doi = {10.1021/ar00072a001},
URL = {https://doi.org/10.1021/ar00072a001},
eprint = {https://doi.org/10.1021/ar00072a001}
}

@article{evans,
  title="{Some applications of the transition state method to the calculation of reaction velocities, especially in solution}",
  author={Evans, Merdith G and Polanyi, Michael},
  journal={Transactions of the Faraday Society},
  volume={31},
  pages={875--894},
  year={1935},
  publisher={Royal Society of Chemistry}
}

@book{jensen,
author = {Jensen, Frank},
title = "{Introduction to Computational Chemistry}",
year = {2006},
isbn = {0470011874},
publisher = {John Wiley \& Sons, Inc.},
address = {Hoboken, NJ, USA}
}

@article{enzyme,
title = "{Theoretical studies of enzymic reactions: Dielectric, electrostatic and steric stabilization of the carbonium ion in the reaction of lysozyme}",
journal = {Journal of Molecular Biology},
volume = {103},
number = {2},
pages = {227-249},
year = {1976},
issn = {0022-2836},
doi = {https://doi.org/10.1016/0022-2836(76)90311-9},
url = {https://www.sciencedirect.com/science/article/pii/0022283676903119},
author = {A. Warshel and M. Levitt},
}

@article{solid,
  title="{Towards the computational design of solid catalysts}",
  author={N{\o}rskov, Jens Kehlet and Bligaard, Thomas and Rossmeisl, Jan and Christensen, Claus Hviid},
  journal={Nature chemistry},
  volume={1},
  number={1},
  pages={37--46},
  year={2009},
  publisher={Nature Publishing Group UK London}
}

@article{electronic,
title = "{Electronic factors determining the reactivity of metal surfaces}",
journal = {Surface Science},
volume = {343},
number = {3},
pages = {211-220},
year = {1995},
issn = {0039-6028},
doi = {https://doi.org/10.1016/0039-6028(96)80007-0},
url = {https://www.sciencedirect.com/science/article/pii/0039602896800070},
author = {B. Hammer and J.K. Nørskov},
keywords = {Alloys, Chemisorption, Copper, Density functional calculations, Hydrogen, Models of surface chemical reactions, Platinum, Surface chemical reaction},
}

@article{dft_surface,
author = {Jens K. Nørskov  and Frank Abild-Pedersen  and Felix Studt  and Thomas Bligaard },
title = "{Density functional theory in surface chemistry and catalysis}",
journal = {Proceedings of the National Academy of Sciences},
volume = {108},
number = {3},
pages = {937-943},
year = {2011},
doi = {10.1073/pnas.1006652108},
URL = {https://www.pnas.org/doi/abs/10.1073/pnas.1006652108},
eprint = {https://www.pnas.org/doi/pdf/10.1073/pnas.1006652108},
abstract = {Recent advances in the understanding of reactivity trends for chemistry at transition-metal surfaces have enabled in silico design of heterogeneous catalysts in a few cases. The current status of the field is discussed with an emphasis on the role of coupling theory and experiment and future challenges.}}

@article{ge_si,
title = "{Global transition path search for dislocation formation in Ge on Si(001)}",
journal = {Computer Physics Communications},
volume = {205},
pages = {13-21},
year = {2016},
issn = {0010-4655},
doi = {https://doi.org/10.1016/j.cpc.2016.04.001},
url = {https://www.sciencedirect.com/science/article/pii/S0010465516300893},
author = {E. Maras and O. Trushin and A. Stukowski and T. Ala-Nissila and H. Jónsson},
}

@article{imptan,
    author = {Henkelman, Graeme and Jónsson, Hannes},
    title = "{Improved tangent estimate in the nudged elastic band method for finding minimum energy paths and saddle points}",
    journal = {The Journal of Chemical Physics},
    volume = {113},
    number = {22},
    pages = {9978-9985},
    year = {2000},
    month = {12},
    issn = {0021-9606},
    doi = {10.1063/1.1323224},
    url = {https://doi.org/10.1063/1.1323224},
    eprint = {https://pubs.aip.org/aip/jcp/article-pdf/113/22/9978/19260728/9978\_1\_online.pdf},
}

@article{dneb,
    author = {Trygubenko, Semen A. and Wales, David J.},
    title = "{A doubly nudged elastic band method for finding transition states}",
    journal = {The Journal of Chemical Physics},
    volume = {120},
    number = {5},
    pages = {2082-2094},
    year = {2004},
    month = {02},
    issn = {0021-9606},
    doi = {10.1063/1.1636455},
    url = {https://doi.org/10.1063/1.1636455},
    eprint = {https://pubs.aip.org/aip/jcp/article-pdf/120/5/2082/19087461/2082\_1\_online.pdf},
}

@article{neb_paths,
author = {Sheppard, Daniel and Henkelman, Graeme},
title = "{Paths to which the nudged elastic band converges}",
journal = {Journal of Computational Chemistry},
volume = {32},
number = {8},
pages = {1769-1771},
keywords = {nudged elastic band, steepest descent paths, gradient extremal path, minimum energy path, saddle points},
doi = {https://doi.org/10.1002/jcc.21748},
url = {https://onlinelibrary.wiley.com/doi/abs/10.1002/jcc.21748},
eprint = {https://onlinelibrary.wiley.com/doi/pdf/10.1002/jcc.21748},
year = {2011}
}

@article{nerf,
  title="{NeRF: Representing Scenes as Neural Radiance Fields for View Synthesis}",
  author={Mildenhall, Ben and Srinivasan, Pratul P and Tancik, Matthew and Barron, Jonathan T and Ramamoorthi, Ravi and Ng, Ren},
  journal={Communications of the ACM},
  volume={65},
  number={1},
  pages={99--106},
  year={2021},
  publisher={ACM New York, NY, USA}
}

@article{siren,
  title="{Implicit Neural Representations with Periodic Activation Functions}",
  author={Sitzmann, Vincent and Martel, Julien and Bergman, Alexander and Lindell, David and Wetzstein, Gordon},
  journal={Advances in neural information processing systems},
  volume={33},
  pages={7462--7473},
  year={2020}
}

@inproceedings{deepsdf,
  title={DeepSDF: Learning Continuous Signed Distance Functions for Shape Representation},
  author={Park, Jeong Joon and Florence, Peter and Straub, Julian and Newcombe, Richard and Lovegrove, Steven},
  booktitle={Proceedings of the IEEE/CVF conference on computer vision and pattern recognition},
  pages={165--174},
  year={2019}
}

@inproceedings{occupancy,
  title="{Occupancy Networks: Learning 3D Reconstruction in Function Space}",
  author={Mescheder, Lars and Oechsle, Michael and Niemeyer, Michael and Nowozin, Sebastian and Geiger, Andreas},
  booktitle={Proceedings of the IEEE/CVF conference on computer vision and pattern recognition},
  pages={4460--4470},
  year={2019}
}

@article{autodiff,
  author  = {Atilim Gunes Baydin and Barak A. Pearlmutter and Alexey Andreyevich Radul and Jeffrey Mark Siskind},
  title   = "{Automatic Differentiation in Machine Learning: a Survey}",
  journal = {Journal of Machine Learning Research},
  year    = {2018},
  volume  = {18},
  number  = {153},
  pages   = {1--43},
  url     = {http://jmlr.org/papers/v18/17-468.html}
}

@inbook{pytorch,
author = {Paszke, Adam and Gross, Sam and Massa, Francisco and Lerer, Adam and Bradbury, James and Chanan, Gregory and Killeen, Trevor and Lin, Zeming and Gimelshein, Natalia and Antiga, Luca and Desmaison, Alban and K\"{o}pf, Andreas and Yang, Edward and DeVito, Zach and Raison, Martin and Tejani, Alykhan and Chilamkurthy, Sasank and Steiner, Benoit and Fang, Lu and Bai, Junjie and Chintala, Soumith},
title = "{PyTorch: An Imperative Style, High-Performance Deep Learning Library}",
year = {2019},
publisher = {Curran Associates Inc.},
address = {Red Hook, NY, USA},
booktitle = {Proceedings of the 33rd International Conference on Neural Information Processing Systems},
articleno = {721},
numpages = {12}
}

@article{transition1x,
  title="{Transition1x -- a Dataset for Building Generalizable Reactive Machine Learning Potentials}",
  author={Schreiner, Mathias and Bhowmik, Arghya and Vegge, Tejs and Busk, Jonas and Winther, Ole},
  journal={Scientific Data},
  volume={9},
  number={1},
  pages={779},
  year={2022},
  publisher={Nature Publishing Group UK London}
}
