@inproceedings{doob,
 author = {Du, Yuanqi and Plainer, Michael and Brekelmans, Rob and Duan, Chenru and Noe, Frank and Gomes, Carla P and Aspuru-Guzik, Alan and Neklyudov, Kirill},
 booktitle = {Advances in Neural Information Processing Systems},
 editor = {A. Globerson and L. Mackey and D. Belgrave and A. Fan and U. Paquet and J. Tomczak and C. Zhang},
 pages = {65791--65822},
 publisher = {Curran Associates, Inc.},
 title = "{Doob\textquotesingle s Lagrangian: A Sample-Efficient Variational Approach to Transition Path Sampling}",
 url = {https://proceedings.neurips.cc/paper_files/paper/2024/file/78fa1d5646bc285940281cfc1386efae-Paper-Conference.pdf},
 volume = {37},
 year = {2024}
}

@article{gmam,
    author = {Vanden-Eijnden, Eric and Heymann, Matthias},
    title = "{The geometric minimum action method for computing minimum energy paths}",
    journal = {The Journal of Chemical Physics},
    volume = {128},
    number = {6},
    pages = {061103},
    year = {2008},
    month = {02},
    issn = {0021-9606},
    doi = {10.1063/1.2833040},
    url = {https://doi.org/10.1063/1.2833040},
    eprint = {https://pubs.aip.org/aip/jcp/article-pdf/doi/10.1063/1.2833040/13625043/061103\_1\_online.pdf},
}

@article{gsm,
    author = {Peters, Baron and Heyden, Andreas and Bell, Alexis T. and Chakraborty, Arup},
    title = "{A growing string method for determining transition states: Comparison to the nudged elastic band and string methods}",
    journal = {The Journal of Chemical Physics},
    volume = {120},
    number = {17},
    pages = {7877-7886},
    year = {2004},
    month = {05},
    issn = {0021-9606},
    doi = {10.1063/1.1691018},
    url = {https://doi.org/10.1063/1.1691018},
    eprint = {https://pubs.aip.org/aip/jcp/article-pdf/120/17/7877/19133160/7877\_1\_online.pdf},
}

@article{idpp,
    author = {Smidstrup, Søren and Pedersen, Andreas and Stokbro, Kurt and Jónsson, Hannes},
    title = "{Improved initial guess for minimum energy path calculations}",
    journal = {The Journal of Chemical Physics},
    volume = {140},
    number = {21},
    pages = {214106},
    year = {2014},
    month = {06},
    issn = {0021-9606},
    doi = {10.1063/1.4878664},
    url = {https://doi.org/10.1063/1.4878664},
    eprint = {https://pubs.aip.org/aip/jcp/article-pdf/doi/10.1063/1.4878664/15478105/214106\_1\_online.pdf},
}

@article{improved_string,
    author = {E, Weinan and Ren, Weiqing and Vanden-Eijnden, Eric},
    title = "{Simplified and improved string method for computing the minimum energy paths in barrier-crossing events}",
    journal = {The Journal of Chemical Physics},
    volume = {126},
    number = {16},
    pages = {164103},
    year = {2007},
    month = {04},
    issn = {0021-9606},
    doi = {10.1063/1.2720838},
    url = {https://doi.org/10.1063/1.2720838},
    eprint = {https://pubs.aip.org/aip/jcp/article-pdf/doi/10.1063/1.2720838/14107230/164103\_1\_online.pdf},
}

@article{ssm,
    author = {Granot, Rebecca and Baer, Roi},
    title = "{A spline for your saddle}",
    journal = {The Journal of Chemical Physics},
    volume = {128},
    number = {18},
    pages = {184111},
    year = {2008},
    month = {05},
    issn = {0021-9606},
    doi = {10.1063/1.2916716},
    url = {https://doi.org/10.1063/1.2916716},
    eprint = {https://pubs.aip.org/aip/jcp/article-pdf/doi/10.1063/1.2916716/15412962/184111\_1\_online.pdf},
}

@article{string,
  title = "{String method for the study of rare events}",
  author = {E, Weinan and Ren, Weiqing and Vanden-Eijnden, Eric},
  journal = {Phys. Rev. B},
  volume = {66},
  issue = {5},
  pages = {052301},
  numpages = {4},
  year = {2002},
  month = {Aug},
  publisher = {American Physical Society},
  doi = {10.1103/PhysRevB.66.052301},
  url = {https://link.aps.org/doi/10.1103/PhysRevB.66.052301}
}

@article{vrpo,
author = {Koda, Shin-ichi and Saito, Shinji},
title = "{Locating Transition States by Variational Reaction Path Optimization with an Energy-Derivative-Free Objective Function}",
journal = {Journal of Chemical Theory and Computation},
volume = {20},
number = {7},
pages = {2798-2811},
year = {2024},
doi = {10.1021/acs.jctc.3c01246},
note ={PMID: 38513192},
URL = {https://doi.org/10.1021/acs.jctc.3c01246},
eprint = {https://doi.org/10.1021/acs.jctc.3c01246}
}

