@article{akinrintoyo2023reconfigurable,
  title={{Reconfigurable Topology Testbeds: A New Approach to Optical System Experiments}},
  author={Akinrintoyo, Emmanuel and others},
  journal={Elsevier Optical Fiber Technology},
  volume={76},
  year={2023},
  _publisher={Elsevier}
}

@article{das2019variable,
  title={A variable rate fronthaul scheme for cloud radio access networks},
  author={Das, Sandip and Ruffini, Marco},
  journal={Journal of Lightwave Technology},
  volume={37},
  number={13},
  pages={3153--3165},
  year={2019},
  publisher={IEEE}
}

@inproceedings{grammel2018physical,
  title={{Physical Simulation Environment of the Telecommunications Infrastructure Project (TIP)}},
  author={Grammel, Gert and others},
  booktitle={Optical Fiber Communication Conference},
  pages={M1D--3},
  year={2018},
  organization={Optica Publishing Group}
}

@inproceedings{lee2020hosting,
  title={{Hosting AI/ML Workflows on O-RAN RIC Platform}},
  author={Lee, Hoejoo and others},
  booktitle={IEEE Globecom Workshops (GC Wkshps},
  pages={1--6},
  year={2020},
  _organization={IEEE}
}

@article{mata2018artificial,
  title={{Artificial Intelligence (AI) Methods in Optical Networks: A Comprehensive Survey}},
  author={Mata, Javier and others},
  journal={Elsevier Optical switching and networking (OSN)},
  volume={28},
  pages={43--57},
  year={2018},
  _publisher={Elsevier}
}

@inproceedings{morro2018automated,
  title={{Automated End to End Carrier Ethernet Provisioning over a Disaggregated WDM Metro Network with a Hierarchical SDN Control and Monitoring Platform}},
  author={Morro, Roberto and others},
  booktitle={European Conference on Optical Communication},
  pages={1--3},
  year={2018},
  organization={IEEE}
}

@article{nomura2017first,
  title={First demonstration of optical-mobile cooperation interface for mobile fronthaul with TDM-PON},
  author={Nomura, Hiroko and others},
  journal={IEICE Communications Express},
  volume={6},
  number={6},
  pages={375--380},
  year={2017},
  publisher={The Institute of Electronics, Information and Communication Engineers}
}

@article{polese2023understanding,
  title={{Understanding O-RAN: Architecture, interfaces, algorithms, security, and research challenges}},
  author={Polese, Michele and others},
  journal={IEEE Communications Surveys \& Tutorials},
  year={2023},
  _publisher={IEEE}
}

@inproceedings{slyne2024demonstration,
  title={Demonstration of Cooperative Transport Interface using open-source 5G OpenRAN and virtualised PON network},
  author={Slyne, Frank and others},
  booktitle={Optical Fiber Communication Conference},
  year={2024},
  organization={Optica Publishing Group}
}

@article{xavier2023machine,
  title={Machine learning-based early attack detection using open ran intelligent controller},
  author={Xavier, Bruno Missi and others},
  journal={arXiv preprint arXiv:2302.01864},
  year={2023}
}

@article{xavier2024cross,
  title={{Cross-Domain AI for Early Attack Detection and Defense Against Malicious Flows in O-RAN}},
  author={Xavier, Bruno Missi and others},
  journal={arXiv preprint arXiv:2401.09204},
  year={2024}
}

