@article{nomura2017first,
  title={First demonstration of optical-mobile cooperation interface for mobile fronthaul with TDM-PON},
  author={Nomura, Hiroko and others},
  journal={IEICE Communications Express},
  volume={6},
  number={6},
  pages={375--380},
  year={2017},
  publisher={The Institute of Electronics, Information and Communication Engineers}
}

@inproceedings{slyne2024demonstration,
  title={Demonstration of Cooperative Transport Interface using open-source 5G OpenRAN and virtualised PON network},
  author={Slyne, Frank and others},
  booktitle={Optical Fiber Communication Conference},
  year={2024},
  organization={Optica Publishing Group}
}

@article{das2019variable,
  title={A variable rate fronthaul scheme for cloud radio access networks},
  author={Das, Sandip and Ruffini, Marco},
  journal={Journal of Lightwave Technology},
  volume={37},
  number={13},
  pages={3153--3165},
  year={2019},
  publisher={IEEE}
}

@inproceedings{DBLP:conf/icde/JensenP021,
  author       = {S{\o}ren Kejser Jensen and others},
  title        = {{Scalable Model-Based Management of Correlated Dimensional Time Series
                  in ModelarDB\textsubscript{+}}},
  booktitle    = {{IEEE} International Conference on Data Engineering},
  pages        = {1380--1391},
  _publisher    = {{IEEE}},
  year         = {2021},
  doi          = {10.1109/ICDE51399.2021.00123},
  timestamp    = {Thu, 14 Oct 2021 10:29:21 +0200},
}

@article{hoydis2021toward,
  title={{Toward a 6G AI-native Air Interface}},
  author={Hoydis, Jakob and others},
  journal={IEEE Communications Magazine (ComMag)},
  volume={59},
  number={5},
  pages={76--81},
  year={2021},
  _publisher={IEEE}
}

@article{dealmeida2021,
  title={{AI-driven F-RANs: Integrating Decision Making Considering Different Time Granularities}},
  author={DeAlmeida, Jonathan and others},
  journal={IEEE Vehicular Technology Magazine (VTV)},
  volume={16},
  number={3},
  pages={137--148},
  year={2021},
  _publisher={IEEE}
}



@article{polese2023understanding,
  title={{Understanding O-RAN: Architecture, interfaces, algorithms, security, and research challenges}},
  author={Polese, Michele and others},
  journal={IEEE Communications Surveys \& Tutorials},
  year={2023},
  _publisher={IEEE}
}

@inproceedings{lee2021ran,
  title={{O-RAN AI/ML Workflow Implementation of Personalized Network Optimization via Reinforcement Learning}},
  author={Lee, Hoejoo and others},
  booktitle={IEEE Globecom Workshops (GC Wkshps)},
  pages={1--6},
  year={2021},
  _organization={IEEE}
}

@article{giannopoulos2022supporting,
  title={{Supporting Intelligence in Disaggregated Open Radio Access Networks: Architectural Principles, AI/ML Workflow, and Use Cases}},
  author={Giannopoulos, Anastasios and others},
  journal={IEEE Access},
  volume={10},
  pages={39580--39595},
  year={2022},
  _publisher={IEEE}
}

@inproceedings{lee2020hosting,
  title={{Hosting AI/ML Workflows on O-RAN RIC Platform}},
  author={Lee, Hoejoo and others},
  booktitle={IEEE Globecom Workshops (GC Wkshps},
  pages={1--6},
  year={2020},
  _organization={IEEE}
}

@misc{ONAP2022,
  title={Open Network Automation Platform (ONAP)},
  author={Open Networking Foundation},
  url={https://onap.org},
  year={Accessed April 2022}
}

@misc{etsi2020zsm,
  title={{Artificial Intelligence and Future Directions for ETSI}},
  author={ETSI},
  url={https://www.etsi.org/images/les/ETSIWhitePapers/etsi},
  year={2020},
  month=jun
}


@inproceedings{donertasli2022disaggregated,
  title={{Disaggregated Near-RT RIC Control Plane with Unified 5G DB for NS, MEC and NWDAF Integration}},
  author={Donertasli, Hale and Medithe, Madhukiran},
  booktitle={IEEE International Conference on Computer Science and Engineering (UBMK)},
  pages={1--6},
  year={2022},
  _organization={IEEE}
}

@article{baccour2023zero,
  title={{Zero Touch Realization of Pervasive Artificial Intelligence as a Service in 6G Networks}},
  author={Baccour, Emna and others},
  journal={IEEE Communications Magazine (ComMag)},
  volume={61},
  number={2},
  pages={110--116},
  year={2023},
  _publisher={IEEE}
}

@article{akinrintoyo2023reconfigurable,
  title={{Reconfigurable Topology Testbeds: A New Approach to Optical System Experiments}},
  author={Akinrintoyo, Emmanuel and others},
  journal={Elsevier Optical Fiber Technology},
  volume={76},
  year={2023},
  _publisher={Elsevier}
}

@inproceedings{grammel2018physical,
  title={{Physical Simulation Environment of the Telecommunications Infrastructure Project (TIP)}},
  author={Grammel, Gert and others},
  booktitle={Optical Fiber Communication Conference},
  pages={M1D--3},
  year={2018},
  organization={Optica Publishing Group}
}


@article{mata2018artificial,
  title={{Artificial Intelligence (AI) Methods in Optical Networks: A Comprehensive Survey}},
  author={Mata, Javier and others},
  journal={Elsevier Optical switching and networking (OSN)},
  volume={28},
  pages={43--57},
  year={2018},
  _publisher={Elsevier}
}

@inproceedings{morro2018automated,
  title={{Automated End to End Carrier Ethernet Provisioning over a Disaggregated WDM Metro Network with a Hierarchical SDN Control and Monitoring Platform}},
  author={Morro, Roberto and others},
  booktitle={European Conference on Optical Communication},
  pages={1--3},
  year={2018},
  organization={IEEE}
}

@article{filgueiras2023wireless,
  title={{Wireless and Optical Convergent Access Technologies Toward 6G}},
  author={Filgueiras, Hugo Rodrigues Dias and others},
  journal={IEEE Access},
  volume={11},
  pages={9232--9259},
  year={2023},
  _publisher={IEEE}
}


@article{chergui2022toward,
  title={{Toward Zero-touch Management and Orchestration of Massive Deployment of Network slices in 6G}},
  author={Chergui, Hatim and others},
  journal={IEEE Wireless Communications (WCM)},
  volume={29},
  number={1},
  pages={86--93},
  year={2022},
  _publisher={IEEE}
}

@article{xavier2023machine,
  title={Machine learning-based early attack detection using open ran intelligent controller},
  author={Xavier, Bruno Missi and others},
  journal={arXiv preprint arXiv:2302.01864},
  year={2023}
}

@article{xavier2024cross,
  title={{Cross-Domain AI for Early Attack Detection and Defense Against Malicious Flows in O-RAN}},
  author={Xavier, Bruno Missi and others},
  journal={arXiv preprint arXiv:2401.09204},
  year={2024}
}

@article{grasso2022smart,
  title={{Smart Zero-touch Management of UAV-based Edge Network}},
  author={Grasso, Christian and others},
  journal={IEEE Transactions on Network and Service Management},
  volume={19},
  number={4},
  pages={4350--4368},
  year={2022},
  _publisher={IEEE}
}

@article{fu2020ai,
  title={{AI Inspired Intelligent Resource Management in Future Wireless Network}},
  author={Fu, Sibao and others},
  journal={IEEE Access},
  volume={8},
  pages={22425--22433},
  year={2020},
  _publisher={IEEE}
}

@article{slamnik2021collaborative,
  title={{Collaborative Orchestration of Multi-domain Edges from a Connected, Cooperative and Automated Mobility (CCAM) Perspective}},
  author={Slamnik-Krijestorac, Nina and others},
  journal={IEEE Transactions on Mobile Computing (TMC)},
  year={2021},
  _publisher={IEEE}
}

@INPROCEEDINGS{10008643,
  author={Dzaferagic, Merim and others},
  booktitle={IEEE Globecom}, 
  title={{ML Approach for Power Consumption Prediction in Virtualized Base Stations}}, 
  year={2022},
  volume={},
  number={},
  pages={986-991},
  keywords={Training;Power demand;Systems operation;Conferences;Closed box;Artificial neural networks;Predictive models},
  doi={10.1109/GCWkshps56602.2022.10008643}}

@article{letaief2019roadmap,
  title={{The Roadmap 6G: AI Empowered Wireless Networks}},
  author={Letaief, Khaled B and others},
  journal={IEEE Communications Magazine (ComMag)},
  volume={57},
  number={8},
  pages={84--90},
  year={2019},
  _publisher={IEEE}
}

@article{liu2022integrated,
  title={{Integrated Sensing and Communications: Toward Dual-functional Wireless Networks for 6G and Beyond}},
  author={Liu, Fan and others},
  journal={IEEE Journal on Selected Areas in Communications},
  volume={40},
  number={6},
  pages={1728--1767},
  year={2022},
  _publisher={IEEE}
}

@article{peltonen20206g,
  title={{6G White Paper on Edge Intelligence}},
  author={Peltonen, Ella and others},
  journal={arXiv preprint arXiv:2004.14850},
  year={2020}
}}

@inproceedings{moerman2020mandate,
  title={{Mandate-driven Networking Eco-system: A Paradigm Shift in End-to-end Communications}},
  author={Moerman, Ingrid and others},
  booktitle={6G Wireless Summit},
  pages={1--6},
  year={2020},
  organization={IEEE}
}

@inproceedings{liu2017neural,
  title={{Neural Trojans}},
  author={Liu, Yuntao and others},
  booktitle={IEEE International Conference on Computer Design (ICCD)},
  pages={45--48},
  year={2017},
  _organization={IEEE}
}

@inproceedings{choudhury2023remote,
  title={Remote Orchestration of NextG Services Across the Global Internet: An Experimental Study},
  author={Choudhury, Shalini and others},
  booktitle={Proc. IEEE GlobeCom'23 Workshop on FutureG Experimental Test Platforms for Advanced Systems Implementation and Research},
  year={2023}
}

@article{chen2022cosmos,
  title={A Software-Defined Programmable Testbed for Beyond {5G} Optical-Wireless Experimentation at City-Scale},
  author={Chen, Tingjun and others},
  journal={IEEE Network},
  volume={36},
  number={2},
  year={2022},
  publisher={IEEE}
}

@inproceedings{raychaudhuri2020challenge,
  title={Challenge: {COSMOS}: A City-Scale Programmable Testbed for Experimentation with Advanced Wireless},
  author={Raychaudhuri, Dipankar and others},
  booktitle={Proc. ACM MobiCom'20},
  year={2020}
}