@article{bank_autoencoders_2020,
      title={Autoencoders}, 
      author={Dor Bank and Noam Koenigstein and Raja Giryes},
      year={2021},
      eprint={2003.05991},
      archivePrefix={arXiv},
      primaryClass={cs.LG}
}

@article{bengio_representation_2013,
	title = {Representation Learning: A Review and New Perspectives},
	volume = {35},
	shorttitle = {Representation Learning},
	pages = {1798--1828},
	number = {8},
	journal = {{IEEE} Transactions on Pattern Analysis and Machine Intelligence},
	author = {Bengio, Yoshua and Courville, Aaron and Vincent, Pascal},
	date = {2013-08},
 year = {2013},
}

@book{bishop_pattern_2006,
	address = {New York},
	series = {Information science and statistics},
	title = {Pattern recognition and machine learning},
	isbn = {978-0-387-31073-2},
	language = {eng},
	publisher = {Springer},
	author = {Bishop, Christopher M.},
	year = {2006},
	keywords = {Machine learning, Pattern perception, Pattern recognition systems},
}

@inproceedings{carbonera_density-based_2015,
	title = {A Density-Based Approach for Instance Selection},
	conference = {2015 {IEEE} 27th International Conference on Tools with Artificial Intelligence ({ICTAI})},
	pages = {768--774},
	booktitle = {2015 {IEEE} 27th International Conference on Tools with Artificial Intelligence ({ICTAI})},
	author = {Carbonera, Joel Luis and Abel, Mara},
	date = {2015-11},
  year = {2015},

}

@inproceedings{caruana_intelligible_2015,
	title = {Intelligible {Models} for {HealthCare}: {Predicting} {Pneumonia} {Risk} and {Hospital} 30-day {Readmission}},
	shorttitle = {Intelligible {Models} for {HealthCare}},
	booktitle = {Proceedings of the 21th {ACM} {SIGKDD} {International} {Conference} on {Knowledge} {Discovery} and {Data} {Mining}},
	publisher = {Association for Computing Machinery},
	author = {Caruana, Rich and Lou, Yin and Gehrke, Johannes and Koch, Paul and Sturm, Marc and Elhadad, Noemie},
	month = aug,
	year = {2015},
	address = {Sydney},
	pages = {1721--1730},
}

@article{cavalcanti_ranking-based_2020,
	title = {Ranking-based instance selection for pattern classification},
	volume = {150},
	pages = {113269},
	journal = {Expert Systems with Applications},
	shortjournal = {Expert Systems with Applications},
	author = {Cavalcanti, George D. C. and Soares, Rodolfo J. O.},
	date = {2020-07-15},
  year = {2020},
}

@inproceedings{chen_xgboost_2016,
	title = {{XGBoost}: A Scalable Tree Boosting System},
	isbn = {978-1-4503-4232-2},
	series = {{KDD} '16},
	shorttitle = {{XGBoost}},
	pages = {785--794},
	booktitle = {Proceedings of the 22nd {ACM} {SIGKDD} International Conference on Knowledge Discovery and Data Mining},
	publisher = {Association for Computing Machinery},
	author = {Chen, Tianqi and Guestrin, Carlos},
        address ={San Fransisco},
	date = {2016-08-13},
  year = {2016},
}

@misc{chung_learning_2017,
      title={Learning Deep Representations of Medical Images using Siamese CNNs with Application to Content-Based Image Retrieval}, 
      author={Yu-An Chung and Wei-Hung Weng},
      year={2017},
      eprint={1711.08490},
      archivePrefix={arXiv},
      primaryClass={cs.CV}
}

@article{colijn_toward_2017,
	title = {Toward Precision Healthcare: Context and Mathematical Challenges},
	volume = {8},
	shorttitle = {Toward Precision Healthcare},
	journal = {Frontiers in Physiology},
	author = {Colijn, Caroline and Jones, Nick and Johnston, Iain G. and Yaliraki, Sophia and Barahona, Mauricio},
	year = {2017},
}

@inproceedings{elkahky_multi-view_2015,
	location = {Republic and Canton of Geneva, {CHE}},
	title = {A Multi-View Deep Learning Approach for Cross Domain User Modeling in Recommendation Systems},
	pages = {278--288},
	booktitle = {Proceedings of the 24th International Conference on World Wide Web},
	publisher = {International World Wide Web Conferences Steering Committee},
	author = {Elkahky, Ali Mamdouh and Song, Yang and He, Xiaodong},
	address = {New York},
	date = {2015-05-18},
 year = {2015},
}

@article{freund_decision-theoretic_1997,
	title = {A Decision-Theoretic Generalization of On-Line Learning and an Application to Boosting},
	volume = {55},
	pages = {119--139},
	number = {1},
	journal = {Journal of Computer and System Sciences},
	shortjournal = {Journal of Computer and System Sciences},
	author = {Freund, Yoav and Schapire, Robert E},
	date = {1997-08-01},
  year = {1997},
}

@article{friedman_greedy_2001,
	title = {Greedy function approximation: A gradient boosting machine.},
	volume = {29},
	shorttitle = {Greedy function approximation},
	pages = {1189--1232},
	number = {5},
	journal = {The Annals of Statistics},
	author = {Friedman, Jerome H.},
	date = {2001-10},
  year = {2001}
}

@article{gates_reduced_1972,
	title = {The reduced nearest neighbor rule (Corresp.)},
	volume = {18},
	pages = {431--433},
	number = {3},
	journal = {{IEEE} Transactions on Information Theory},
	author = {Gates, G.},
	date = {1972-05},
  year = {1972},

}

@inproceedings{ghadikolaei_learning_2019,
	title = {Learning and Data Selection in Big Datasets},
	conference = {International Conference on Machine Learning},
	pages = {2191--2200},
	booktitle = {Proceedings of the 36th International Conference on Machine Learning},
	publisher = {{PMLR}},
	author = {Ghadikolaei, Hossein Shokri and Ghauch, Hadi and Fischione, Carlo and Skoglund, Mikael},
	date = {2019-05-24},
       address		= {Long Beach},
  year = {2019}
}

@article{hart_condensed_1968,
	title = {The condensed nearest neighbor rule (Corresp.)},
	volume = {14},
	pages = {515--516},
	number = {3},
	journal = {{IEEE} Transactions on Information Theory},
	author = {Hart, P.},
	date = {1968-05},
  year = {1968},
}

@inproceedings{he_neural_2017,
	location = {Republic and Canton of Geneva, {CHE}},
	title = {Neural Collaborative Filtering},
	pages = {173--182},
	booktitle = {Proceedings of the 26th International Conference on World Wide Web},
	publisher = {International World Wide Web Conferences Steering Committee},
	author = {He, Xiangnan and Liao, Lizi and Zhang, Hanwang and Nie, Liqiang and Hu, Xia and Chua, Tat-Seng},
	address = {Geneva},
	date = {2017-04-03},
 year = {2017},
}

@article{lin_simultaneous_2021,
	title = {Simultaneous feature and instance selection in big noisy data using memetic variable neighborhood search},
	volume = {112},
	pages = {107855},
	journal = {Applied Soft Computing},
	shortjournal = {Applied Soft Computing},
	author = {Lin, Chun-Cheng and Kang, Jia-Rong and Liang, Yu-Lin and Kuo, Chih-Chi},
	date = {2021-11-01},
  year = {2021},

}

@incollection{meir_introduction_2003,
	location = {Berlin, Heidelberg},
	title = {An Introduction to Boosting and Leveraging},
	isbn = {978-3-540-36434-4},
	pages = {118--183},
	booktitle = {Advanced Lectures on Machine Learning: Machine Learning Summer School 2002 Canberra, Australia},
	publisher = {Springer},
	author = {Meir, Ron and Rätsch, Gunnar},
	editor = {Mendelson, Shahar and Smola, Alexander J.},
        address = {Canberra},
	year = {2003},
}

@inproceedings{neri_local_2020,
	title = {A Local Search with a Surrogate Assisted Option for Instance Reduction},
	series = {Lecture Notes in Computer Science},
	pages = {578--594},
	booktitle = {Applications of Evolutionary Computation},
	publisher = {Springer International Publishing},
	author = {Neri, Ferrante and Triguero, Isaac},
	year = {2020},
        address ={ }
}

@article{olvera-lopez_review_2010,
	title = {A review of instance selection methods},
	volume = {34},
	pages = {133--143},
	number = {2},
	journal = {Artificial Intelligence Review},
	shortjournal = {Artif Intell Rev},
	author = {Olvera-López, J. Arturo and Carrasco-Ochoa, J. Ariel and Martínez-Trinidad, J. Francisco and Kittler, Josef},
	date = {2010-08-01},
  year = {2010},
}

@article{su_survey_2009,
	title = {A survey of collaborative filtering techniques},
	volume = {2009},
	journal = {Advances in Artificial Intelligence},
 publisher = {Hindawi Limited},
	shortjournal = {Adv. in Artif. Intell.},
	author = {Su, Xiaoyuan and Khoshgoftaar, Taghi M.},
	date = {2009-01-01},
 year = {2009},
}

@article{tschannen_recent_2018,
      title={Recent Advances in Autoencoder-Based Representation Learning}, 
      author={Michael Tschannen and Olivier Bachem and Mario Lucic},
      year={2018},
      eprint={1812.05069},
      archivePrefix={arXiv},
      primaryClass={cs.LG}
}

@INPROCEEDINGS{wan_novel_nodate,
  author={Wan, Huan and Wang, Hui and Scotney, Bryan and Liu, Jun},
  booktitle={2019 IEEE International Conference on Systems, Man and Cybernetics (SMC)}, 
  title={A Novel Gaussian Mixture Model for Classification}, 
  year={2019},
  volume={},
  number={},
  pages={3298-3303},
  keywords={Gaussian mixture model;Data models;Clustering algorithms;Optimized production technology;Support vector machines;Decision theory}}

@article{zhang_deep_2019,
	title = {Deep Learning Based Recommender System: A Survey and New Perspectives},
	volume = {52},
	shorttitle = {Deep Learning Based Recommender System},
	pages = {5:1--5:38},
	number = {1},
	journal = {{ACM} Computing Surveys},
	shortjournal = {{ACM} Comput. Surv.},
	author = {Zhang, Shuai and Yao, Lina and Sun, Aixin and Tay, Yi},
	date = {2019-02-25},
 year = {2019},
	keywords = {deep learning, Recommender system, survey},
	file = {Full Text PDF:/Users/gauravarwade/Zotero/storage/FBUBGB4V/Zhang et al. - 2019 - Deep Learning Based Recommender System A Survey a.pdf:application/pdf},
}

