
@article{sandercock_international_2011,
	title = {The International Stroke Trial database},
	volume = {12},
	pages = {101},
	number = {1},
	journal = {Trials},
	shortjournal = {Trials},
	author = {Sandercock, Peter AG and Niewada, Maciej and Członkowska, Anna and {the International Stroke Trial Collaborative Group}},
	date = {2011-04-21},
 year = {2011},
}

@software{therneau_rpart_2019,
	title = {rpart: Recursive Partitioning and Regression Trees},
	version = {4.1-15},
	author = {Therneau, Terry and Atkinson, Beth and port, Brian Ripley (producer of the initial R. and maintainer 1999-2017)},
	date = {2019-04-12},
  year = {2019},
}

@software{kuhn_caret_2021,
	title = {caret: Classification and Regression Training},
	url = {https://CRAN.R-project.org/package=caret},
	shorttitle = {caret},
	version = {6.0-89},
	author = {Kuhn, Max and Wing, Jed and Weston, Steve and Williams, Andre and Keefer, Chris and Engelhardt, Allan and Cooper, Tony and Mayer, Zachary and Kenkel, Brenton and Team, R. Core and Benesty, Michael and Lescarbeau, Reynald and Ziem, Andrew and Scrucca, Luca and Tang, Yuan and Candan, Can and Hunt, Tyler},
	date = {2021-09-28},
  year = {2021}
}

@software{mouselimis_kernelknn_2021,
	title = {{KernelKnn}: Kernel k Nearest Neighbors},
	url = {https://CRAN.R-project.org/package=KernelKnn},
	shorttitle = {{KernelKnn}},
	version = {1.1.2},
	author = {Mouselimis, Lampros},
	date = {2021-05-04},
  year = {2021},

}

@incollection{james_statistical_2013,
	location = {New York},
	title = {Statistical Learning},
	series = {Springer Texts in Statistics},
	booktitle = {An Introduction to Statistical Learning: with Applications in R},
	publisher = {Springer-Verlag},
	author = {James, Gareth and Witten, Daniela and Hastie, Trevor and Tibshirani, Robert},
	year = {2013}
}

@incollection{han_what_2012,
	location = {Burlington, {MA}},
	edition = {3rd ed},
	title = {What Is Data Mining?},
	booktitle = {Data mining: concepts and techniques},
	publisher = {Elsevier},
	author = {Han, Jiawei and Kamber, Micheline},
	year = {2012},
	keywords = {Data mining},
}

@inproceedings{drucker_boosting_1995,
	title = {Boosting Decision Trees.},
	volume = {8},
	conference = {Advances in Neural Information Processing Systems},
	pages = {479--485},
	booktitle = {Advances in Neural Information Processing Systems},
	author = {Drucker, Harris and Cortes, Corinna},
	date = {1995-01-01},
  year = {1995},
}

@inproceedings{ghadikolaei_learning_2019,
	title = {Learning and Data Selection in Big Datasets},
	conference = {International Conference on Machine Learning},
	pages = {2191--2200},
	booktitle = {Proceedings of the 36th International Conference on Machine Learning},
	publisher = {{PMLR}},
	author = {Ghadikolaei, Hossein Shokri and Ghauch, Hadi and Fischione, Carlo and Skoglund, Mikael},
	date = {2019-05-24},
       address		= {Long Beach},
  year = {2019}
}

@article{friedman_greedy_2001,
	title = {Greedy function approximation: A gradient boosting machine.},
	volume = {29},
	shorttitle = {Greedy function approximation},
	pages = {1189--1232},
	number = {5},
	journal = {The Annals of Statistics},
	author = {Friedman, Jerome H.},
	date = {2001-10},
  year = {2001}
}

@inproceedings{wick_cyclic_2019,
	title = {Cyclic Boosting - An Explainable Supervised Machine Learning Algorithm},
	
	conference = {2019 18th {IEEE} International Conference On Machine Learning And Applications ({ICMLA})},
	pages = {358--363},
	booktitle = {2019 18th {IEEE} International Conference On Machine Learning And Applications ({ICMLA})},
	author = {Wick, Felix and Kerzel, Ulrich and Feindt, Michael},
	date = {2019-12},
  year = {2019},

}


@inproceedings{wan_novel_2019,
	title = {A {Novel} {Gaussian} {Mixture} {Model} for {Classification}},
	conference = {2019 {IEEE} International Conference on Systems, Man and Cybernetics},
	booktitle = {2019 {IEEE} {International} {Conference} on {Systems}, {Man} and {Cybernetics} ({SMC})},
	author = {Wan, Huan and Wang, Hui and Scotney, Bryan and Liu, Jun},
	year = {2019},
	pages = {3298--3303},
}

@article{roscher_explainable_2020,
	title = {Explainable Machine Learning for Scientific Insights and Discoveries},
	volume = {8},
	pages = {42200--42216},
	journal = {{IEEE} Access},
	author = {Roscher, Ribana and Bohn, Bastian and Duarte, Marco F. and Garcke, Jochen},
	year = {2020}
}

@article{myung_importance_2000,
	title = {The Importance of Complexity in Model Selection},
	volume = {44},
	
	pages = {190--204},
	number = {1},
	journal = {Journal of Mathematical Psychology},
	shortjournal = {Journal of Mathematical Psychology},
	author = {Myung, In Jae},
	date = {2000-03-01},
  year = {2000},
}

@collection{breiman_classification_1998,
	location = {Boca Raton, Fla.},
	edition = {1. {CRC} Press repr},
	title = {Classification and regression trees},
	isbn = {978-0-412-04841-8},
	pagetotal = {358},
	publisher = {Chapman \& Hall/{CRC}},
	editor = {Breiman, Leo},
	year = {1998}
}

@article{subramanian_overfitting_2013,
	title = {Overfitting in prediction models – Is it a problem only in high dimensions?},
	volume = {36},
	pages = {636--641},
	number = {2},
	journal = {Contemporary Clinical Trials},
	shortjournal = {Contemporary Clinical Trials},
	author = {Subramanian, Jyothi and Simon, Richard},
	date = {2013-11-01},
  year = {2013}
}

@article{girosi_regularization_1995,
	title = {Regularization Theory and Neural Networks Architectures},
	volume = {7},
	pages = {219--269},
	number = {2},
	journal = {Neural Computation},
	shortjournal = {Neural Computation},
	author = {Girosi, Federico and Jones, Michael and Poggio, Tomaso},
	date = {1995-03-01},
  year = {1995},
}

@article{capo_efficient_2020,
	title = {An efficient K-means clustering algorithm for tall data},
	volume = {34},
	pages = {776--811},
	number = {3},
	journal = {Data Mining and Knowledge Discovery},
	shortjournal = {Data Min Knowl Disc},
	author = {Capó, Marco and Pérez, Aritz and Lozano, Jose A.},
	date = {2020-05-01},
  year = {2020},
}

@inproceedings{na_research_2010,
	title = {Research on k-means Clustering Algorithm: An Improved k-means Clustering Algorithm},
	conference = {2010 Third International Symposium on Intelligent Information Technology and Security Informatics},
	pages = {63--67},
	booktitle = {2010 Third International Symposium on Intelligent Information Technology and Security Informatics},
	author = {Na, Shi and Xumin, Liu and Yong, Guan},
	date = {2010-04},
        year = {2010}
}

@article{franti_how_2019,
	title = {How much can k-means be improved by using better initialization and repeats?},
	volume = {93},
	pages = {95--112},
	journal = {Pattern Recognition},
	shortjournal = {Pattern Recognition},
	author = {Fränti, Pasi and Sieranoja, Sami},
	date = {2019-09-01},
  year = {2019},
}

@inproceedings{neri_local_2020,
	title = {A Local Search with a Surrogate Assisted Option for Instance Reduction},
	series = {Lecture Notes in Computer Science},
	pages = {578--594},
	booktitle = {Applications of Evolutionary Computation},
	publisher = {Springer International Publishing},
	author = {Neri, Ferrante and Triguero, Isaac},
	year = {2020},
        address ={ }
}

@article{hu_distance_2016,
	title = {The distance function effect on k-nearest neighbor classification for medical datasets},
	volume = {5},
	pages = {1304},
	number = {1},
	journal = {{SpringerPlus}},
	shortjournal = {{SpringerPlus}},
	author = {Hu, Li-Yu and Huang, Min-Wei and Ke, Shih-Wen and Tsai, Chih-Fong},
	date = {2016-08-09},
  year = {2016}	
}

@article{cunningham_k-nearest_2021,
	title = {k-Nearest Neighbour Classifiers - A Tutorial},
	volume = {54},
	pages = {128:1--128:25},
	number = {6},
	journal = {{ACM} Computing Surveys},
	shortjournal = {{ACM} Comput. Surv.},
	author = {Cunningham, Pádraig and Delany, Sarah Jane},
	date = {2021-07-13},
  year = {2021},
}

@inproceedings{chen_xgboost_2016,
	title = {{XGBoost}: A Scalable Tree Boosting System},
	isbn = {978-1-4503-4232-2},
	series = {{KDD} '16},
	shorttitle = {{XGBoost}},
	pages = {785--794},
	booktitle = {Proceedings of the 22nd {ACM} {SIGKDD} International Conference on Knowledge Discovery and Data Mining},
	publisher = {Association for Computing Machinery},
	author = {Chen, Tianqi and Guestrin, Carlos},
        address ={San Fransisco},
	date = {2016-08-13},
  year = {2016},
}

@article{freund_decision-theoretic_1997,
	title = {A Decision-Theoretic Generalization of On-Line Learning and an Application to Boosting},
	volume = {55},
	pages = {119--139},
	number = {1},
	journal = {Journal of Computer and System Sciences},
	shortjournal = {Journal of Computer and System Sciences},
	author = {Freund, Yoav and Schapire, Robert E},
	date = {1997-08-01},
  year = {1997},
}

@incollection{meir_introduction_2003,
	location = {Berlin, Heidelberg},
	title = {An Introduction to Boosting and Leveraging},
	isbn = {978-3-540-36434-4},
	pages = {118--183},
	booktitle = {Advanced Lectures on Machine Learning: Machine Learning Summer School 2002 Canberra, Australia},
	publisher = {Springer},
	author = {Meir, Ron and Rätsch, Gunnar},
	editor = {Mendelson, Shahar and Smola, Alexander J.},
        address = {Canberra},
	year = {2003},
}

@article{cavalcanti_ranking-based_2020,
	title = {Ranking-based instance selection for pattern classification},
	volume = {150},
	pages = {113269},
	journal = {Expert Systems with Applications},
	shortjournal = {Expert Systems with Applications},
	author = {Cavalcanti, George D. C. and Soares, Rodolfo J. O.},
	date = {2020-07-15},
  year = {2020},
}

@inproceedings{carbonera_density-based_2015,
	title = {A Density-Based Approach for Instance Selection},
	conference = {2015 {IEEE} 27th International Conference on Tools with Artificial Intelligence ({ICTAI})},
	pages = {768--774},
	booktitle = {2015 {IEEE} 27th International Conference on Tools with Artificial Intelligence ({ICTAI})},
	author = {Carbonera, Joel Luis and Abel, Mara},
	date = {2015-11},
  year = {2015},

}

@inproceedings{carbonera_novel_2016,
	title = {A Novel Density-Based Approach for Instance Selection},
	conference = {2016 {IEEE} 28th International Conference on Tools with Artificial Intelligence ({ICTAI})},
	pages = {549--556},
	booktitle = {2016 {IEEE} 28th International Conference on Tools with Artificial Intelligence ({ICTAI})},
	author = {Carbonera, Joel Luis and Abel, Mara},
	date = {2016-11},
  year = {2016},

}

@article{lin_simultaneous_2021,
	title = {Simultaneous feature and instance selection in big noisy data using memetic variable neighborhood search},
	volume = {112},
	pages = {107855},
	journal = {Applied Soft Computing},
	shortjournal = {Applied Soft Computing},
	author = {Lin, Chun-Cheng and Kang, Jia-Rong and Liang, Yu-Lin and Kuo, Chih-Chi},
	date = {2021-11-01},
  year = {2021},

}

@article{aha_instance-based_1991,
	title = {Instance-based learning algorithms},
	volume = {6},
	pages = {37--66},
	number = {1},
	journal = {Machine Learning},
	shortjournal = {Mach Learn},
	author = {Aha, David W. and Kibler, Dennis and Albert, Marc K.},
	date = {1991-01-01},
  year = {1991},
}

@article{gates_reduced_1972,
	title = {The reduced nearest neighbor rule (Corresp.)},
	volume = {18},
	pages = {431--433},
	number = {3},
	journal = {{IEEE} Transactions on Information Theory},
	author = {Gates, G.},
	date = {1972-05},
  year = {1972},

}

@article{noauthor_experiment_1976,
	title = {An Experiment with the Edited Nearest-Neighbor Rule},
	volume = {{SMC}-6},
	pages = {448--452},
	number = {6},
	journal = {{IEEE} Transactions on Systems, Man, and Cybernetics},
        author = {Tomek, I.},
	date = {1976-06},
  year = {1976},

}

@article{ritter_algorithm_1975,
	title = {An algorithm for a selective nearest neighbor decision rule (Corresp.)},
	volume = {21},
	pages = {665--669},
	number = {6},
	journal = {{IEEE} Transactions on Information Theory},
	author = {Ritter, G. and Woodruff, H. and Lowry, S. and Isenhour, T.},
	date = {1975-11},
  year = {1975},
}

@article{hart_condensed_1968,
	title = {The condensed nearest neighbor rule (Corresp.)},
	volume = {14},
	pages = {515--516},
	number = {3},
	journal = {{IEEE} Transactions on Information Theory},
	author = {Hart, P.},
	date = {1968-05},
  year = {1968},
}

@article{olvera-lopez_review_2010,
	title = {A review of instance selection methods},
	volume = {34},
	pages = {133--143},
	number = {2},
	journal = {Artificial Intelligence Review},
	shortjournal = {Artif Intell Rev},
	author = {Olvera-López, J. Arturo and Carrasco-Ochoa, J. Ariel and Martínez-Trinidad, J. Francisco and Kittler, Josef},
	date = {2010-08-01},
  year = {2010},
}

@misc{chung_learning_2017,
      title={Learning Deep Representations of Medical Images using Siamese CNNs with Application to Content-Based Image Retrieval}, 
      author={Yu-An Chung and Wei-Hung Weng},
      year={2017},
      eprint={1711.08490},
      archivePrefix={arXiv},
      primaryClass={cs.CV}
}

@article{bank_autoencoders_2020,
      title={Autoencoders}, 
      author={Dor Bank and Noam Koenigstein and Raja Giryes},
      year={2021},
      eprint={2003.05991},
      archivePrefix={arXiv},
      primaryClass={cs.LG}
}

@article{tschannen_recent_2018,
      title={Recent Advances in Autoencoder-Based Representation Learning}, 
      author={Michael Tschannen and Olivier Bachem and Mario Lucic},
      year={2018},
      eprint={1812.05069},
      archivePrefix={arXiv},
      primaryClass={cs.LG}
}



@article{colijn_toward_2017,
	title = {Toward Precision Healthcare: Context and Mathematical Challenges},
	volume = {8},
	shorttitle = {Toward Precision Healthcare},
	journal = {Frontiers in Physiology},
	author = {Colijn, Caroline and Jones, Nick and Johnston, Iain G. and Yaliraki, Sophia and Barahona, Mauricio},
	year = {2017},
}

@article{breiman_statistical_2001,
	title = {Statistical Modeling: The Two Cultures},
	volume = {16},
	pages = {199--231},
	number = {3},
	journal = {Statistical Science},
	author = {Breiman, Leo},
	date = {2001-08},
  year = {2001}	
}

@article{ahmad_survey_2019,
	title = {Survey of {State}-of-the-{Art} {Mixed} {Data} {Clustering} {Algorithms}},
	volume = {7},
	journal = {IEEE Access},
	author = {Ahmad, Amir and Khan, Shehroz S.},
	year = {2019},
	pages = {31883--31902},
}



@article{xu_comprehensive_2015,
	title = {A {Comprehensive} {Survey} of {Clustering} {Algorithms}},
	volume = {2},
	doi = {10.1007/s40745-015-0040-1},
	language = {en},
	number = {2},
	journal = {Annals of Data Science},
	author = {Xu, Dongkuan and Tian, Yingjie},
	month = jun,
	year = {2015},
	pages = {165--193},
}

@book{Kaufman_pam_1990,
author = {Kaufman, Leonard and Rousseeuw, Peter},
year = {1990},
month = {01},
pages = {},
title = {Finding Groups in Data: An Introduction To Cluster Analysis},
isbn = {0-471-87876-6},
publisher = {Wiley, New York. ISBN 0-471-87876-6.},
doi = {10.2307/2532178}
}


@misc{noauthor_covid-19_nodate,
   key = {Kaggele},
    author = {Tanmoy Mukherjee},
year = {2020},
  title = {COVID-19 patient pre-condition dataset},
  howpublished = {\url{https://www.kaggle.com/datasets/tanmoyx/covid19-patient-precondition-dataset}}},
  note = {Accessed: 2023-08-15}
}


@book{bishop_pattern_2006,
	address = {New York},
	series = {Information science and statistics},
	title = {Pattern recognition and machine learning},
	isbn = {978-0-387-31073-2},
	language = {eng},
	publisher = {Springer},
	author = {Bishop, Christopher M.},
	year = {2006},
	keywords = {Machine learning, Pattern perception, Pattern recognition systems},
}

@book{goodfellow_deep_2016,
	location = {Cambridge, Massachusetts},
	title = {Deep learning},
	isbn = {978-0-262-03561-3},
	series = {Adaptive computation and machine learning},
	publisher = {The {MIT} Press},
	author = {Goodfellow, Ian},
	editora = {Bengio, Yoshua and Courville, Aaron},
	editoratype = {collaborator},
	year = {2016},
	keywords = {Machine learning},
}

@article{bengio_representation_2013,
	title = {Representation Learning: A Review and New Perspectives},
	volume = {35},
	shorttitle = {Representation Learning},
	pages = {1798--1828},
	number = {8},
	journal = {{IEEE} Transactions on Pattern Analysis and Machine Intelligence},
	author = {Bengio, Yoshua and Courville, Aaron and Vincent, Pascal},
	date = {2013-08},
 year = {2013},
}

@article{su_survey_2009,
	title = {A survey of collaborative filtering techniques},
	volume = {2009},
	journal = {Advances in Artificial Intelligence},
 publisher = {Hindawi Limited},
	shortjournal = {Adv. in Artif. Intell.},
	author = {Su, Xiaoyuan and Khoshgoftaar, Taghi M.},
	date = {2009-01-01},
 year = {2009},
}

@inproceedings{chee_rectree_2001,
	location = {Berlin, Heidelberg},
	title = {{RecTree}: An Efficient Collaborative Filtering Method},
	isbn = {978-3-540-44801-3},
	conference = {Lecture Notes in Computer Science},
	shorttitle = {{RecTree}},
	pages = {141--151},
	booktitle = {Data Warehousing and Knowledge Discovery},
	publisher = {Springer},
	author = {Chee, Sonny Han Seng and Han, Jiawei and Wang, Ke},
	year = {2001},
}

@article{vucetic_collaborative_2005,
	title = {Collaborative Filtering Using a Regression-Based Approach},
	volume = {7},
	pages = {1--22},
	number = {1},
	journal = {Knowledge and Information Systems},
	shortjournal = {Know. Inf. Sys.},
	author = {Vucetic, Slobodan and Obradovic, Zoran},
	date = {2005-01-01},
 year = {2005},
}

@article{kulesa_sampling_2015,
	title = {Sampling distributions and the bootstrap},
	volume = {12},
	rights = {2015 Nature Publishing Group, a division of Macmillan Publishers Limited. All Rights Reserved.},
	pages = {477--478},
	number = {6},
	journal = {Nature Methods},
	author = {Kulesa, Anthony and Krzywinski, Martin and Blainey, Paul and Altman, Naomi},
	date = {2015-06-01},
 year = {2015},
Publisher = {Nature Publishing Group},
}


@inproceedings{he_neural_2017,
	location = {Republic and Canton of Geneva, {CHE}},
	title = {Neural Collaborative Filtering},
	pages = {173--182},
	booktitle = {Proceedings of the 26th International Conference on World Wide Web},
	publisher = {International World Wide Web Conferences Steering Committee},
	author = {He, Xiangnan and Liao, Lizi and Zhang, Hanwang and Nie, Liqiang and Hu, Xia and Chua, Tat-Seng},
	address = {Geneva},
	date = {2017-04-03},
 year = {2017},
}

@inproceedings{elkahky_multi-view_2015,
	location = {Republic and Canton of Geneva, {CHE}},
	title = {A Multi-View Deep Learning Approach for Cross Domain User Modeling in Recommendation Systems},
	pages = {278--288},
	booktitle = {Proceedings of the 24th International Conference on World Wide Web},
	publisher = {International World Wide Web Conferences Steering Committee},
	author = {Elkahky, Ali Mamdouh and Song, Yang and He, Xiaodong},
	address = {New York},
	date = {2015-05-18},
 year = {2015},
}

@article{zhang_deep_2019,
	title = {Deep Learning Based Recommender System: A Survey and New Perspectives},
	volume = {52},
	shorttitle = {Deep Learning Based Recommender System},
	pages = {5:1--5:38},
	number = {1},
	journal = {{ACM} Computing Surveys},
	shortjournal = {{ACM} Comput. Surv.},
	author = {Zhang, Shuai and Yao, Lina and Sun, Aixin and Tay, Yi},
	date = {2019-02-25},
 year = {2019},
	keywords = {deep learning, Recommender system, survey},
	file = {Full Text PDF:/Users/gauravarwade/Zotero/storage/FBUBGB4V/Zhang et al. - 2019 - Deep Learning Based Recommender System A Survey a.pdf:application/pdf},
}

@inproceedings{caruana_intelligible_2015,
	title = {Intelligible {Models} for {HealthCare}: {Predicting} {Pneumonia} {Risk} and {Hospital} 30-day {Readmission}},
	shorttitle = {Intelligible {Models} for {HealthCare}},
	booktitle = {Proceedings of the 21th {ACM} {SIGKDD} {International} {Conference} on {Knowledge} {Discovery} and {Data} {Mining}},
	publisher = {Association for Computing Machinery},
	author = {Caruana, Rich and Lou, Yin and Gehrke, Johannes and Koch, Paul and Sturm, Marc and Elhadad, Noemie},
	month = aug,
	year = {2015},
	address = {Sydney},
	pages = {1721--1730},
}



@misc{noauthor_covid-19_nodate,
	title = {{COVID}-19 patient pre-condition dataset},
	url = {https://www.kaggle.com/datasets/tanmoyx/covid19-patient-precondition-dataset},
	language = {en},
}

@inproceedings{liu_comparing_2007,
	title = {Comparing {Evaluation} {Metrics} for {Sentence} {Boundary} {Detection}},
	volume = {4},
	doi = {10.1109/ICASSP.2007.367194},
	booktitle = {2007 {IEEE} {International} {Conference} on {Acoustics}, {Speech} and {Signal} {Processing} - {ICASSP} '07},
	author = {Liu, Yang and Shriberg, Elizabeth},
	month = apr,
	year = {2007},
	pages = {IV--185--IV--188}
}

@inproceedings{boyd_area_2013,
	address = {Berlin, Heidelberg},
	title = {Area under the {Precision}-{Recall} {Curve}: {Point} {Estimates} and {Confidence} {Intervals}},
	isbn = {978-3-642-40994-3},
	shorttitle = {Area under the {Precision}-{Recall} {Curve}},
	doi = {10.1007/978-3-642-40994-3_29},
	language = {en},
	booktitle = {Machine {Learning} and {Knowledge} {Discovery} in {Databases}},
	publisher = {Springer},
	author = {Boyd, Kendrick and Eng, Kevin H. and Page, C. David},
	editor = {Blockeel, Hendrik and Kersting, Kristian and Nijssen, Siegfried and Železný, Filip},
	year = {2013},
	keywords = {Average Precision, Bias Ratio, Markov Logic Network, Receiver Operating Character, Roswell Park Cancer Institute},
	pages = {451--466}
}

@article{djaharuddin_comorbidities_2021,
	title = {Comorbidities and mortality in {COVID}-19 patients},
	volume = {35},
	doi = {10.1016/j.gaceta.2021.10.085},
	journal = {Gaceta Sanitaria},
	author = {Djaharuddin, Irawaty and Munawwarah, Sitti and Nurulita, Asvin and Ilyas, Muh and Tabri, Nur Ahmad and Lihawa, Nurjannah},
	year = {2021},
	pages = {S530--S532}
}

@article{fedeli_copd-related_2023,
	title = {{COPD}-{Related} {Mortality} before and after {Mass} {COVID}-19 {Vaccination} in {Northern} {Italy}},
	volume = {11},
	doi = {10.3390/vaccines11081392},
	number = {8},
	journal = {Vaccines},
	author = {Fedeli, Ugo and Casotto, Veronica and Barbiellini Amidei, Claudio and Vianello, Andrea and Guarnieri, Gabriella},
	month = aug,
	year = {2023},
	pages = {1392}
}

@article{varikasuvu_diabetes_2021,   
	title = {Diabetes and {COVID}-19: {A} pooled analysis related to disease severity and mortality},
	volume = {15},
        author = {Varikasuvu, Seshadri Reddy and  Dutt, Naveen and Thangappazham, Balachandar and Varshney, Saurabh},
	shorttitle = {Diabetes and {COVID}-19},
	doi = {10.1016/j.pcd.2020.08.015},
	month = feb,
	year = {2021},
	pages = {24--27}
}


@inproceedings{fernandes_proactive_2015,
	address = {Cham},
	title = {A {Proactive} {Intelligent} {Decision} {Support} {System} for {Predicting} the {Popularity} of {Online} {News}},
	isbn = {978-3-319-23485-4},
	language = {en},
	booktitle = {Progress in {Artificial} {Intelligence}},
	publisher = {Springer International Publishing},
	author = {Fernandes, Kelwin and Vinagre, Pedro and Cortez, Paulo},
	editor = {Pereira, Francisco and Machado, Penousal and Costa, Ernesto and Cardoso, Amílcar},
	year = {2015},
	pages = {535--546},
}

@misc{paulo_cortez_wine_2009,
	title = {Wine {Quality}},
        author       = {Paulo Cortez and A. Cerdeira and F. Almeida and T. Matos and J. Reis},
	doi = {10.24432/C56S3T},
	urldate = {2025-01-27},
	publisher = {UCI Machine Learning Repository},
	year = {2009},
}



@misc{ibm_telco_customer_churn,
  author       = {IBM},
  title        = {Telco Customer Churn},
  year         = {2018},
  howpublished = {IBM Sample Data Sets},
  note         = {\url{https://www.kaggle.com/datasets/blastchar/telco-customer-churn}}
}

@misc{teejmahal20_airline_satisfaction_2021,
  author       = {Tj  Klein},
  title        = {Airline Passenger Satisfaction},
  year         = {2021},
  howpublished = {Kaggle},
  note         = {\url{https://www.kaggle.com/datasets/teejmahal20/airline-passenger-satisfaction}}
}


@article{palechor_dataset_2019,
	title = {Dataset for estimation of obesity levels based on eating habits and physical condition in individuals from {Colombia}, {Peru} and {Mexico}},
	volume = {25},
	issn = {2352-3409},
	journal = {Data in Brief},
	author = {Palechor, Fabio Mendoza and Manotas, Alexis de la Hoz},
	month = aug,
	year = {2019},
	keywords = {Data mining, Obesity, SMOTE, Weka},
	pages = {104344}
}

@inproceedings{martins_early_2021,
	address = {Cham},
	title = {Early {Prediction} of student’s {Performance} in {Higher} {Education}: {A} {Case} {Study}},
	isbn = {978-3-030-72657-7},
	shorttitle = {Early {Prediction} of student’s {Performance} in {Higher} {Education}},
	language = {en},
	booktitle = {Trends and {Applications} in {Information} {Systems} and {Technologies}},
	publisher = {Springer International Publishing},
	author = {Martins, Monica V. and Tolledo, Daniel and Machado, Jorge and Baptista, Luis M. T. and Realinho, Valentim},
	editor = {Rocha, Alvaro and Adeli, Hojjat and Dzemyda, Gintautas and Moreira, Fernando and Ramalho Correia, Ana Maria},
	year = {2021},
	pages = {166--175},
}

@misc{fehrman_five_2017,
	title = {The {Five} {Factor} {Model} of personality and evaluation of drug consumption risk},
	doi = {10.48550/arXiv.1506.06297},
	urldate = {2025-01-28},
	publisher = {arXiv},
	author = {Fehrman, E. and Muhammad, A. K. and Mirkes, E. M. and Egan, V. and Gorban, A. N.},
	month = jan,
	year = {2017}
}

@article{abdelhamid_phishing_2014,
	title = {Phishing detection based {Associative} {Classification} data mining},
	volume = {41},
	issn = {0957-4174},
	number = {13},
	urldate = {2025-01-28},
	journal = {Expert Systems with Applications},
	author = {Abdelhamid, Neda and Ayesh, Aladdin and Thabtah, Fadi},
	month = oct,
	year = {2014},
	keywords = {Classification, Data mining, Forged websites, Internet security, Phishing},
	pages = {5948--5959},
}


@article{hammer_trial_1996,
	title = {A {Trial} {Comparing} {Nucleoside} {Monotherapy} with {Combination} {Therapy} in {HIV}-{Infected} {Adults} with {CD4} {Cell} {Counts} from 200 to 500 per {Cubic} {Millimeter}},
	volume = {335},
	issn = {0028-4793},
	number = {15},
	urldate = {2025-01-29},
	journal = {New England Journal of Medicine},
	author = {Hammer, Scott M. and Katzenstein, David A. and Hughes, Michael D. and Gundacker, Holly and Schooley, Robert T. and Haubrich, Richard H. and Henry, W. Keith and Lederman, Michael M. and Phair, John P. and Niu, Manette and Hirsch, Martin S. and Merigan, Thomas C.},
	month = oct,
	year = {1996},
	pages = {1081--1090}
}

@article{detrano_international_1989,
	title = {International application of a new probability algorithm for the diagnosis of coronary artery disease},
	volume = {64},
	issn = {00029149},
	language = {en},
	number = {5},
	urldate = {2025-01-29},
	journal = {The American Journal of Cardiology},
	author = {Detrano, Robert and Janosi, Andras and Steinbrunn, Walter and Pfisterer, Matthias and Schmid, Johann-Jakob and Sandhu, Sarbjit and Guppy, Kern H. and Lee, Stella and Froelicher, Victor},
	year = {1989},
	pages = {304--310},
}



@misc{olave_manuel_application_2000,
  author       = {Rajkovic Vladislav},
  title        = {{Nursery}},
  year         = {1989},
  howpublished = {UCI Machine Learning Repository},
  note         = {{DOI}: https://doi.org/10.24432/C5P88W}
}

@article{yeh_comparisons_2009,
	title = {The comparisons of data mining techniques for the predictive accuracy of probability of default of credit card clients},
	volume = {36},
	issn = {0957-4174},
	number = {2, Part 1},
	urldate = {2025-01-29},
	journal = {Expert Systems with Applications},
	author = {Yeh, I-Cheng and Lien, Che-hui},
	month = mar,
	year = {2009},
	keywords = {Banking, Data mining, Neural network, Probability},
	pages = {2473--2480},
}

@misc{mlbench_R,
  author       = {Friedrich Leisch and Evgenia Dimitriadou},
  title        = {mlbench: Machine Learning Benchmark Problems},
  year         = {2021},
  howpublished = {R package version 2.1-3},
  note         = {\url{https://CRAN.R-project.org/package=mlbench}}
}

@misc{nizri_covid19_2020,
  author       = {Meir Nizri},
  title        = {COVID-19 Dataset},
  year         = {2020},
  howpublished = {Kaggle},
  note         = {\url{https://www.kaggle.com/datasets/meirnizri/covid19-dataset}}
}

@INPROCEEDINGS{wan_novel_nodate,
  author={Wan, Huan and Wang, Hui and Scotney, Bryan and Liu, Jun},
  booktitle={2019 IEEE International Conference on Systems, Man and Cybernetics (SMC)}, 
  title={A Novel Gaussian Mixture Model for Classification}, 
  year={2019},
  volume={},
  number={},
  pages={3298-3303},
  keywords={Gaussian mixture model;Data models;Clustering algorithms;Optimized production technology;Support vector machines;Decision theory}}

@article{johnson_precision_2021,
	title = {Precision {Medicine}, {AI}, and the {Future} of {Personalized} {Health} {Care}},
	volume = {14},
	copyright = {© 2020 The Authors. Clinical and Translational Science published by Wiley Periodicals LLC on behalf of the American Society for Clinical Pharmacology and Therapeutics.},
	issn = {1752-8062},
	language = {en},
	number = {1},
	urldate = {2025-02-01},
	journal = {Clinical and Translational Science},
	author = {Johnson, Kevin B. and Wei, Wei-Qi and Weeraratne, Dilhan and Frisse, Mark E. and Misulis, Karl and Rhee, Kyu and Zhao, Juan and Snowdon, Jane L.},
	year = {2021},
	pages = {86--93}
}
