@inproceedings{langley00,
	author    = {P. Langley},
	title     = {Crafting Papers on Machine Learning},
	year      = {2000},
	pages     = {1207--1216},
	editor    = {Pat Langley},
	booktitle     = {Proceedings of the 17th International Conference
	on Machine Learning (ICML 2000)},
	address   = {Stanford, CA},
	publisher = {Morgan Kaufmann}
}

@article{cao2024survey,
	title={Survey on large language model-enhanced reinforcement learning: Concept, taxonomy, and methods},
	author={Cao, Yuji and Zhao, Huan and Cheng, Yuheng and Shu, Ting and Chen, Yue and Liu, Guolong and Liang, Gaoqi and Zhao, Junhua and Yan, Jinyue and Li, Yun},
	journal={IEEE Transactions on Neural Networks and Learning Systems},
	year={2024},
	publisher={IEEE}
}


@article{zeng2024learning,
	title={Learning Reward for Robot Skills Using Large Language Models via Self-Alignment},
	author={Zeng, Yuwei and Mu, Yao and Shao, Lin},
	journal={arXiv preprint arXiv:2405.07162},
	year={2024}
}

@article{zare2024survey,
	title={A survey of imitation learning: Algorithms, recent developments, and challenges},
	author={Zare, Maryam and Kebria, Parham M and Khosravi, Abbas and Nahavandi, Saeid},
	journal={IEEE Transactions on Cybernetics},
	year={2024},
	publisher={IEEE}
}

@inproceedings{albilani2022dynamic,
	title={Dynamic Adjustment of Reward Function for Proximal Policy Optimization with Imitation Learning: Application to Automated Parking Systems},
	author={Albilani, Mohamad and Bouzeghoub, Amel},
	booktitle={2022 IEEE Intelligent Vehicles Symposium (IV)},
	pages={1400--1408},
	year={2022},
	organization={IEEE}
}


@article{radosavovic2024real,
	title={Real-world humanoid locomotion with reinforcement learning},
	author={Radosavovic, Ilija and Xiao, Tete and Zhang, Bike and Darrell, Trevor and Malik, Jitendra and Sreenath, Koushil},
	journal={Science Robotics},
	volume={9},
	number={89},
	pages={eadi9579},
	year={2024},
	publisher={American Association for the Advancement of Science}
}

@inproceedings{li2021reinforcement,
	title={Reinforcement learning for robust parameterized locomotion control of bipedal robots},
	author={Li, Zhongyu and Cheng, Xuxin and Peng, Xue Bin and Abbeel, Pieter and Levine, Sergey and Berseth, Glen and Sreenath, Koushil},
	booktitle={2021 IEEE International Conference on Robotics and Automation (ICRA)},
	pages={2811--2817},
	year={2021},
	organization={IEEE}
}

@article{weng2021natural,
	title={Natural walking with musculoskeletal models using deep reinforcement learning},
	author={Weng, Jiacheng and Hashemi, Ehsan and Arami, Arash},
	journal={IEEE Robotics and Automation Letters},
	volume={6},
	number={2},
	pages={4156--4162},
	year={2021},
	publisher={IEEE}
}

@article{naveed2023comprehensive,
	title={A comprehensive overview of large language models},
	author={Naveed, Humza and Khan, Asad Ullah and Qiu, Shi and Saqib, Muhammad and Anwar, Saeed and Usman, Muhammad and Akhtar, Naveed and Barnes, Nick and Mian, Ajmal},
	journal={arXiv preprint arXiv:2307.06435},
	year={2023}
}

@article{qin2023cross,
	title={Cross-lingual prompting: Improving zero-shot chain-of-thought reasoning across languages},
	author={Qin, Libo and Chen, Qiguang and Wei, Fuxuan and Huang, Shijue and Che, Wanxiang},
	journal={arXiv preprint arXiv:2310.14799},
	year={2023}
}

@article{chen2024large,
	title={When large language models meet personalization: Perspectives of challenges and opportunities},
	author={Chen, Jin and Liu, Zheng and Huang, Xu and Wu, Chenwang and Liu, Qi and Jiang, Gangwei and Pu, Yuanhao and Lei, Yuxuan and Chen, Xiaolong and Wang, Xingmei and others},
	journal={World Wide Web},
	volume={27},
	number={4},
	pages={42},
	year={2024},
	publisher={Springer}
}

@article{jiang2024survey,
	title={A Survey on Large Language Models for Code Generation},
	author={Jiang, Juyong and Wang, Fan and Shen, Jiasi and Kim, Sungju and Kim, Sunghun},
	journal={arXiv preprint arXiv:2406.00515},
	year={2024}
}

@article{kepel2024autonomous,
	title={Autonomous Prompt Engineering in Large Language Models},
	author={Kepel, Daan and Valogianni, Konstantina},
	journal={arXiv preprint arXiv:2407.11000},
	year={2024}
}

@article{kim2023language,
	title={Language models can solve computer tasks},
	author={Kim, Geunwoo and Baldi, Pierre and McAleer, Stephen},
	journal={Advances in Neural Information Processing Systems},
	volume={36},
	pages={39648--39677},
	year={2023}
}

@article{han2024autoreward,
	title={Autoreward: Closed-loop reward design with large language models for autonomous driving},
	author={Han, Xu and Yang, Qiannan and Chen, Xianda and Cai, Zhenghan and Chu, Xiaowen and Zhu, Meixin},
	journal={IEEE Transactions on Intelligent Vehicles},
	year={2024},
	publisher={IEEE}
}

@INPROCEEDINGS{mo2022managing,
	author={Mo, Ya-Wen and Ho, ChiKai and King, Chung-Ta},
	booktitle={2022 IEEE International Conference on Mechatronics and Automation (ICMA)}, 
	title={Managing Shaping Complexity in Reinforcement Learning with State Machines - Using Robotic Tasks with Unspecified Repetition as an Example}, 
	year={2022},
	volume={},
	number={},
	pages={544-550}
}

@article{sarukkai2024automated,
	title={Automated Rewards via LLM-Generated Progress Functions},
	author={Sarukkai, Vishnu and Shacklett, Brennan and Majercik, Zander and Bhatia, Kush and R{\'e}, Christopher and Fatahalian, Kayvon},
	journal={arXiv preprint arXiv:2410.09187},
	year={2024}
}

@INPROCEEDINGS{katara2024gen2sim,
	author={Katara, Pushkal and Xian, Zhou and Fragkiadaki, Katerina},
	booktitle={2024 IEEE International Conference on Robotics and Automation (ICRA)}, 
	title={Gen2Sim: Scaling up Robot Learning in Simulation with Generative Models}, 
	year={2024},
	volume={},
	number={},
	pages={6672-6679}
}

@INPROCEEDINGS{li2024auto,
	author={Li, Hao and Yang, Xue and Wang, Zhaokai and Zhu, Xizhou and Zhou, Jie and Qiao, Yu and Wang, Xiaogang and Li, Hongsheng and Lu, Lewei and Dai, Jifeng},
	booktitle={2024 IEEE/CVF Conference on Computer Vision and Pattern Recognition (CVPR)}, 
	title={Auto MC-Reward: Automated Dense Reward Design with Large Language Models for Minecraft}, 
	year={2024},
	volume={},
	number={},
	pages={16426-16435}
	}

@INPROCEEDINGS{beak2024chatpcg,
	author={Baek, In-Chang and Park, Tae-Hwa and Noh, Jin-Ha and Bae, Cheong-Mok and Kim, Kyung-Joong},
	booktitle={2024 IEEE Conference on Games (CoG)}, 
	title={ChatPCG: Large Language Model-Driven Reward Design for Procedural Content Generation}, 
	year={2024},
	volume={},
	number={},
	pages={1-4}
}

@INPROCEEDINGS{tang2024humanmimic,
	author={Tang, Annan and Hiraoka, Takuma and Hiraoka, Naoki and Shi, Fan and Kawaharazuka, Kento and Kojima, Kunio and Okada, Kei and Inaba, Masayuki},
	booktitle={2024 IEEE International Conference on Robotics and Automation (ICRA)}, 
	title={HumanMimic: Learning Natural Locomotion and Transitions for Humanoid Robot via Wasserstein Adversarial Imitation}, 
	year={2024},
	volume={},
	number={},
	pages={13107-13114}
}

@INPROCEEDINGS{pei2024gait,
	author={Pei, Ruoyan and Ma, Pengge and Zhang, Tong and Li, Lan},
	booktitle={2024 4th International Conference on Intelligent Communications and Computing (ICICC)}, 
	title={A Gait Control Method for Bipedal Robots Based on Reward Function Optimization}, 
	year={2024},
	volume={},
	number={},
	pages={176-181}
}

@INPROCEEDINGS{figueroa2024reinforcement,
	author={Figueroa, NÃ­colas and Tafur, Julio and Kheddar, Abderrahmane},
	booktitle={2024 IEEE/SICE International Symposium on System Integration (SII)}, 
	title={Reinforcement Learning-Based Parameter Optimization for Whole-Body Admittance Control with IS-MPC}, 
	year={2024},
	volume={},
	number={},
	pages={1405-1410}
}

@inproceedings{nandula2021neurodynamic,
	title={A Neurodynamic Approach to Stabilization of a 10 DOF Biped Mechanism Using Reinforcement Learning},
	author={Nandula, Aditya Kameswara Rao and Raj, Sudhir and Deb, AK and Kumar, CS},
	booktitle={Mechanism and Machine Science: Select Proceedings of Asian MMS 2018},
	pages={483--496},
	year={2021},
	organization={Springer}
}

@INPROCEEDINGS{tan2024dynamic,
	author={Tan, Jieyuan and Wang, Yiwen},
	booktitle={2024 46th Annual International Conference of the IEEE Engineering in Medicine and Biology Society (EMBC)}, 
	title={Dynamic Inverse Reinforcement Learning for Feedback-driven Reward Estimation in Brain Machine Interface Tasks}, 
	year={2024},
	volume={},
	number={},
	pages={1-4}
}

@INPROCEEDINGS{pattnaik2021multitask,
	author={Pattnaik, Upasana and Lee, Minwoo},
	booktitle={2021 IEEE Symposium Series on Computational Intelligence (SSCI)}, 
	title={Multi-task Transfer with Practice}, 
	year={2021},
	volume={},
	number={},
	pages={1-8}
}

@article{self2022model,
	title={Model-based inverse reinforcement learning for deterministic systems},
	author={Self, Ryan and Abudia, Moad and Mahmud, SM Nahid and Kamalapurkar, Rushikesh},
	journal={Automatica},
	volume={140},
	pages={110242},
	year={2022},
	publisher={Elsevier}
}

@inproceedings{ma2024eureka,
	language = {English},
	copyright = {Compilation and indexing terms, Copyright 2025 Elsevier Inc.},
	copyright = {Compendex},
	title = {EUREKA: HUMAN-LEVEL REWARD DESIGN VIA CODING LARGE LANGUAGE MODELS},
	journal = {12th International Conference on Learning Representations, ICLR 2024},
	author = {Ma, Yecheng Jason and Liang, William and Wang, Guanzhi and Huang, De-An and Bastani, Osbert and Jayaraman, Dinesh and Zhu, Yuke and Fan, Linxi and Anandkumar, Anima},
	year = {2024},
	address = {Hybrid, Vienna, Austria}
} 



@article{makoviychuk2021isaac,
	title={Isaac gym: High performance gpu-based physics simulation for robot learning},
	author={Makoviychuk, Viktor and Wawrzyniak, Lukasz and Guo, Yunrong and Lu, Michelle and Storey, Kier and Macklin, Miles and Hoeller, David and Rudin, Nikita and Allshire, Arthur and Handa, Ankur and others},
	journal={arXiv preprint arXiv:2108.10470},
	year={2021}
}








@inproceedings{singh2009rewards,
	title={Where do rewards come from},
	author={Singh, Satinder and Lewis, Richard L and Barto, Andrew G},
	booktitle={Proceedings of the annual conference of the cognitive science society},
	pages={2601--2606},
	year={2009},
	organization={Cognitive Science Society}
}