@INPROCEEDINGS{beak2024chatpcg,
	author={Baek, In-Chang and Park, Tae-Hwa and Noh, Jin-Ha and Bae, Cheong-Mok and Kim, Kyung-Joong},
	booktitle={2024 IEEE Conference on Games (CoG)}, 
	title={ChatPCG: Large Language Model-Driven Reward Design for Procedural Content Generation}, 
	year={2024},
	volume={},
	number={},
	pages={1-4}
}

@INPROCEEDINGS{figueroa2024reinforcement,
	author={Figueroa, NÃ­colas and Tafur, Julio and Kheddar, Abderrahmane},
	booktitle={2024 IEEE/SICE International Symposium on System Integration (SII)}, 
	title={Reinforcement Learning-Based Parameter Optimization for Whole-Body Admittance Control with IS-MPC}, 
	year={2024},
	volume={},
	number={},
	pages={1405-1410}
}

@INPROCEEDINGS{katara2024gen2sim,
	author={Katara, Pushkal and Xian, Zhou and Fragkiadaki, Katerina},
	booktitle={2024 IEEE International Conference on Robotics and Automation (ICRA)}, 
	title={Gen2Sim: Scaling up Robot Learning in Simulation with Generative Models}, 
	year={2024},
	volume={},
	number={},
	pages={6672-6679}
}

@INPROCEEDINGS{li2024auto,
	author={Li, Hao and Yang, Xue and Wang, Zhaokai and Zhu, Xizhou and Zhou, Jie and Qiao, Yu and Wang, Xiaogang and Li, Hongsheng and Lu, Lewei and Dai, Jifeng},
	booktitle={2024 IEEE/CVF Conference on Computer Vision and Pattern Recognition (CVPR)}, 
	title={Auto MC-Reward: Automated Dense Reward Design with Large Language Models for Minecraft}, 
	year={2024},
	volume={},
	number={},
	pages={16426-16435}
	}

@INPROCEEDINGS{mo2022managing,
	author={Mo, Ya-Wen and Ho, ChiKai and King, Chung-Ta},
	booktitle={2022 IEEE International Conference on Mechatronics and Automation (ICMA)}, 
	title={Managing Shaping Complexity in Reinforcement Learning with State Machines - Using Robotic Tasks with Unspecified Repetition as an Example}, 
	year={2022},
	volume={},
	number={},
	pages={544-550}
}

@inproceedings{nandula2021neurodynamic,
	title={A Neurodynamic Approach to Stabilization of a 10 DOF Biped Mechanism Using Reinforcement Learning},
	author={Nandula, Aditya Kameswara Rao and Raj, Sudhir and Deb, AK and Kumar, CS},
	booktitle={Mechanism and Machine Science: Select Proceedings of Asian MMS 2018},
	pages={483--496},
	year={2021},
	organization={Springer}
}

@INPROCEEDINGS{pattnaik2021multitask,
	author={Pattnaik, Upasana and Lee, Minwoo},
	booktitle={2021 IEEE Symposium Series on Computational Intelligence (SSCI)}, 
	title={Multi-task Transfer with Practice}, 
	year={2021},
	volume={},
	number={},
	pages={1-8}
}

@INPROCEEDINGS{pei2024gait,
	author={Pei, Ruoyan and Ma, Pengge and Zhang, Tong and Li, Lan},
	booktitle={2024 4th International Conference on Intelligent Communications and Computing (ICICC)}, 
	title={A Gait Control Method for Bipedal Robots Based on Reward Function Optimization}, 
	year={2024},
	volume={},
	number={},
	pages={176-181}
}

@article{sarukkai2024automated,
	title={Automated Rewards via LLM-Generated Progress Functions},
	author={Sarukkai, Vishnu and Shacklett, Brennan and Majercik, Zander and Bhatia, Kush and R{\'e}, Christopher and Fatahalian, Kayvon},
	journal={arXiv preprint arXiv:2410.09187},
	year={2024}
}

@article{self2022model,
	title={Model-based inverse reinforcement learning for deterministic systems},
	author={Self, Ryan and Abudia, Moad and Mahmud, SM Nahid and Kamalapurkar, Rushikesh},
	journal={Automatica},
	volume={140},
	pages={110242},
	year={2022},
	publisher={Elsevier}
}

@INPROCEEDINGS{tan2024dynamic,
	author={Tan, Jieyuan and Wang, Yiwen},
	booktitle={2024 46th Annual International Conference of the IEEE Engineering in Medicine and Biology Society (EMBC)}, 
	title={Dynamic Inverse Reinforcement Learning for Feedback-driven Reward Estimation in Brain Machine Interface Tasks}, 
	year={2024},
	volume={},
	number={},
	pages={1-4}
}

@INPROCEEDINGS{tang2024humanmimic,
	author={Tang, Annan and Hiraoka, Takuma and Hiraoka, Naoki and Shi, Fan and Kawaharazuka, Kento and Kojima, Kunio and Okada, Kei and Inaba, Masayuki},
	booktitle={2024 IEEE International Conference on Robotics and Automation (ICRA)}, 
	title={HumanMimic: Learning Natural Locomotion and Transitions for Humanoid Robot via Wasserstein Adversarial Imitation}, 
	year={2024},
	volume={},
	number={},
	pages={13107-13114}
}

