% Journals
@string{tods = "ACM Transactions on Database Systems (TODS)"}

@string{acda = "SIAM Conference on Applied and Computational Discrete Algorithms (ACDA)"}

@string{simax = "SIAM Journal on Matrix Analysis and Applications (SIMAX)"}

@string{sisc = "SIAM Journal on Scientific Computing (SISC)"}

@string{wea = "Workshop on Experimental and Efficient Algorithms (WEA)"}

@string{aaai = "{AAAI Conference on Artificial Intelligence}"}

@string{csur = "{ACM Computing Surveys (CSUR)}"}

@string{dcc = "{IEEE Data Compression Conference (DCC)}"}

@string{toplas = "ACM Transactions on Programming Languages and Systems (TOPLAS)"}

@string{cacm = "Commun. {ACM}"}

@string{acta = "Acta Numerica"}

@string{mfcs = "International Symposium on Mathematical Foundations of Computer Science (MFCS)"}

@string{wads="Workshop on Algorithms and Data Structures (WADS)"}

@string{siamjcs = "{SIAM} J. on Computing"}
@string{cikm="ACM International Conference on Information and Knowledge Management"}

@string{tog= "ACM Transactions on Graphics (TOG)"}

@string{cgo="International Symposium on Code Generation and Optimization (CGO)"}
@string{topc = "{ACM} Transactions on Parallel Computing (TOPC)"}

@string{jacm = "J. {ACM}"}

@string{siamjc = "{SIAM} J. on Computing"}

@string{siamjsc = "{SIAM} J. Scientific Computing"}

@string{ieeetc = "IEEE Trans. on Comput."}

@string{ieeec = "IEEE Computer"}

@string{itpds = "{IEEE} Transactions on Parallel and Distributed Systems"}

@string{ieeemicro = "IEEE Micro"}

@string{jsuper = "The Journal of Supercomputing"}

@string{tcs = "Theoretical Computer Science (TCS)"}

@string{tocs = "Theory of Computing Systems (TOCS)"}

@string{ipl = "Information Processing Letters"}

@string{jpdc = "J. Parallel Distrib. Comput."}

@string{dam = "Discrete Applied Mathematics"}

@string{jalg = "J. Algorithms"}

@string{jea = "J. Experimental Algorithmics"}

@string{jcss = "J. Computer and System Sciences"}

@string{jda = "J. Discrete Algorithms"}

@string{jgap = "J. Graph Algorithms and Applications"}

% Conferences

@string{spaa = "{ACM} Symposium on Parallelism in Algorithms
	and Architectures (SPAA)"}

@string{popl = "{ACM} Symposium on Principles of Programming Languages (POPL)"}

@string{ppopp = "{ACM} Symposium on Principles and
	Practice of Parallel Programming (PPOPP)"}

@string{apocs = "{SIAM} Symposium on Algorithmic Principles of Computer Systems (APOCS)"}

@string{focs = "{IEEE} Symposium on Foundations of Computer Science (FOCS)"}

@string{stoc = "{ACM} Symposium on Theory of Computing (STOC)"}

@string{icfp = "{ACM} International Conference on Functional Programming (ICFP)"}

@string{soda = "{ACM-SIAM} Symposium on Discrete Algorithms (SODA)"}

@string{isca = "{ACM} International Symposium on Computer Architecture (ISCA)"}

@string{sicomp="SIAM Journal on Computing"}

@string{ipdps = "{IEEE} International Parallel and Distributed Processing Symposium (IPDPS)"}

@string{hpdc = "{ACM} International Symposium on High-Performance Parallel and Distributed Computing (HPDC)"}

@string{esa = "European Symposium on Algorithms (ESA)"}

@string{socg = "ACM Symposium on Computational Geometry (SoCG)"}

@string{sea = "International Symposium on Experimental Algorithms (SEA)"}

@string{icalp = "Intl. Colloq. on Automata, Languages and Programming {(ICALP)}"}

@string{ics = "ACM International Conference on Supercomputing (ICS)"}

@string{sigmetrics = "ACM SIGMETRICS Conference on the Measurement and Modeling of Computer Systems (SIGMETRICS)"}

@string{icpp = "International Conference on Parallel Processing (ICPP)"}

@string{dac = "Design Automation Conference (DAC)"}

@string{pldi = "ACM Conference on Programming Language Design and Implementation (PLDI)"}

@string{hpca = "IEEE International Symposium on High Performance Computer Architecture (HPCA)"}

@string{alenex = "Algorithm Engineering and Experiments (ALENEX)"}

@string{hipc = "{IEEE} International Conference on High Performance Computing (HiPC)"}

@string{hpec = "{IEEE} Conference on High Performance Extreme Computing (HPEC)"}

@string{icde = "IEEE International Conference on Data Engineering (ICDE)"}

@string{podc = "{ACM} Symposium on Principles of Distributed Computing (PODC)"}

@string{pact = "ACM International Conference on Parallel Architectures and Compilation Techniques (PACT)"}

@string{science="Science"}

@string{disc = "International Symposium on Distributed Computing (DISC)"}

@string{parle = "International Conference on Parallel Architectures and Languages Europe (PARLE)"}



@string{ipss = "International Parallel Processing Symposium (IPPS)"}

@string{sosp = "{ACM} Symposium on Operating Systems Principles (SOSP)"}

@string{grades = "International Workshop on Graph Data Management Experiences and Systems (GRADES)"}

@string{nsdi = "{USENIX} Symposium on Networked Systems Design and Implementation (NSDI)"}

@string{fast = "{USENIX} Conference on File and Storage Technologies (FAST)"}

@string{asplos = "International Conference on Architectural Support for Programming Languages and Operating Systems (ASPLOS)"}

@string{ccgrid = "{IEEE/ACM} International Symposium on Cluster, Cloud and Grid Computing (CCGrid)"}

@string{europar = "European Conference on Parallel Processing (Euro-Par)"}

@string{vldb = "Proceedings of the VLDB Endowment (PVLDB)"}

@string{pods = "Principles of Database Systems (PODS)"}

@string{isaac = "International Symposium on Algorithms and Computation (ISAAC)"}
international conference on data mining
@string{osdi = "USENIX conference on Operating Systems Design and Implementation (OSDI)"}

@string{icpads = "International Conference on Parallel and Distributed Systems (ICPADS)"}

@string{edbt="ACM International Conference on Extending Database Technology"}
@string{micro = "International Symposium on Microarchitecture (MICRO)"}

@string{oopsla = "Symposium on Object-oriented Programming, Systems, Languages and Applications (OOPSLA)"}

@string{swat = "Scandinavian Workshop on Algorithm Theory (SWAT)"}

@string{sigmod = "ACM SIGMOD International Conference on Management of Data (SIGMOD)"}

@string{icdm = "IEEE International Conference on Data Mining (ICDM)"}

@string{latin = "Latin American Symposium on Theoretical Informatics (LATIN)"}

@string{cpm = "Symposium on Combinatorial Pattern Matching (CPM)"}

@string{nips = "Advances in Neural Information Processing Systems (NIPS)"}

@string{hpg = "High-Performance Graphics (HPG)"}

@string{sc = "International Conference for High Performance Computing, Networking, Storage, and Analysis (SC)"}

@string{infocom = "IEEE Conference on Computer Communications (INFOCOM)"}

@string{cidr = "Conference on Innovative Data Systems Research (CIDR)"}

@string{tkde="IEEE Transactions on Knowledge and Data Engineering"}

@string{ccs="ACM SIGSAC Conference on Computer and Communications Security"}

@string{sdm = "SIAM International Conference on Data Mining (SDM)"}

@string{usenixatc = "USENIX Annual Technical Conference"}

@string{imc="ACM SIGCOMM conference on Internet measurement"}

@string{eurosys = "ACM European Conference on Computer Systems (EuroSys)"}

@string{opodis = "Conf. on Principles of Distributed Systems (OPODIS)"}

@string{sigkdd = "ACM International Conference on Knowledge Discovery and Data Mining (SIGKDD)"}

@string{icml = "International Conference on Machine Learning (ICML)"}

@string{talg = "ACM Transactions on Algorithms (TALG)"}

@string{www = "International World Wide Web Conference (WWW)"}

@string{asonam="IEEE/ACM International Conference on Advances in Social Networks Analysis and Mining"}

@string{im="Internet Mathematics"}

@string{osn="Workshop on Online social networks"}

@string{spe="Software: Practice \& Experience"}

@string{tn="IEEE/ACM Transactions on Networking"}

@string{sma="Physica A: Statistical Mechanics and its Applications"}

@string{siamr="SIAM review"}

@string{ickm="ACM International Conference on Information and Knowledge Management"}

@string{wsdm="ACM International Conference on Web Search and Data Mining"}

@string{ts="Transportation Science"}

@string{zenodo="Zenodo"}