@article{barari2021political,
  title={Political deepfake videos misinform the public, but no more than other fake media},
  author={Barari, Soubhik and Lucas, Christopher and Munger, Kevin and others},
  journal={OSF Preprints},
  volume={13},
  year={2021}
}

@article{baribi2024supersharers,
  title={Supersharers of fake news on Twitter},
  author={Baribi-Bartov, Sahar and Swire-Thompson, Briony and Grinberg, Nir},
  journal={Science},
  volume={384},
  number={6699},
  pages={979--982},
  year={2024},
  publisher={American Association for the Advancement of Science}
}

@article{cao2023comprehensive,
  title={A comprehensive survey of ai-generated content (aigc): A history of generative ai from gan to chatgpt},
  author={Cao, Yihan and Li, Siyu and Liu, Yixin and Yan, Zhiling and Dai, Yutong and Yu, Philip S and Sun, Lichao},
  journal={arXiv preprint arXiv:2303.04226},
  year={2023}
}

@article{chang2024generative,
  title={Generative memesis: AI mediates political information in the 2024 United States Presidential Election},
  author={Chang, Herbert and Shaman, Benjamin and Chen, Yung-Chun and Zha, Mingyue and Noh, Sean and Wei, Chiyu and Weener, Tracy and Magee, Maya},
  journal={Available at SSRN},
  year={2024}
}

@article{cinus2024exposing,
  title={Exposing cross-platform coordinated inauthentic activity in the run-up to the 2024 US Election},
  author={Cinus, Federico and Minici, Marco and Luceri, Luca and Ferrara, Emilio},
  journal={The Web Conference},
  year={2025}
}

@article{deverna2024identifying,
  title={Identifying and characterizing superspreaders of low-credibility content on Twitter},
  author={DeVerna, Matthew R and Aiyappa, Rachith and Pacheco, Diogo and Bryden, John and Menczer, Filippo},
  journal={Plos one},
  volume={19},
  number={5},
  pages={e0302201},
  year={2024},
  publisher={Public Library of Science San Francisco, CA USA}
}

@article{ferrara2024genai,
  title={GenAI against humanity: Nefarious applications of generative artificial intelligence and large language models},
  author={Ferrara, Emilio},
  journal={Journal of Computational Social Science},
  pages={1--21},
  year={2024},
  publisher={Springer}
}

@article{grinberg2019fake,
  title={Fake news on Twitter during the 2016 US presidential election},
  author={Grinberg, Nir and Joseph, Kenneth and Friedland, Lisa and Swire-Thompson, Briony and Lazer, David},
  journal={Science},
  volume={363},
  number={6425},
  pages={374--378},
  year={2019},
  publisher={American Association for the Advancement of Science}
}

@article{guess2018selective,
  title={Selective exposure to misinformation: Evidence from the consumption of fake news during the 2016 US presidential campaign},
  author={Guess, Andrew and Nyhan, Brendan and Reifler, Jason},
  journal={European Research Council},
  volume={9},
  number={3},
  pages={4},
  year={2018}
}

@article{guess2019less,
  title={Less than you think: Prevalence and predictors of fake news dissemination on Facebook},
  author={Guess, Andrew and Nagler, Jonathan and Tucker, Joshua},
  journal={Science advances},
  volume={5},
  number={1},
  pages={eaau4586},
  year={2019},
  publisher={American Association for the Advancement of Science}
}

@article{kirkpatrick1894experimental,
  title={An experimental study of memory.},
  author={Kirkpatrick, Edwin A},
  journal={Psychological Review},
  volume={1},
  number={6},
  pages={602},
  year={1894},
  publisher={Macmillan \& Company}
}

@article{li2020picture,
  title={Is a picture worth a thousand words? An empirical study of image content and social media engagement},
  author={Li, Yiyi and Xie, Ying},
  journal={Journal of marketing research},
  volume={57},
  number={1},
  pages={1--19},
  year={2020},
  publisher={Sage Publications Sage CA: Los Angeles, CA}
}

@article{minici2024uncovering,
  title={Uncovering coordinated cross-platform information operations threatening the integrity of the 2024 US presidential election online discussion},
  author={Minici, Marco and Luceri, Luca and Cinus, Federico and Ferrara, Emilio},
  journal={First Monday},
  year={2024}
}

@inproceedings{nogara2022disinformation,
  title={The disinformation dozen: An exploratory analysis of covid-19 disinformation proliferation on twitter},
  author={Nogara, Gianluca and Vishnuprasad, Padinjaredath Suresh and Cardoso, Felipe and Ayoub, Omran and Giordano, Silvia and Luceri, Luca},
  booktitle={Proceedings of the 14th ACM web science conference 2022},
  pages={348--358},
  year={2022}
}

@article{pei2014searching,
  title={Searching for superspreaders of information in real-world social media},
  author={Pei, Sen and Muchnik, Lev and Andrade, Jr, Jos{\'e} S and Zheng, Zhiming and Makse, Hern{\'a}n A},
  journal={Scientific reports},
  volume={4},
  number={1},
  pages={5547},
  year={2014},
  publisher={Nature Publishing Group UK London}
}

@inproceedings{ricker2024ai,
  title={AI-generated faces in the real world: a large-scale case study of twitter profile images},
  author={Ricker, Jonas and Assenmacher, Dennis and Holz, Thorsten and Fischer, Asja and Quiring, Erwin},
  booktitle={Proceedings of the 27th International Symposium on Research in Attacks, Intrusions and Defenses},
  pages={513--530},
  year={2024}
}

@article{sundar2021seeing,
  title={Seeing is believing: Is video modality more powerful in spreading fake news via online messaging apps?},
  author={Sundar, S Shyam and Molina, Maria D and Cho, Eugene},
  journal={Journal of Computer-Mediated Communication},
  volume={26},
  number={6},
  pages={301--319},
  year={2021},
  publisher={Oxford University Press}
}

@inproceedings{wei2024understanding,
  title={Understanding the Impact of AI-Generated Content on Social Media: The Pixiv Case},
  author={Wei, Yiluo and Tyson, Gareth},
  booktitle={Proceedings of the 32nd ACM International Conference on Multimedia},
  pages={6813--6822},
  year={2024}
}

@article{yang2024characteristics,
  title={Characteristics and prevalence of fake social media profiles with AI-generated faces},
  author={Yang, Kai-Cheng and Singh, Danishjeet and Menczer, Filippo},
  journal={arXiv preprint arXiv:2401.02627},
  year={2024}
}

@article{ye2024auditing,
  title={Auditing political exposure bias: Algorithmic amplification on Twitter/X approaching the 2024 US Presidential Election},
  author={Ye, Jinyi and Luceri, Luca and Ferrara, Emilio},
  journal={arXiv preprint arXiv:2411.01852},
  year={2024}
}

