@article{balasubramanian2024public,
  title={A public dataset tracking social media discourse about the 2024 US Presidential Election on Twitter/X},
  author={Balasubramanian, Ashwin and Zou, Vito and Narayana, Hitesh and You, Christina and Luceri, Luca and Ferrara, Emilio},
  journal={arXiv preprint arXiv:2411.00376},
  year={2024}
}
@article{chang2024generative,
  title={Generative memesis: AI mediates political information in the 2024 United States Presidential Election},
  author={Chang, Herbert and Shaman, Benjamin and Chen, Yung-Chun and Zha, Mingyue and Noh, Sean and Wei, Chiyu and Weener, Tracy and Magee, Maya},
  journal={Available at SSRN},
  year={2024}
}
@inproceedings{epstein2023online,
  title={Online detection of ai-generated images},
  author={Epstein, David C and Jain, Ishan and Wang, Oliver and Zhang, Richard},
  booktitle={Proceedings of the IEEE/CVF International Conference on Computer Vision},
  pages={382--392},
  year={2023}
}
@inproceedings{ricker2024ai,
  title={AI-generated faces in the real world: a large-scale case study of twitter profile images},
  author={Ricker, Jonas and Assenmacher, Dennis and Holz, Thorsten and Fischer, Asja and Quiring, Erwin},
  booktitle={Proceedings of the 27th International Symposium on Research in Attacks, Intrusions and Defenses},
  pages={513--530},
  year={2024}
}
@article{schuhmann2021laion,
  title={Laion-400m: Open dataset of clip-filtered 400 million image-text pairs},
  author={Schuhmann, Christoph and Vencu, Richard and Beaumont, Romain and Kaczmarczyk, Robert and Mullis, Clayton and Katta, Aarush and Coombes, Theo and Jitsev, Jenia and Komatsuzaki, Aran},
  journal={arXiv preprint arXiv:2111.02114},
  year={2021}
}
@article{yang2024characteristics,
  title={Characteristics and prevalence of fake social media profiles with AI-generated faces},
  author={Yang, Kai-Cheng and Singh, Danishjeet and Menczer, Filippo},
  journal={arXiv preprint arXiv:2401.02627},
  year={2024}
}
@inproceedings{bartley2023evaluating,
  title={Evaluating Content Exposure Bias in Social Networks},
  author={Bartley, Nathan and Burghardt, Keith and Lerman, Kristina},
  booktitle={Proceedings of the International Conference on Advances in Social Networks Analysis and Mining},
  pages={379--383},
  year={2023}
}
@article{hirsch2005index,
  title={An index to quantify an individual's scientific research output},
  author={Hirsch, Jorge E},
  journal={Proceedings of the National academy of Sciences},
  volume={102},
  number={46},
  pages={16569--16572},
  year={2005},
  publisher={National Acad Sciences}
}
@article{deverna2024identifying,
  title={Identifying and characterizing superspreaders of low-credibility content on Twitter},
  author={DeVerna, Matthew R and Aiyappa, Rachith and Pacheco, Diogo and Bryden, John and Menczer, Filippo},
  journal={Plos one},
  volume={19},
  number={5},
  pages={e0302201},
  year={2024},
  publisher={Public Library of Science San Francisco, CA USA}
}
@article{ye2023online,
  title={Online networks of support in distressed environments: solidarity and mobilization during the Russian invasion of Ukraine},
  author={Ye, Jinyi and Jindal, Nikhil and Pierri, Francesco and Luceri, Luca},
  journal={arXiv preprint arXiv:2304.04327},
  year={2023}
}
@article{ferrara2016rise,
  title={The rise of social bots},
  author={Ferrara, Emilio and Varol, Onur and Davis, Clayton and Menczer, Filippo and Flammini, Alessandro},
  journal={Communications of the ACM},
  volume={59},
  number={7},
  pages={96--104},
  year={2016},
  publisher={ACM New York, NY, USA}
}
@inproceedings{yang2020scalable,
  title={Scalable and generalizable social bot detection through data selection},
  author={Yang, Kai-Cheng and Varol, Onur and Hui, Pik-Mai and Menczer, Filippo},
  booktitle={Proceedings of the AAAI Conference on Artificial Intelligence},
  volume={34},
  number={01},
  pages={1096--1103},
  year={2020}
}
@inproceedings{lees2022new,
  title={A new generation of perspective api: Efficient multilingual character-level transformers},
  author={Lees, Alyssa and Tran, Vinh Q and Tay, Yi and Sorensen, Jeffrey and Gupta, Jai and Metzler, Donald and Vasserman, Lucy},
  booktitle={Proceedings of the 28th ACM SIGKDD conference on knowledge discovery and data mining},
  pages={3197--3207},
  year={2022}
}

@inproceedings{nogara2022disinformation,
  title={The disinformation dozen: An exploratory analysis of covid-19 disinformation proliferation on twitter},
  author={Nogara, Gianluca and Vishnuprasad, Padinjaredath Suresh and Cardoso, Felipe and Ayoub, Omran and Giordano, Silvia and Luceri, Luca},
  booktitle={Proceedings of the 14th ACM web science conference 2022},
  pages={348--358},
  year={2022}
}


@article{dmonte2024classifying,
  title={Classifying human-generated and AI-generated election claims in social media},
  author={Dmonte, Alphaeus and Zampieri, Marcos and Lybarger, Kevin and Albanese, Massimiliano and Coulter, Genya},
  journal={arXiv preprint arXiv:2404.16116},
  year={2024}
}
@article{cinus2024exposing,
  title={Exposing cross-platform coordinated inauthentic activity in the run-up to the 2024 US Election},
  author={Cinus, Federico and Minici, Marco and Luceri, Luca and Ferrara, Emilio},
  journal={The Web Conference},
  year={2025}
}
@article{chen2022election2020,
  title={\# Election2020: the first public Twitter dataset on the 2020 US Presidential Election},
  author={Chen, Emily and Deb, Ashok and Ferrara, Emilio},
  journal={Journal of Computational Social Science},
  pages={1--18},
  year={2022},
  publisher={Springer}
}
@article{sundar2022rethinking,
  title={Rethinking communication in the era of artificial intelligence},
  author={Sundar, S Shyam and Lee, Eun-Ju},
  journal={Human Communication Research},
  volume={48},
  number={3},
  pages={379--385},
  year={2022},
  publisher={Oxford University Press}
}
@article{ferrara2024genai,
  title={GenAI against humanity: Nefarious applications of generative artificial intelligence and large language models},
  author={Ferrara, Emilio},
  journal={Journal of Computational Social Science},
  pages={1--21},
  year={2024},
  publisher={Springer}
}
@article{jhaver2019human,
  title={Human-machine collaboration for content regulation: The case of reddit automoderator},
  author={Jhaver, Shagun and Birman, Iris and Gilbert, Eric and Bruckman, Amy},
  journal={ACM Transactions on Computer-Human Interaction (TOCHI)},
  volume={26},
  number={5},
  pages={1--35},
  year={2019},
  publisher={ACM New York, NY, USA}
}
@article{ferrara2024risks,
  title={What are the risks of living in a GenAI synthetic reality? The generative AI paradox},
  author={Ferrara, Emilio},
  journal={arXiv preprint arXiv:2411.08250},
  year={2024}
}
@article{epstein2023art,
  title={Art and the science of generative AI},
  author={Epstein, Ziv and Hertzmann, Aaron and Investigators of Human Creativity and Akten, Memo and Farid, Hany and Fjeld, Jessica and Frank, Morgan R and Groh, Matthew and Herman, Laura and Leach, Neil and others},
  journal={Science},
  volume={380},
  number={6650},
  pages={1110--1111},
  year={2023},
  publisher={American Association for the Advancement of Science}
}
@article{samuelson2023generative,
  title={Generative AI meets copyright},
  author={Samuelson, Pamela},
  journal={Science},
  volume={381},
  number={6654},
  pages={158--161},
  year={2023},
  publisher={American Association for the Advancement of Science}
}
@article{lee2020authenticity,
  title={Authenticity model of (mass-oriented) computer-mediated communication: Conceptual explorations and testable propositions},
  author={Lee, Eun-Ju},
  journal={Journal of Computer-Mediated Communication},
  volume={25},
  number={1},
  pages={60--73},
  year={2020},
  publisher={Oxford University Press}
}
@inproceedings{jakesch2019ai,
  title={AI-mediated communication: How the perception that profile text was written by AI affects trustworthiness},
  author={Jakesch, Maurice and French, Megan and Ma, Xiao and Hancock, Jeffrey T and Naaman, Mor},
  booktitle={Proceedings of the 2019 CHI Conference on Human Factors in Computing Systems},
  pages={1--13},
  year={2019}
}
@article{campbell2022preparing,
  title={Preparing for an era of deepfakes and AI-generated ads: A framework for understanding responses to manipulated advertising},
  author={Campbell, Colin and Plangger, Kirk and Sands, Sean and Kietzmann, Jan},
  journal={Journal of Advertising},
  volume={51},
  number={1},
  pages={22--38},
  year={2022},
  publisher={Taylor \& Francis}
}
@article{minici2024uncovering,
  title={Uncovering coordinated cross-platform information operations threatening the integrity of the 2024 US presidential election online discussion},
  author={Minici, Marco and Luceri, Luca and Cinus, Federico and Ferrara, Emilio},
  journal={First Monday},
  year={2024}
}

@article{luceri2021down,
  title={Down the bot hole: Actionable insights from a one-year analysis of bot activity on Twitter},
  author={Luceri, Luca and Cardoso, Felipe and Giordano, Silvia},
  journal={First Monday},
  year={2021}
}

@article{luceri2019evolution,
  title={Evolution of bot and human behavior during elections},
  author={Luceri, Luca and Deb, Ashok and Giordano, Silvia and Ferrara, Emilio},
  journal={First Monday},
  year={2019}
}

@inproceedings{luceri2024unmasking,
  title={Unmasking the web of deceit: Uncovering coordinated activity to expose information operations on twitter},
  author={Luceri, Luca and Pant{\`e}, Valeria and Burghardt, Keith and Ferrara, Emilio},
  booktitle={Proceedings of the ACM on Web Conference 2024},
  pages={2530--2541},
  year={2024}
}

@article{shaw2023social,
  title={Social media, extremism, and radicalization},
  author={Shaw, Aaron},
  journal={Science Advances},
  volume={9},
  number={35},
  pages={eadk2031},
  year={2023},
  publisher={American Association for the Advancement of Science}
}
@article{baribi2024supersharers,
  title={Supersharers of fake news on Twitter},
  author={Baribi-Bartov, Sahar and Swire-Thompson, Briony and Grinberg, Nir},
  journal={Science},
  volume={384},
  number={6699},
  pages={979--982},
  year={2024},
  publisher={American Association for the Advancement of Science}
}
@article{grinberg2019fake,
  title={Fake news on Twitter during the 2016 US presidential election},
  author={Grinberg, Nir and Joseph, Kenneth and Friedland, Lisa and Swire-Thompson, Briony and Lazer, David},
  journal={Science},
  volume={363},
  number={6425},
  pages={374--378},
  year={2019},
  publisher={American Association for the Advancement of Science}
}
@article{yan2024promises,
  title={Promises and challenges of generative artificial intelligence for human learning},
  author={Yan, Lixiang and Greiff, Samuel and Teuber, Ziwen and Ga{\v{s}}evi{\'c}, Dragan},
  journal={Nature Human Behaviour},
  volume={8},
  number={10},
  pages={1839--1850},
  year={2024},
  publisher={Nature Publishing Group UK London}
}
@article{aczel2020consensus,
  title={A consensus-based transparency checklist},
  author={Aczel, Balazs and Szaszi, Barnabas and Sarafoglou, Alexandra and Kekecs, Zoltan and Kucharsk{\`y}, {\v{S}}imon and Benjamin, Daniel and Chambers, Christopher D and Fisher, Agneta and Gelman, Andrew and Gernsbacher, Morton A and others},
  journal={Nature human behaviour},
  volume={4},
  number={1},
  pages={4--6},
  year={2020},
  publisher={Nature Publishing Group UK London}
}
@article{gebru2021datasheets,
  title={Datasheets for datasets},
  author={Gebru, Timnit and Morgenstern, Jamie and Vecchione, Briana and Vaughan, Jennifer Wortman and Wallach, Hanna and Iii, Hal Daum{\'e} and Crawford, Kate},
  journal={Communications of the ACM},
  volume={64},
  number={12},
  pages={86--92},
  year={2021},
  publisher={ACM New York, NY, USA}
}
@article{ashurst2020guide,
  title={A guide to writing the NeurIPS impact statement},
  author={Ashurst, Carolyn and Anderljung, Markus and Prunkl, Carina and Leike, Jan and Gal, Yarin and Shevlane, Toby and Dafoe, Allan},
  journal={Centre for the Governance of AI. URL: https://perma. cc/B5R8-2B9V},
  year={2020}
}
@inproceedings{benotti2023understanding,
  title={Understanding ethics in NLP authoring and reviewing},
  author={Benotti, Luciana and Fort, Kar{\"e}n and Kan, Min-Yen and Tsvetkov, Yulia},
  booktitle={Proceedings of the 17th Conference of the European Chapter of the Association for Computational Linguistics: Tutorial Abstracts},
  pages={19--24},
  year={2023}
}
@misc{neurips,
    title = "NeurIPS 2021 Paper Checklist Guidelines",
    author = "{NeurIPS}",
howpublished = "\url{https://neurips.cc/Conferences/2021/PaperInformation/PaperChecklist}",
year = 2021
}
@misc{fair,
    title="The FAIR Data principles",
year = 2020,
    author="{FORCE11}",
howpublished="\url{https://force11.org/info/the-fair-data-principles/}"
}
@article{pei2014searching,
  title={Searching for superspreaders of information in real-world social media},
  author={Pei, Sen and Muchnik, Lev and Andrade, Jr, Jos{\'e} S and Zheng, Zhiming and Makse, Hern{\'a}n A},
  journal={Scientific reports},
  volume={4},
  number={1},
  pages={5547},
  year={2014},
  publisher={Nature Publishing Group UK London}
}
@article{guess2019less,
  title={Less than you think: Prevalence and predictors of fake news dissemination on Facebook},
  author={Guess, Andrew and Nagler, Jonathan and Tucker, Joshua},
  journal={Science advances},
  volume={5},
  number={1},
  pages={eaau4586},
  year={2019},
  publisher={American Association for the Advancement of Science}
}
@article{guess2018selective,
  title={Selective exposure to misinformation: Evidence from the consumption of fake news during the 2016 US presidential campaign},
  author={Guess, Andrew and Nyhan, Brendan and Reifler, Jason},
  journal={European Research Council},
  volume={9},
  number={3},
  pages={4},
  year={2018}
}
@article{cao2023comprehensive,
  title={A comprehensive survey of ai-generated content (aigc): A history of generative ai from gan to chatgpt},
  author={Cao, Yihan and Li, Siyu and Liu, Yixin and Yan, Zhiling and Dai, Yutong and Yu, Philip S and Sun, Lichao},
  journal={arXiv preprint arXiv:2303.04226},
  year={2023}
}
@inproceedings{wei2024understanding,
  title={Understanding the Impact of AI-Generated Content on Social Media: The Pixiv Case},
  author={Wei, Yiluo and Tyson, Gareth},
  booktitle={Proceedings of the 32nd ACM International Conference on Multimedia},
  pages={6813--6822},
  year={2024}
}
@article{li2020picture,
  title={Is a picture worth a thousand words? An empirical study of image content and social media engagement},
  author={Li, Yiyi and Xie, Ying},
  journal={Journal of marketing research},
  volume={57},
  number={1},
  pages={1--19},
  year={2020},
  publisher={Sage Publications Sage CA: Los Angeles, CA}
}
@article{barari2021political,
  title={Political deepfake videos misinform the public, but no more than other fake media},
  author={Barari, Soubhik and Lucas, Christopher and Munger, Kevin and others},
  journal={OSF Preprints},
  volume={13},
  year={2021}
}
@article{sundar2021seeing,
  title={Seeing is believing: Is video modality more powerful in spreading fake news via online messaging apps?},
  author={Sundar, S Shyam and Molina, Maria D and Cho, Eugene},
  journal={Journal of Computer-Mediated Communication},
  volume={26},
  number={6},
  pages={301--319},
  year={2021},
  publisher={Oxford University Press}
}
@article{kirkpatrick1894experimental,
  title={An experimental study of memory.},
  author={Kirkpatrick, Edwin A},
  journal={Psychological Review},
  volume={1},
  number={6},
  pages={602},
  year={1894},
  publisher={Macmillan \& Company}
}
@article{lyu2023gpt,
  title={Gpt-4v (ision) as a social media analysis engine},
  author={Lyu, Hanjia and Huang, Jinfa and Zhang, Daoan and Yu, Yongsheng and Mou, Xinyi and Pan, Jinsheng and Yang, Zhengyuan and Wei, Zhongyu and Luo, Jiebo},
  journal={arXiv preprint arXiv:2311.07547},
  year={2023}
}
@article{brin2024assessing,
  title={Assessing GPT-4 multimodal performance in radiological image analysis},
  author={Brin, Dana and Sorin, Vera and Barash, Yiftach and Konen, Eli and Glicksberg, Benjamin S and Nadkarni, Girish N and Klang, Eyal},
  journal={European Radiology},
  pages={1--7},
  year={2024},
  publisher={Springer}
}
@article{chen2023gpt,
  title={GPT-4 Vision on medical image classification--A case study on COVID-19 dataset},
  author={Chen, Ruibo and Xiong, Tianyi and Wu, Yihan and Liu, Guodong and Hu, Zhengmian and Chen, Lichang and Chen, Yanshuo and Liu, Chenxi and Huang, Heng},
  journal={arXiv preprint arXiv:2310.18498},
  year={2023}
}
@article{kreps2022all,
  title={All the news that’s fit to fabricate: AI-generated text as a tool of media misinformation},
  author={Kreps, Sarah and McCain, R Miles and Brundage, Miles},
  journal={Journal of experimental political science},
  volume={9},
  number={1},
  pages={104--117},
  year={2022},
  publisher={Cambridge University Press}
}
@article{lu2024seeing,
  title={Seeing is not always believing: benchmarking human and model perception of AI-generated images},
  author={Lu, Zeyu and Huang, Di and Bai, Lei and Qu, Jingjing and Wu, Chengyue and Liu, Xihui and Ouyang, Wanli},
  journal={Advances in Neural Information Processing Systems},
  volume={36},
  year={2024}
}
@article{shao2018spread,
  title={The spread of low-credibility content by social bots},
  author={Shao, Chengcheng and Ciampaglia, Giovanni Luca and Varol, Onur and Yang, Kai-Cheng and Flammini, Alessandro and Menczer, Filippo},
  journal={Nature communications},
  volume={9},
  number={1},
  pages={1--9},
  year={2018},
  publisher={Nature Publishing Group}
}
@article{bhattacharjee2024fighting,
  title={Fighting fire with fire: Can ChatGPT detect AI-generated text?},
  author={Bhattacharjee, Amrita and Liu, Huan},
  journal={ACM SIGKDD Explorations Newsletter},
  volume={25},
  number={2},
  pages={14--21},
  year={2024},
  publisher={ACM New York, NY, USA}
}
@article{borji2022good,
  title={How good are deep models in understanding the generated images?},
  author={Borji, Ali},
  journal={arXiv preprint arXiv:2208.10760},
  year={2022}
}
@inproceedings{du2023effect,
  title={Effect of AI generated content advertising on consumer engagement},
  author={Du, Duo and Zhang, Yanling and Ge, Jiao},
  booktitle={International Conference on Human-Computer Interaction},
  pages={121--129},
  year={2023},
  organization={Springer}
}
@inproceedings{liang2021towards,
  title={Towards understanding and mitigating social biases in language models},
  author={Liang, Paul Pu and Wu, Chiyu and Morency, Louis-Philippe and Salakhutdinov, Ruslan},
  booktitle={International Conference on Machine Learning},
  pages={6565--6576},
  year={2021},
  organization={PMLR}
}
@article{ye2024auditing,
  title={Auditing political exposure bias: Algorithmic amplification on Twitter/X approaching the 2024 US Presidential Election},
  author={Ye, Jinyi and Luceri, Luca and Ferrara, Emilio},
  journal={arXiv preprint arXiv:2411.01852},
  year={2024}
}