@article{cheng2024lova,
  title={LoVA: Long-form Video-to-Audio Generation},
  author={Cheng, Xin and Wang, Xihua and Wu, Yihan and Wang, Yuyue and Song, Ruihua},
  journal={arXiv preprint arXiv:2409.15157},
  year={2024}
}

@article{choi2023foley,
    author = "Choi, Keunwoo and Im, Jaekwon and Heller, Laurie and McFee, Brian and Imoto, Keisuke and Okamoto, Yuki and Lagrange, Mathieu and Takamichi, Shinosuke",
    title = "Foley Sound Synthesis at the DCASE 2023 Challenge",
    journal = "In arXiv e-prints: 2304.12521",
    year = "2023"
}

@inproceedings{du2023conditional,
  title={Conditional generation of audio from video via foley analogies},
  author={Du, Yuexi and Chen, Ziyang and Salamon, Justin and Russell, Bryan and Owens, Andrew},
  booktitle={Proceedings of the IEEE/CVF Conference on Computer Vision and Pattern Recognition},
  pages={2426--2436},
  year={2023}
}

@article{ho2020denoising,
  title={Denoising diffusion probabilistic models},
  author={Ho, Jonathan and Jain, Ajay and Abbeel, Pieter},
  journal={Advances in neural information processing systems},
  volume={33},
  pages={6840--6851},
  year={2020}
}

@article{iashin2021taming,
  title={Taming visually guided sound generation},
  author={Iashin, Vladimir and Rahtu, Esa},
  journal={arXiv preprint arXiv:2110.08791},
  year={2021}
}

@inproceedings{jeong2023power,
  title={The power of sound (tpos): Audio reactive video generation with stable diffusion},
  author={Jeong, Yujin and Ryoo, Wonjeong and Lee, Seunghyun and Seo, Dabin and Byeon, Wonmin and Kim, Sangpil and Kim, Jinkyu},
  booktitle={Proceedings of the IEEE/CVF International Conference on Computer Vision},
  pages={7822--7832},
  year={2023}
}

@inproceedings{lee2022sound,
  title={Sound-guided semantic video generation},
  author={Lee, Seung Hyun and Oh, Gyeongrok and Byeon, Wonmin and Kim, Chanyoung and Ryoo, Won Jeong and Yoon, Sang Ho and Cho, Hyunjun and Bae, Jihyun and Kim, Jinkyu and Kim, Sangpil},
  booktitle={European Conference on Computer Vision},
  pages={34--50},
  year={2022},
  organization={Springer}
}

@article{lee2023aadiff,
  title={Aadiff: Audio-aligned video synthesis with text-to-image diffusion},
  author={Lee, Seungwoo and Kong, Chaerin and Jeon, Donghyeon and Kwak, Nojun},
  journal={arXiv preprint arXiv:2305.04001},
  year={2023}
}

@inproceedings{liu2021conditional,
  title={Conditional sound generation using neural discrete time-frequency representation learning},
  author={Liu, Xubo and Iqbal, Turab and Zhao, Jinzheng and Huang, Qiushi and Plumbley, Mark D and Wang, Wenwu},
  booktitle={2021 IEEE 31st International Workshop on Machine Learning for Signal Processing (MLSP)},
  pages={1--6},
  year={2021},
  organization={IEEE}
}

@InProceedings{liu2023audioldm,
  title = 	 {AudioLDM: Text-to-Audio Generation with Latent Diffusion Models},
  author =       {Liu, Haohe and Chen, Zehua and Yuan, Yi and Mei, Xinhao and Liu, Xubo and Mandic, Danilo and Wang, Wenwu and Plumbley, Mark D},
  booktitle = 	 {Proceedings of the 40th International Conference on Machine Learning},
  pages = 	 {21450--21474},
  year = 	 {2023},
  volume = 	 {202},
}

@article{liu2024audioldm2,
  author={Liu, Haohe and Yuan, Yi and Liu, Xubo and Mei, Xinhao and Kong, Qiuqiang and Tian, Qiao and Wang, Yuping and Wang, Wenwu and Wang, Yuxuan and Plumbley, Mark D.},
  journal={IEEE/ACM Transactions on Audio, Speech, and Language Processing}, 
  title={AudioLDM 2: Learning Holistic Audio Generation With Self-Supervised Pretraining}, 
  year={2024},
  volume={32},
  number={},
  pages={2871-2883},
  doi={10.1109/TASLP.2024.3399607}}

@article{liu2024tell,
  title={Tell What You Hear From What You See--Video to Audio Generation Through Text},
  author={Liu, Xiulong and Su, Kun and Shlizerman, Eli},
  journal={arXiv preprint arXiv:2411.05679},
  year={2024}
}

@article{luo2024diff,
  title={Diff-foley: Synchronized video-to-audio synthesis with latent diffusion models},
  author={Luo, Simian and Yan, Chuanhao and Hu, Chenxu and Zhao, Hang},
  journal={Advances in Neural Information Processing Systems},
  volume={36},
  year={2024}
}

@inproceedings{peebles2023scalable,
  title={Scalable diffusion models with transformers},
  author={Peebles, William and Xie, Saining},
  booktitle={Proceedings of the IEEE/CVF International Conference on Computer Vision},
  pages={4195--4205},
  year={2023}
}

@article{ramesh2022hierarchical,
  title={Hierarchical text-conditional image generation with clip latents},
  author={Ramesh, Aditya and Dhariwal, Prafulla and Nichol, Alex and Chu, Casey and Chen, Mark},
  journal={arXiv preprint arXiv:2204.06125},
  volume={1},
  number={2},
  pages={3},
  year={2022}
}

@inproceedings{rombach2022high,
  title={High-resolution image synthesis with latent diffusion models},
  author={Rombach, Robin and Blattmann, Andreas and Lorenz, Dominik and Esser, Patrick and Ommer, Bj{\"o}rn},
  booktitle={Proceedings of the IEEE/CVF conference on computer vision and pattern recognition},
  pages={10684--10695},
  year={2022}
}

@inproceedings{viertola2025temporally,
  title={Temporally aligned audio for video with autoregression},
  author={Viertola, Ilpo and Iashin, Vladimir and Rahtu, Esa},
  booktitle={ICASSP 2025-2025 IEEE International Conference on Acoustics, Speech and Signal Processing (ICASSP)},
  pages={1--5},
  year={2025},
  organization={IEEE}
}

@article{wang2024frieren,
title={Frieren: Efficient Video-to-Audio Generation Network with Rectified Flow Matching},
author={Yongqi Wang and Wenxiang Guo and Rongjie Huang and Jiawei Huang and Zehan Wang and Fuming You and Ruiqi Li and Zhou Zhao},
journal={In NeurIPS},
year={2024}
}

@inproceedings{yariv2024diverse,
  title={Diverse and aligned audio-to-video generation via text-to-video model adaptation},
  author={Yariv, Guy and Gat, Itai and Benaim, Sagie and Wolf, Lior and Schwartz, Idan and Adi, Yossi},
  booktitle={Proceedings of the AAAI Conference on Artificial Intelligence},
  volume={38},
  number={7},
  pages={6639--6647},
  year={2024}
}

@article{zhang2024foleycrafter,
  title={Foleycrafter: Bring silent videos to life with lifelike and synchronized sounds},
  author={Zhang, Yiming and Gu, Yicheng and Zeng, Yanhong and Xing, Zhening and Wang, Yuancheng and Wu, Zhizheng and Chen, Kai},
  journal={arXiv preprint arXiv:2407.01494},
  year={2024}
}

@inproceedings{zhang2025audio,
  title={Audio-synchronized visual animation},
  author={Zhang, Lin and Mo, Shentong and Zhang, Yijing and Morgado, Pedro},
  booktitle={European Conference on Computer Vision},
  pages={1--18},
  year={2025},
  organization={Springer}
}

