
% Journals

% First the Full Name is given, then the abbreviation used in the AMS Math
% Reviews, with an indication if it could not be found there.
% Note the 2nd overwrites the 1st, so swap them if you want the full name.

 %{AMS}
 @String{AMSTrans = "American Mathematical Society Translations" }
 @String{AMSTrans = "Amer. Math. Soc. Transl." }
 @String{BullAMS = "Bulletin of the American Mathematical Society" }
 @String{BullAMS = "Bull. Amer. Math. Soc." }
 @String{ProcAMS = "Proceedings of the American Mathematical Society" }
 @String{ProcAMS = "Proc. Amer. Math. Soc." }
 @String{TransAMS = "Transactions of the American Mathematical Society" }
 @String{TransAMS = "Trans. Amer. Math. Soc." }

 %ACM
 @String{CACM = "Communications of the {ACM}" }
 @String{CACM = "Commun. {ACM}" }
 @String{CompServ = "Comput. Surveys" }
 @String{JACM = "J. ACM" }
 @String{ACMMathSoft = "{ACM} Transactions on Mathematical Software" }
 @String{ACMMathSoft = "{ACM} Trans. Math. Software" }
 @String{SIGNUM = "{ACM} {SIGNUM} Newsletter" }
 @String{SIGNUM = "{ACM} {SIGNUM} Newslett." }

 @String{AmerSocio = "American Journal of Sociology" }
 @String{AmerStatAssoc = "Journal of the American Statistical Association" }
 @String{AmerStatAssoc = "J. Amer. Statist. Assoc." }
 @String{ApplMathComp = "Applied Mathematics and Computation" }
 @String{ApplMathComp = "Appl. Math. Comput." }
 @String{AmerMathMonthly = "American Mathematical Monthly" }
 @String{AmerMathMonthly = "Amer. Math. Monthly" }
 @String{BIT = "{BIT}" }
 @String{BritStatPsych = "British Journal of Mathematical and Statistical
          Psychology" }
 @String{BritStatPsych = "Brit. J. Math. Statist. Psych." }
 @String{CanMathBull = "Canadian Mathematical Bulletin" }
 @String{CanMathBull = "Canad. Math. Bull." }
 @String{CompApplMath = "Journal of Computational and Applied Mathematics" }
 @String{CompApplMath = "J. Comput. Appl. Math." }
 @String{CompPhys = "Journal of Computational Physics" }
 @String{CompPhys = "J. Comput. Phys." }
 @String{CompStruct = "Computers and Structures" }
 @String{CompStruct = "Comput. \& Structures" }
 @String{CompJour = "The Computer Journal" }
 @String{CompJour = "Comput. J." }
 @String{CompSysSci = "Journal of Computer and System Sciences" }
 @String{CompSysSci = "J. Comput. System Sci." }
 @String{Computing = "Computing" }
 @String{ContempMath = "Contemporary Mathematics" }
 @String{ContempMath = "Contemp. Math." }
 @String{Crelle = "Crelle's Journal" }
 @String{GiornaleMath = "Giornale di Mathematiche" }
 @String{GiornaleMath = "Giorn. Mat." } % didn't find in AMS MR., ibid.

 %IEEE
 @String{Computer = "{IEEE} Computer" }
 @String{IEEETransComp = "{IEEE} Transactions on Computers" }
 @String{IEEETransComp = "{IEEE} Trans. Comput." }
 @String{IEEETransAC = "{IEEE} Transactions on Automatic Control" }
 @String{IEEETransAC = "{IEEE} Trans. Automat. Control" }
 @String{IEEESpec = "{IEEE} Spectrum" } % didn't find in AMS MR
 @String{ProcIEEE = "Proceedings of the {IEEE}" }
 @String{ProcIEEE = "Proc. {IEEE}" } % didn't find in AMS MR
 @String{IEEETransAeroElec = "{IEEE} Transactions on Aerospace and Electronic
     Systems" }
 @String{IEEETransAeroElec = "{IEEE} Trans. Aerospace Electron. Systems" }

 @String{IMANumerAna = "{IMA} Journal of Numerical Analysis" }
 @String{IMANumerAna = "{IMA} J. Numer. Anal." }
 @String{InfProcLet = "Information Processing Letters" }
 @String{InfProcLet = "Inform. Process. Lett." }
 @String{InstMathApp = "Journal of the Institute of Mathematics and
     its Applications" }
 @String{InstMathApp = "J. Inst. Math. Appl." }
 @String{IntControl = "International Journal of Control" }
 @String{IntControl = "Internat. J. Control" }
 @String{IntNumerEng = "International Journal for Numerical Methods in
     Engineering" }
 @String{IntNumerEng = "Internat. J. Numer. Methods Engrg." }
 @String{IntSuper = "International Journal of Supercomputing Applications" }
 @String{IntSuper = "Internat. J. Supercomputing Applic." } % didn't find
%% in AMS MR
 @String{Kibernetika = "Kibernetika" }
 @String{JResNatBurStand = "Journal of Research of the National Bureau
     of Standards" }
 @String{JResNatBurStand = "J. Res. Nat. Bur. Standards" }
 @String{LinAlgApp = "Linear Algebra and its Applications" }
 @String{LinAlgApp = "Linear Algebra Appl." }
 @String{MathAnaAppl = "Journal of Mathematical Analysis and Applications" }
 @String{MathAnaAppl = "J. Math. Anal. Appl." }
 @String{MathAnnalen = "Mathematische Annalen" }
 @String{MathAnnalen = "Math. Ann." }
 @String{MathPhys = "Journal of Mathematical Physics" }
 @String{MathPhys = "J. Math. Phys." }
 @String{MathComp = "Mathematics of Computation" }
 @String{MathComp = "Math. Comp." }
 @String{MathScand = "Mathematica Scandinavica" }
 @String{MathScand = "Math. Scand." }
 @String{TablesAidsComp = "Mathematical Tables and Other Aids to Computation" }
 @String{TablesAidsComp = "Math. Tables Aids Comput." }
 @String{NumerMath = "Numerische Mathematik" }
 @String{NumerMath = "Numer. Math." }
 @String{PacificMath = "Pacific Journal of Mathematics" }
 @String{PacificMath = "Pacific J. Math." }
 @String{ParDistComp = "Journal of Parallel and Distributed Computing" }
 @String{ParDistComp = "J. Parallel and Distrib. Comput." } % didn't find
%% in AMS MR
 @String{ParComputing = "Parallel Computing" }
 @String{ParComputing = "Parallel Comput." }
 @String{PhilMag = "Philosophical Magazine" }
 @String{PhilMag = "Philos. Mag." }
 @String{ProcNAS = "Proceedings of the National Academy of Sciences
                    of the USA" }
 @String{ProcNAS = "Proc. Nat. Acad. Sci. U. S. A." }
 @String{Psychometrika = "Psychometrika" }
 @String{QuartMath = "Quarterly Journal of Mathematics, Oxford, Series (2)" }
 @String{QuartMath = "Quart. J. Math. Oxford Ser. (2)" }
 @String{QuartApplMath = "Quarterly of Applied Mathematics" }
 @String{QuartApplMath = "Quart. Appl. Math." }
 @String{RevueInstStat = "Review of the International Statisical Institute" }
 @String{RevueInstStat = "Rev. Inst. Internat. Statist." }

 %SIAM
 @String{JSIAM = "Journal of the Society for Industrial and Applied
     Mathematics" }
 @String{JSIAM = "J. Soc. Indust. Appl. Math." }
 @String{JSIAMB = "Journal of the Society for Industrial and Applied
     Mathematics, Series B, Numerical Analysis" }
 @String{JSIAMB = "J. Soc. Indust. Appl. Math. Ser. B Numer. Anal." }
 @String{SIAMAlgMeth = "{SIAM} Journal on Algebraic and Discrete Methods" }
 @String{SIAMAlgMeth = "{SIAM} J. Algebraic Discrete Methods" }
 @String{SIAMAppMath = "{SIAM} Journal on Applied Mathematics" }
 @String{SIAMAppMath = "{SIAM} J. Appl. Math." }
 @String{SIAMComp = "{SIAM} Journal on Computing" }
 @String{SIAMComp = "{SIAM} J. Comput." }
 @String{SIAMMatrix = "{SIAM} Journal on Matrix Analysis and Applications" }
 @String{SIAMMatrix = "{SIAM} J. Matrix Anal. Appl." }
 @String{SIAMNumAnal = "{SIAM} Journal on Numerical Analysis" }
 @String{SIAMNumAnal = "{SIAM} J. Numer. Anal." }
 @String{SIAMReview = "{SIAM} Review" }
 @String{SIAMReview = "{SIAM} Rev." }
 @String{SIAMSciStat = "{SIAM} Journal on Scientific and Statistical
     Computing" }
 @String{SIAMSciStat = "{SIAM} J. Sci. Statist. Comput." }

 @String{SoftPracExp = "Software Practice and Experience" }
 @String{SoftPracExp = "Software Prac. Experience" } % didn't find in AMS MR
 @String{StatScience = "Statistical Science" }
 @String{StatScience = "Statist. Sci." }
 @String{Techno = "Technometrics" }
 @String{USSRCompMathPhys = "{USSR} Computational Mathematics and Mathematical
     Physics" }
 @String{USSRCompMathPhys = "{U. S. S. R.} Comput. Math. and Math. Phys." }
 @String{VLSICompSys = "Journal of {VLSI} and Computer Systems" }
 @String{VLSICompSys = "J. {VLSI} Comput. Syst." }
 @String{ZAngewMathMech = "Zeitschrift fur Angewandte Mathematik und
     Mechanik" }
 @String{ZAngewMathMech = "Z. Angew. Math. Mech." }
 @String{ZAngewMathPhys = "Zeitschrift fur Angewandte Mathematik und Physik" }
 @String{ZAngewMathPhys = "Z. Angew. Math. Phys." }

% Publishers % ================================================= |

 @String{Academic = "Academic Press" }
 @String{ACMPress = "{ACM} Press" }
 @String{AdamHilger = "Adam Hilger" }
 @String{AddisonWesley = "Addison-Wesley" }
 @String{AllynBacon = "Allyn and Bacon" }
 @String{AMS = "American Mathematical Society" }
 @String{Birkhauser = "Birkh{\"a}user" }
 @String{CambridgePress = "Cambridge University Press" }
 @String{Chelsea = "Chelsea" }
 @String{ClaredonPress = "Claredon Press" }
 @String{DoverPub = "Dover Publications" }
 @String{Eyolles = "Eyolles" }
 @String{HoltRinehartWinston = "Holt, Rinehart and Winston" }
 @String{Interscience = "Interscience" }
 @String{JohnsHopkinsPress = "The Johns Hopkins University Press" }
 @String{JohnWileySons = "John Wiley and Sons" }
 @String{Macmillan = "Macmillan" }
 @String{MathWorks = "The Math Works Inc." }
 @String{McGrawHill = "McGraw-Hill" }
 @String{NatBurStd = "National Bureau of Standards" }
 @String{NorthHolland = "North-Holland" }
 @String{OxfordPress = "Oxford University Press" }  %address Oxford or London?
 @String{PergamonPress = "Pergamon Press" }
 @String{PlenumPress = "Plenum Press" }
 @String{PrenticeHall = "Prentice-Hall" }
 @String{SIAMPub = "{SIAM} Publications" }
 @String{Springer = "Springer-Verlag" }
 @String{TexasPress = "University of Texas Press" }
 @String{VanNostrand = "Van Nostrand" }
 @String{WHFreeman = "W. H. Freeman and Co." }

%Entries

@article{wang2024av,
  title={AV-DiT: Efficient Audio-Visual Diffusion Transformer for Joint Audio and Video Generation},
  author={Wang, Kai and Deng, Shijian and Shi, Jing and Hatzinakos, Dimitrios and Tian, Yapeng},
  journal={arXiv preprint arXiv:2406.07686},
  year={2024}
}

@inproceedings{ruan2023mm,
  title={Mm-diffusion: Learning multi-modal diffusion models for joint audio and video generation},
  author={Ruan, Ludan and Ma, Yiyang and Yang, Huan and He, Huiguo and Liu, Bei and Fu, Jianlong and Yuan, Nicholas Jing and Jin, Qin and Guo, Baining},
  booktitle={Proceedings of the IEEE/CVF Conference on Computer Vision and Pattern Recognition},
  pages={10219--10228},
  year={2023}
}

@inproceedings{xing2024seeing,
  title={Seeing and hearing: Open-domain visual-audio generation with diffusion latent aligners},
  author={Xing, Yazhou and He, Yingqing and Tian, Zeyue and Wang, Xintao and Chen, Qifeng},
  booktitle={Proceedings of the IEEE/CVF Conference on Computer Vision and Pattern Recognition},
  pages={7151--7161},
  year={2024}
}


@article{radford2019language,
  title={Language models are unsupervised multitask learners},
  author={Radford, Alec and Wu, Jeffrey and Child, Rewon and Luan, David and Amodei, Dario and Sutskever, Ilya and others},
  journal={OpenAI blog},
  volume={1},
  number={8},
  pages={9},
  year={2019}
}

@article{touvron2023llama,
  title={Llama: Open and efficient foundation language models},
  author={Touvron, Hugo and Lavril, Thibaut and Izacard, Gautier and Martinet, Xavier and Lachaux, Marie-Anne and Lacroix, Timoth{\'e}e and Rozi{\`e}re, Baptiste and Goyal, Naman and Hambro, Eric and Azhar, Faisal and others},
  journal={arXiv preprint arXiv:2302.13971},
  year={2023}
}

@article{chung2024scaling,
  title={Scaling instruction-finetuned language models},
  author={Chung, Hyung Won and Hou, Le and Longpre, Shayne and Zoph, Barret and Tay, Yi and Fedus, William and Li, Yunxuan and Wang, Xuezhi and Dehghani, Mostafa and Brahma, Siddhartha and others},
  journal={Journal of Machine Learning Research},
  volume={25},
  number={70},
  pages={1--53},
  year={2024}
}

@inproceedings{li2024enhanced,
    title = "Enhanced Visual Instruction Tuning with Synthesized Image-Dialogue Data",
    author = "Li, Yanda  and Zhang, Chi  and Yu, Gang  and Yang, Wanqi  and Wang, Zhibin  and Fu, Bin  and Lin, Guosheng  and Shen, Chunhua  and Chen, Ling  and Wei, Yunchao",
    year = "2024",
    doi = "10.18653/v1/2024.findings-acl.864",
    pages = "14512--14531",
}

@article{ho2020denoising,
  title={Denoising diffusion probabilistic models},
  author={Ho, Jonathan and Jain, Ajay and Abbeel, Pieter},
  journal={Advances in neural information processing systems},
  volume={33},
  pages={6840--6851},
  year={2020}
}

@inproceedings{rombach2022high,
  title={High-resolution image synthesis with latent diffusion models},
  author={Rombach, Robin and Blattmann, Andreas and Lorenz, Dominik and Esser, Patrick and Ommer, Bj{\"o}rn},
  booktitle={Proceedings of the IEEE/CVF conference on computer vision and pattern recognition},
  pages={10684--10695},
  year={2022}
}

@article{zhu2023label,
  author={Zhu, Junchen and Gao, Lianli and Song, Jingkuan and Li, Yuan-Fang and Zheng, Feng and Li, Xuelong and Shen, Heng Tao},
  journal={IEEE Transactions on Pattern Analysis and Machine Intelligence}, 
  title={Label-Guided Generative Adversarial Network for Realistic Image Synthesis}, 
  year={2023},
  volume={45},
  number={3},
  pages={3311-3328},
  doi={10.1109/TPAMI.2022.3186752}}

@InProceedings{liu2023audioldm,
  title = 	 {AudioLDM: Text-to-Audio Generation with Latent Diffusion Models},
  author =       {Liu, Haohe and Chen, Zehua and Yuan, Yi and Mei, Xinhao and Liu, Xubo and Mandic, Danilo and Wang, Wenwu and Plumbley, Mark D},
  booktitle = 	 {Proceedings of the 40th International Conference on Machine Learning},
  pages = 	 {21450--21474},
  year = 	 {2023},
  volume = 	 {202},
}

@article{liu2024audioldm2,
  author={Liu, Haohe and Yuan, Yi and Liu, Xubo and Mei, Xinhao and Kong, Qiuqiang and Tian, Qiao and Wang, Yuping and Wang, Wenwu and Wang, Yuxuan and Plumbley, Mark D.},
  journal={IEEE/ACM Transactions on Audio, Speech, and Language Processing}, 
  title={AudioLDM 2: Learning Holistic Audio Generation With Self-Supervised Pretraining}, 
  year={2024},
  volume={32},
  number={},
  pages={2871-2883},
  doi={10.1109/TASLP.2024.3399607}}

@article{tan2024natural,
  author={Tan, Xu and Chen, Jiawei and Liu, Haohe and Cong, Jian and Zhang, Chen and Liu, Yanqing and Wang, Xi and Leng, Yichong and Yi, Yuanhao and He, Lei and Zhao, Sheng and Qin, Tao and Soong, Frank and Liu, Tie-Yan},
  journal={IEEE Transactions on Pattern Analysis and Machine Intelligence}, 
  title={NaturalSpeech: End-to-End Text-to-Speech Synthesis With Human-Level Quality}, 
  year={2024},
  volume={46},
  number={6},
  pages={4234-4245},
  doi={10.1109/TPAMI.2024.3356232}}


@article{wang2024continuous,
  author={Wang, Yajie and Chen, Mulin and Li, Xuelong},
  journal={IEEE Transactions on Multimedia}, 
  title={Continuous Emotion-Based Image-to-Music Generation}, 
  year={2024},
  volume={26},
  number={},
  pages={5670-5679},
  keywords={Task analysis;Music;Distance measurement;Annotations;Aerospace electronics;Training;Standards;Image-to-music generation;valence-arousal space;multi-modal cognitive computing;vicinagearth security},
  doi={10.1109/TMM.2023.3338089}}


@inproceedings{li2023one,
    author    = {Li, Weichuang and Zhang, Longhao and Wang, Dong and Zhao, Bin and Wang, Zhigang and Chen, Mulin and Zhang, Bang and Wang, Zhongjian and Bo, Liefeng and Li, Xuelong},
    title     = {One-Shot High-Fidelity Talking-Head Synthesis With Deformable Neural Radiance Field},
    booktitle = {Proceedings of the IEEE/CVF Conference on Computer Vision and Pattern Recognition (CVPR)},
    month     = {June},
    year      = {2023},
    pages     = {17969-17978}
}

@article{song2024moviellm,
  title={Moviellm: Enhancing long video understanding with ai-generated movies},
  author={Song, Zhende and Wang, Chenchen and Sheng, Jiamu and Zhang, Chi and Yu, Gang and Fan, Jiayuan and Chen, Tao},
  journal={arXiv preprint arXiv:2403.01422},
  year={2024}
}


@article{polyak2024movie,
  title={Movie gen: A cast of media foundation models},
  author={Polyak, Adam and Zohar, Amit and Brown, Andrew and Tjandra, Andros and Sinha, Animesh and Lee, Ann and Vyas, Apoorv and Shi, Bowen and Ma, Chih-Yao and Chuang, Ching-Yao and others},
  journal={arXiv preprint arXiv:2410.13720},
  year={2024}
}

@inproceedings{gemmeke2017audio,
  title={Audio set: An ontology and human-labeled dataset for audio events},
  author={Gemmeke, Jort F and Ellis, Daniel PW and Freedman, Dylan and Jansen, Aren and Lawrence, Wade and Moore, R Channing and Plakal, Manoj and Ritter, Marvin},
  booktitle={2017 IEEE international conference on acoustics, speech and signal processing (ICASSP)},
  pages={776--780},
  year={2017},
  organization={IEEE}
}

@inproceedings{hershey2021benefit,
  title={The benefit of temporally-strong labels in audio event classification},
  author={Hershey, Shawn and Ellis, Daniel PW and Fonseca, Eduardo and Jansen, Aren and Liu, Caroline and Moore, R Channing and Plakal, Manoj},
  booktitle={ICASSP 2021-2021 IEEE International Conference on Acoustics, Speech and Signal Processing (ICASSP)},
  pages={366--370},
  year={2021},
  organization={IEEE}
}

@inproceedings{chen2020vggsound,
  title={Vggsound: A large-scale audio-visual dataset},
  author={Chen, Honglie and Xie, Weidi and Vedaldi, Andrea and Zisserman, Andrew},
  booktitle={ICASSP 2020-2020 IEEE International Conference on Acoustics, Speech and Signal Processing (ICASSP)},
  pages={721--725},
  year={2020},
  organization={IEEE}
}

@inproceedings{lee2022sound,
  title={Sound-guided semantic video generation},
  author={Lee, Seung Hyun and Oh, Gyeongrok and Byeon, Wonmin and Kim, Chanyoung and Ryoo, Won Jeong and Yoon, Sang Ho and Cho, Hyunjun and Bae, Jihyun and Kim, Jinkyu and Kim, Sangpil},
  booktitle={European Conference on Computer Vision},
  pages={34--50},
  year={2022},
  organization={Springer}
}

@article{zheng2024open,
  title={Open-sora: Democratizing efficient video production for all},
  author={Zheng, Zangwei and Peng, Xiangyu and Yang, Tianji and Shen, Chenhui and Li, Shenggui and Liu, Hongxin and Zhou, Yukun and Li, Tianyi and You, Yang},
  journal={arXiv preprint arXiv:2412.20404},
  year={2024}
}

@article{chen2024pixart,
  title={Pixart-$\delta$: Fast and controllable image generation with latent consistency models},
  author={Chen, Junsong and Wu, Yue and Luo, Simian and Xie, Enze and Paul, Sayak and Luo, Ping and Zhao, Hang and Li, Zhenguo},
  journal={arXiv preprint arXiv:2401.05252},
  year={2024}
}

@article{ramesh2022hierarchical,
  title={Hierarchical text-conditional image generation with clip latents},
  author={Ramesh, Aditya and Dhariwal, Prafulla and Nichol, Alex and Chu, Casey and Chen, Mark},
  journal={arXiv preprint arXiv:2204.06125},
  volume={1},
  number={2},
  pages={3},
  year={2022}
}

@article{xu2024pllava,
  title={Pllava: Parameter-free llava extension from images to videos for video dense captioning},
  author={Xu, Lin and Zhao, Yilin and Zhou, Daquan and Lin, Zhijie and Ng, See Kiong and Feng, Jiashi},
  journal={arXiv preprint arXiv:2404.16994},
  year={2024}
}

@article{wang2024lavie,
  title={Lavie: High-quality video generation with cascaded latent diffusion models},
  author={Wang, Yaohui and Chen, Xinyuan and Ma, Xin and Zhou, Shangchen and Huang, Ziqi and Wang, Yi and Yang, Ceyuan and He, Yinan and Yu, Jiashuo and Yang, Peiqing and others},
  journal={International Journal of Computer Vision},
  pages={1--20},
  year={2024},
  publisher={Springer}
}

@inproceedings{sun2024mm,
  title={MM-LDM: Multi-Modal Latent Diffusion Model for Sounding Video Generation},
  author={Sun, Mingzhen and Wang, Weining and Qiao, Yanyuan and Sun, Jiahui and Qin, Zihan and Guo, Longteng and Zhu, Xinxin and Liu, Jing},
  booktitle={Proceedings of the 32nd ACM International Conference on Multimedia},
  pages={10853--10861},
  year={2024}
}


@inproceedings{peebles2023scalable,
  title={Scalable diffusion models with transformers},
  author={Peebles, William and Xie, Saining},
  booktitle={Proceedings of the IEEE/CVF International Conference on Computer Vision},
  pages={4195--4205},
  year={2023}
}

@article{iashin2021taming,
  title={Taming visually guided sound generation},
  author={Iashin, Vladimir and Rahtu, Esa},
  journal={arXiv preprint arXiv:2110.08791},
  year={2021}
}

@article{luo2024diff,
  title={Diff-foley: Synchronized video-to-audio synthesis with latent diffusion models},
  author={Luo, Simian and Yan, Chuanhao and Hu, Chenxu and Zhao, Hang},
  journal={Advances in Neural Information Processing Systems},
  volume={36},
  year={2024}
}



@article{zhang2024foleycrafter,
  title={Foleycrafter: Bring silent videos to life with lifelike and synchronized sounds},
  author={Zhang, Yiming and Gu, Yicheng and Zeng, Yanhong and Xing, Zhening and Wang, Yuancheng and Wu, Zhizheng and Chen, Kai},
  journal={arXiv preprint arXiv:2407.01494},
  year={2024}
}

@article{dosovitskiy2020image,
  title={An image is worth 16x16 words: Transformers for image recognition at scale},
  author={Dosovitskiy, Alexey},
  journal={arXiv preprint arXiv:2010.11929},
  year={2020}
}

@inproceedings{ronneberger2015u,
  title={U-net: Convolutional networks for biomedical image segmentation},
  author={Ronneberger, Olaf and Fischer, Philipp and Brox, Thomas},
  booktitle={Medical image computing and computer-assisted intervention--MICCAI 2015: 18th international conference, Munich, Germany, October 5-9, 2015, proceedings, part III 18},
  pages={234--241},
  year={2015},
  organization={Springer}
}

@inproceedings{yariv2024diverse,
  title={Diverse and aligned audio-to-video generation via text-to-video model adaptation},
  author={Yariv, Guy and Gat, Itai and Benaim, Sagie and Wolf, Lior and Schwartz, Idan and Adi, Yossi},
  booktitle={Proceedings of the AAAI Conference on Artificial Intelligence},
  volume={38},
  number={7},
  pages={6639--6647},
  year={2024}
}


@article{choi2023foley,
    author = "Choi, Keunwoo and Im, Jaekwon and Heller, Laurie and McFee, Brian and Imoto, Keisuke and Okamoto, Yuki and Lagrange, Mathieu and Takamichi, Shinosuke",
    title = "Foley Sound Synthesis at the DCASE 2023 Challenge",
    journal = "In arXiv e-prints: 2304.12521",
    year = "2023"
}

@inproceedings{liu2021conditional,
  title={Conditional sound generation using neural discrete time-frequency representation learning},
  author={Liu, Xubo and Iqbal, Turab and Zhao, Jinzheng and Huang, Qiushi and Plumbley, Mark D and Wang, Wenwu},
  booktitle={2021 IEEE 31st International Workshop on Machine Learning for Signal Processing (MLSP)},
  pages={1--6},
  year={2021},
  organization={IEEE}
}

@article{unterthiner2018towards,
  title={Towards accurate generative models of video: A new metric \& challenges},
  author={Unterthiner, Thomas and Van Steenkiste, Sjoerd and Kurach, Karol and Marinier, Raphael and Michalski, Marcin and Gelly, Sylvain},
  journal={arXiv preprint arXiv:1812.01717},
  year={2018}
}

@article{kong2020hifi,
  title={Hifi-gan: Generative adversarial networks for efficient and high fidelity speech synthesis},
  author={Kong, Jungil and Kim, Jaehyeon and Bae, Jaekyoung},
  journal={Advances in neural information processing systems},
  volume={33},
  pages={17022--17033},
  year={2020}
}

@inproceedings{du2023conditional,
  title={Conditional generation of audio from video via foley analogies},
  author={Du, Yuexi and Chen, Ziyang and Salamon, Justin and Russell, Bryan and Owens, Andrew},
  booktitle={Proceedings of the IEEE/CVF Conference on Computer Vision and Pattern Recognition},
  pages={2426--2436},
  year={2023}
}

@article{cheng2024lova,
  title={LoVA: Long-form Video-to-Audio Generation},
  author={Cheng, Xin and Wang, Xihua and Wu, Yihan and Wang, Yuyue and Song, Ruihua},
  journal={arXiv preprint arXiv:2409.15157},
  year={2024}
}

@article{lee2023aadiff,
  title={Aadiff: Audio-aligned video synthesis with text-to-image diffusion},
  author={Lee, Seungwoo and Kong, Chaerin and Jeon, Donghyeon and Kwak, Nojun},
  journal={arXiv preprint arXiv:2305.04001},
  year={2023}
}

@inproceedings{zhang2025audio,
  title={Audio-synchronized visual animation},
  author={Zhang, Lin and Mo, Shentong and Zhang, Yijing and Morgado, Pedro},
  booktitle={European Conference on Computer Vision},
  pages={1--18},
  year={2025},
  organization={Springer}
}

@inproceedings{viertola2025temporally,
  title={Temporally aligned audio for video with autoregression},
  author={Viertola, Ilpo and Iashin, Vladimir and Rahtu, Esa},
  booktitle={ICASSP 2025-2025 IEEE International Conference on Acoustics, Speech and Signal Processing (ICASSP)},
  pages={1--5},
  year={2025},
  organization={IEEE}
}

@article{liu2024tell,
  title={Tell What You Hear From What You See--Video to Audio Generation Through Text},
  author={Liu, Xiulong and Su, Kun and Shlizerman, Eli},
  journal={arXiv preprint arXiv:2411.05679},
  year={2024}
}

@inproceedings{jeong2023power,
  title={The power of sound (tpos): Audio reactive video generation with stable diffusion},
  author={Jeong, Yujin and Ryoo, Wonjeong and Lee, Seunghyun and Seo, Dabin and Byeon, Wonmin and Kim, Sangpil and Kim, Jinkyu},
  booktitle={Proceedings of the IEEE/CVF International Conference on Computer Vision},
  pages={7822--7832},
  year={2023}
}

@inproceedings{hayakawa2024discriminator,
  title={MMDisCo: Multi-Modal Discriminator-Guided Cooperative Diffusion for Joint Audio and Video Generation},
  author={Hayakawa, Akio and Ishii, Masato and Shibuya, Takashi and Mitsufuji, Yuki},
  booktitle={The Thirteenth International Conference on Learning Representations},
  year={2025}
}

@inproceedings{li2021ai,
  title={Ai choreographer: Music conditioned 3d dance generation with aist++},
  author={Li, Ruilong and Yang, Shan and Ross, David A and Kanazawa, Angjoo},
  booktitle={Proceedings of the IEEE/CVF international conference on computer vision},
  pages={13401--13412},
  year={2021}
}

@inproceedings{tsuchida2019aist,
  title={AIST Dance Video Database: Multi-Genre, Multi-Dancer, and Multi-Camera Database for Dance Information Processing.},
  author={Tsuchida, Shuhei and Fukayama, Satoru and Hamasaki, Masahiro and Goto, Masataka},
  booktitle={ISMIR},
  volume={1},
  number={5},
  pages={6},
  year={2019}
}



@article{wang2024frieren,
title={Frieren: Efficient Video-to-Audio Generation Network with Rectified Flow Matching},
author={Yongqi Wang and Wenxiang Guo and Rongjie Huang and Jiawei Huang and Zehan Wang and Fuming You and Ruiqi Li and Zhou Zhao},
journal={In NeurIPS},
year={2024}
}

@inproceedings{singer2023makeavideo,
title={Make-A-Video: Text-to-Video Generation without Text-Video Data},
author={Uriel Singer and Adam Polyak and Thomas Hayes and Xi Yin and Jie An and Songyang Zhang and Qiyuan Hu and Harry Yang and Oron Ashual and Oran Gafni and Devi Parikh and Sonal Gupta and Yaniv Taigman},
booktitle={The Eleventh International Conference on Learning Representations },
year={2023},
url={https://openreview.net/forum?id=nJfylDvgzlq}
}

@InProceedings{blattmann2023align,
    author    = {Blattmann, Andreas and Rombach, Robin and Ling, Huan and Dockhorn, Tim and Kim, Seung Wook and Fidler, Sanja and Kreis, Karsten},
    title     = {Align Your Latents: High-Resolution Video Synthesis With Latent Diffusion Models},
    booktitle = {Proceedings of the IEEE/CVF Conference on Computer Vision and Pattern Recognition (CVPR)},
    month     = {June},
    year      = {2023},
    pages     = {22563-22575}
}

@inproceedings{song2020denoising,
  author       = {Jiaming Song and
                  Chenlin Meng and
                  Stefano Ermon},
  title        = {Denoising Diffusion Implicit Models},
  booktitle    = {9th International Conference on Learning Representations, {ICLR} 2021,
                  Virtual Event, Austria, May 3-7, 2021},
  publisher    = {OpenReview.net},
  year         = {2021},
  timestamp    = {Wed, 23 Jun 2021 17:36:39 +0200},
  biburl       = {https://dblp.org/rec/conf/iclr/SongME21.bib},
  bibsource    = {dblp computer science bibliography, https://dblp.org}
}

@inproceedings{ho2021classifier,
title={Classifier-Free Diffusion Guidance},
author={Jonathan Ho and Tim Salimans},
booktitle={NeurIPS 2021 Workshop on Deep Generative Models and Downstream Applications},
year={2021},
}

@article{colin2020exploring,
  author  = {Colin Raffel and Noam Shazeer and Adam Roberts and Katherine Lee and Sharan Narang and Michael Matena and Yanqi Zhou and Wei Li and Peter J. Liu},
  title   = {Exploring the Limits of Transfer Learning with a Unified Text-to-Text Transformer},
  journal = {Journal of Machine Learning Research},
  year    = {2020},
  volume  = {21},
  number  = {140},
  pages   = {1--67},
}