@inproceedings{NEURIPS2023_dc1e32dd,
 author = {Yi, Kun and Zhang, Qi and Fan, Wei and He, Hui and Hu, Liang and Wang, Pengyang and An, Ning and Cao, Longbing and Niu, Zhendong},
 booktitle = {Advances in Neural Information Processing Systems},
 pages = {69638--69660},
 title = {FourierGNN: Rethinking Multivariate Time Series Forecasting from a Pure Graph Perspective},
 volume = {36},
 year = {2023}
}

@inproceedings{bai2020adaptive,
  title={Adaptive graph convolutional recurrent network for traffic forecasting},
  author={Bai, Lei and Yao, Lina and Li, Can and Wang, Xianzhi and Wang, Can},
  booktitle={Advances in Neural Information Processing Systems},
  volume={33},
  pages={17804--17815},
  year={2020}
}

@book{chen2018lifelong,
  title={Lifelong machine learning},
  author={Chen, Zhiyuan and Liu, Bing},
  volume={1},
  year={2018},
  publisher={Springer}
}

@inproceedings{chen2021trafficstream,
  title={Traffic{S}tream: A streaming traffic flow forecasting framework based on graph neural networks and continual learning},
  author={Chen, Xu and Wang, Junshan and Xie, Kunqing},
  booktitle={AAAI Conference on Artificial Intelligence},
  year={2021}
}

@article{french1999catastrophic,
  title={Catastrophic forgetting in connectionist networks},
  author={French, Robert M},
  journal={Trends in cognitive sciences},
  volume={3},
  number={4},
  pages={128--135},
  year={1999},
  publisher={Elsevier}
}

@inproceedings{hu2023graph,
  title={Graph Neural Processes for Spatio-Temporal Extrapolation},
  author={Hu, Junfeng and Liang, Yuxuan and Fan, Zhencheng and Chen, Hongyang and Zheng, Yu and Zimmermann, Roger},
  booktitle={ACM SIGKDD Conference on Knowledge Discovery and Data Mining},
  pages={752--763},
  year={2023}
}

@article{kirkpatrick2017overcoming,
  title={Overcoming catastrophic forgetting in neural networks},
  author={Kirkpatrick, James and Pascanu, Razvan and Rabinowitz, Neil and Veness, Joel and Desjardins, Guillaume and Rusu, Andrei A and Milan, Kieran and Quan, John and Ramalho, Tiago and Grabska-Barwinska, Agnieszka and others},
  journal={National Academy of Sciences},
  volume={114},
  number={13},
  pages={3521--3526},
  year={2017}
}

@article{liu2023itransformer,
  title={i{T}ransformer: Inverted transformers are effective for time series forecasting},
  author={Liu, Yong and Hu, Tengge and Zhang, Haoran and Wu, Haixu and Wang, Shiyu and Ma, Lintao and Long, Mingsheng},
  journal={arXiv preprint arXiv:2310.06625},
  year={2023}
}

@inproceedings{liu2024timesurl,
  title={{TimesURL}: Self-supervised contrastive learning for universal time series representation learning},
  author={Liu, Jiexi and Chen, Songcan},
  booktitle={AAAI Conference on Artificial Intelligence},
  volume={38},
  number={12},
  pages={13918--13926},
  year={2024}
}

@inproceedings{lopez2017gradient,
  title={Gradient episodic memory for continual learning},
  author={Lopez-Paz, David and Ranzato, Marc'Aurelio},
  booktitle={Advances in Neural Information Processing Systems},
  volume={30},
  year={2017}
}

@article{rolnick2019experience,
  title={Experience replay for continual learning},
  author={Rolnick, David and Ahuja, Arun and Schwarz, Jonathan and Lillicrap, Timothy and Wayne, Gregory},
  journal={Advances in neural information processing systems},
  volume={32},
  year={2019}
}

@article{shi2015convolutional,
  title={Convolutional {LSTM} {N}etwork: A machine learning approach for precipitation nowcasting},
  author={Shi, Xingjian and Chen, Zhourong and Wang, Hao and Yeung, Dit-Yan and Wong, Wai-Kin and Woo, Wang-chun},
  journal={Advances in neural information processing systems},
  volume={28},
  year={2015}
}

@inproceedings{tonekaboni2021unsupervised,
  title={Unsupervised representation learning for time series with temporal neighborhood coding},
  author={Tonekaboni, Sana and Eytan, Danny and Goldenberg, Anna},
  booktitle={International Conference on Learning Representations},
  year={2021}
}

@inproceedings{wang2023pattern,
  title={Pattern expansion and consolidation on evolving graphs for continual traffic prediction},
  author={Wang, Binwu and Zhang, Yudong and Wang, Xu and Wang, Pengkun and Zhou, Zhengyang and Bai, Lei and Wang, Yang},
  booktitle={ACM SIGKDD Conference on Knowledge Discovery and Data Mining},
  pages={2223--2232},
  year={2023}
}

@inproceedings{wu2019graph,
  title={Graph wavenet for deep spatial-temporal graph modeling},
  author={Wu, Zonghan and Pan, Shirui and Long, Guodong and Jiang, Jing and Zhang, Chengqi},
  booktitle={International Joint Conferences on Artificial Intelligence},
  year={2019}
}

@inproceedings{wu2021inductive,
  title={Inductive graph neural networks for spatiotemporal kriging},
  author={Wu, Yuankai and Zhuang, Dingyi and Labbe, Aurelie and Sun, Lijun},
  booktitle={AAAI Conference on Artificial Intelligence},
  pages={4478--4485},
  year={2021}
}

@inproceedings{yue2022ts2vec,
  title={{TS2Vec}: Towards universal representation of time series},
  author={Yue, Zhihan and Wang, Yujing and Duan, Juanyong and Yang, Tianmeng and Huang, Congrui and Tong, Yunhai and Xu, Bixiong},
  booktitle={AAAI Conference on Artificial Intelligence},
  volume={36},
  number={8},
  pages={8980--8987},
  year={2022}
}

@inproceedings{zhang2017deep,
  title={Deep spatio-temporal residual networks for citywide crowd flows prediction},
  author={Zhang, Junbo and Zheng, Yu and Qi, Dekang},
  booktitle={AAAI conference on Artificial Intelligence},
  volume={31},
  number={1},
  year={2017}
}

