 %{AMS}
 @String{AMSTrans = "American Mathematical Society Translations" }
 @String{AMSTrans = "Amer. Math. Soc. Transl." }
 @String{BullAMS = "Bulletin of the American Mathematical Society" }
 @String{BullAMS = "Bull. Amer. Math. Soc." }
 @String{ProcAMS = "Proceedings of the American Mathematical Society" }
 @String{ProcAMS = "Proc. Amer. Math. Soc." }
 @String{TransAMS = "Transactions of the American Mathematical Society" }
 @String{TransAMS = "Trans. Amer. Math. Soc." }

 %ACM
 @String{CACM = "Communications of the {ACM}" }
 @String{CACM = "Commun. {ACM}" }
 @String{CompServ = "Comput. Surveys" }
 @String{JACM = "J. ACM" }
 @String{ACMMathSoft = "{ACM} Transactions on Mathematical Software" }
 @String{ACMMathSoft = "{ACM} Trans. Math. Software" }
 @String{SIGNUM = "{ACM} {SIGNUM} Newsletter" }
 @String{SIGNUM = "{ACM} {SIGNUM} Newslett." }

 @String{AmerSocio = "American Journal of Sociology" }
 @String{AmerStatAssoc = "Journal of the American Statistical Association" }
 @String{AmerStatAssoc = "J. Amer. Statist. Assoc." }
 @String{ApplMathComp = "Applied Mathematics and Computation" }
 @String{ApplMathComp = "Appl. Math. Comput." }
 @String{AmerMathMonthly = "American Mathematical Monthly" }
 @String{AmerMathMonthly = "Amer. Math. Monthly" }
 @String{BIT = "{BIT}" }
 @String{BritStatPsych = "British Journal of Mathematical and Statistical
          Psychology" }
 @String{BritStatPsych = "Brit. J. Math. Statist. Psych." }
 @String{CanMathBull = "Canadian Mathematical Bulletin" }
 @String{CanMathBull = "Canad. Math. Bull." }
 @String{CompApplMath = "Journal of Computational and Applied Mathematics" }
 @String{CompApplMath = "J. Comput. Appl. Math." }
 @String{CompPhys = "Journal of Computational Physics" }
 @String{CompPhys = "J. Comput. Phys." }
 @String{CompStruct = "Computers and Structures" }
 @String{CompStruct = "Comput. \& Structures" }
 @String{CompJour = "The Computer Journal" }
 @String{CompJour = "Comput. J." }
 @String{CompSysSci = "Journal of Computer and System Sciences" }
 @String{CompSysSci = "J. Comput. System Sci." }
 @String{Computing = "Computing" }
 @String{ContempMath = "Contemporary Mathematics" }
 @String{ContempMath = "Contemp. Math." }
 @String{Crelle = "Crelle's Journal" }
 @String{GiornaleMath = "Giornale di Mathematiche" }
 @String{GiornaleMath = "Giorn. Mat." } % didn't find in AMS MR., ibid.

 %IEEE
 @String{Computer = "{IEEE} Computer" }
 @String{IEEETransComp = "{IEEE} Transactions on Computers" }
 @String{IEEETransComp = "{IEEE} Trans. Comput." }
 @String{IEEETransAC = "{IEEE} Transactions on Automatic Control" }
 @String{IEEETransAC = "{IEEE} Trans. Automat. Control" }
 @String{IEEESpec = "{IEEE} Spectrum" } % didn't find in AMS MR
 @String{ProcIEEE = "Proceedings of the {IEEE}" }
 @String{ProcIEEE = "Proc. {IEEE}" } % didn't find in AMS MR
 @String{IEEETransAeroElec = "{IEEE} Transactions on Aerospace and Electronic
     Systems" }
 @String{IEEETransAeroElec = "{IEEE} Trans. Aerospace Electron. Systems" }

 @String{IMANumerAna = "{IMA} Journal of Numerical Analysis" }
 @String{IMANumerAna = "{IMA} J. Numer. Anal." }
 @String{InfProcLet = "Information Processing Letters" }
 @String{InfProcLet = "Inform. Process. Lett." }
 @String{InstMathApp = "Journal of the Institute of Mathematics and
     its Applications" }
 @String{InstMathApp = "J. Inst. Math. Appl." }
 @String{IntControl = "International Journal of Control" }
 @String{IntControl = "Internat. J. Control" }
 @String{IntNumerEng = "International Journal for Numerical Methods in
     Engineering" }
 @String{IntNumerEng = "Internat. J. Numer. Methods Engrg." }
 @String{IntSuper = "International Journal of Supercomputing Applications" }
 @String{IntSuper = "Internat. J. Supercomputing Applic." } % didn't find
%% in AMS MR
 @String{Kibernetika = "Kibernetika" }
 @String{JResNatBurStand = "Journal of Research of the National Bureau
     of Standards" }
 @String{JResNatBurStand = "J. Res. Nat. Bur. Standards" }
 @String{LinAlgApp = "Linear Algebra and its Applications" }
 @String{LinAlgApp = "Linear Algebra Appl." }
 @String{MathAnaAppl = "Journal of Mathematical Analysis and Applications" }
 @String{MathAnaAppl = "J. Math. Anal. Appl." }
 @String{MathAnnalen = "Mathematische Annalen" }
 @String{MathAnnalen = "Math. Ann." }
 @String{MathPhys = "Journal of Mathematical Physics" }
 @String{MathPhys = "J. Math. Phys." }
 @String{MathComp = "Mathematics of Computation" }
 @String{MathComp = "Math. Comp." }
 @String{MathScand = "Mathematica Scandinavica" }
 @String{MathScand = "Math. Scand." }
 @String{TablesAidsComp = "Mathematical Tables and Other Aids to Computation" }
 @String{TablesAidsComp = "Math. Tables Aids Comput." }
 @String{NumerMath = "Numerische Mathematik" }
 @String{NumerMath = "Numer. Math." }
 @String{PacificMath = "Pacific Journal of Mathematics" }
 @String{PacificMath = "Pacific J. Math." }
 @String{ParDistComp = "Journal of Parallel and Distributed Computing" }
 @String{ParDistComp = "J. Parallel and Distrib. Comput." } % didn't find
%% in AMS MR
 @String{ParComputing = "Parallel Computing" }
 @String{ParComputing = "Parallel Comput." }
 @String{PhilMag = "Philosophical Magazine" }
 @String{PhilMag = "Philos. Mag." }
 @String{ProcNAS = "Proceedings of the National Academy of Sciences
                    of the USA" }
 @String{ProcNAS = "Proc. Nat. Acad. Sci. U. S. A." }
 @String{Psychometrika = "Psychometrika" }
 @String{QuartMath = "Quarterly Journal of Mathematics, Oxford, Series (2)" }
 @String{QuartMath = "Quart. J. Math. Oxford Ser. (2)" }
 @String{QuartApplMath = "Quarterly of Applied Mathematics" }
 @String{QuartApplMath = "Quart. Appl. Math." }
 @String{RevueInstStat = "Review of the International Statisical Institute" }
 @String{RevueInstStat = "Rev. Inst. Internat. Statist." }

 %SIAM
 @String{JSIAM = "Journal of the Society for Industrial and Applied
     Mathematics" }
 @String{JSIAM = "J. Soc. Indust. Appl. Math." }
 @String{JSIAMB = "Journal of the Society for Industrial and Applied
     Mathematics, Series B, Numerical Analysis" }
 @String{JSIAMB = "J. Soc. Indust. Appl. Math. Ser. B Numer. Anal." }
 @String{SIAMAlgMeth = "{SIAM} Journal on Algebraic and Discrete Methods" }
 @String{SIAMAlgMeth = "{SIAM} J. Algebraic Discrete Methods" }
 @String{SIAMAppMath = "{SIAM} Journal on Applied Mathematics" }
 @String{SIAMAppMath = "{SIAM} J. Appl. Math." }
 @String{SIAMComp = "{SIAM} Journal on Computing" }
 @String{SIAMComp = "{SIAM} J. Comput." }
 @String{SIAMMatrix = "{SIAM} Journal on Matrix Analysis and Applications" }
 @String{SIAMMatrix = "{SIAM} J. Matrix Anal. Appl." }
 @String{SIAMNumAnal = "{SIAM} Journal on Numerical Analysis" }
 @String{SIAMNumAnal = "{SIAM} J. Numer. Anal." }
 @String{SIAMReview = "{SIAM} Review" }
 @String{SIAMReview = "{SIAM} Rev." }
 @String{SIAMSciStat = "{SIAM} Journal on Scientific and Statistical
     Computing" }
 @String{SIAMSciStat = "{SIAM} J. Sci. Statist. Comput." }

 @String{SoftPracExp = "Software Practice and Experience" }
 @String{SoftPracExp = "Software Prac. Experience" } % didn't find in AMS MR
 @String{StatScience = "Statistical Science" }
 @String{StatScience = "Statist. Sci." }
 @String{Techno = "Technometrics" }
 @String{USSRCompMathPhys = "{USSR} Computational Mathematics and Mathematical
     Physics" }
 @String{USSRCompMathPhys = "{U. S. S. R.} Comput. Math. and Math. Phys." }
 @String{VLSICompSys = "Journal of {VLSI} and Computer Systems" }
 @String{VLSICompSys = "J. {VLSI} Comput. Syst." }
 @String{ZAngewMathMech = "Zeitschrift fur Angewandte Mathematik und
     Mechanik" }
 @String{ZAngewMathMech = "Z. Angew. Math. Mech." }
 @String{ZAngewMathPhys = "Zeitschrift fur Angewandte Mathematik und Physik" }
 @String{ZAngewMathPhys = "Z. Angew. Math. Phys." }

% Publishers % ================================================= |

 @String{Academic = "Academic Press" }
 @String{ACMPress = "{ACM} Press" }
 @String{AdamHilger = "Adam Hilger" }
 @String{AddisonWesley = "Addison-Wesley" }
 @String{AllynBacon = "Allyn and Bacon" }
 @String{AMS = "American Mathematical Society" }
 @String{Birkhauser = "Birkha{\"u}ser" }
 @String{CambridgePress = "Cambridge University Press" }
 @String{Chelsea = "Chelsea" }
 @String{ClaredonPress = "Claredon Press" }
 @String{DoverPub = "Dover Publications" }
 @String{Eyolles = "Eyolles" }
 @String{HoltRinehartWinston = "Holt, Rinehart and Winston" }
 @String{Interscience = "Interscience" }
 @String{JohnsHopkinsPress = "The Johns Hopkins University Press" }
 @String{JohnWileySons = "John Wiley and Sons" }
 @String{Macmillan = "Macmillan" }
 @String{MathWorks = "The Math Works Inc." }
 @String{McGrawHill = "McGraw-Hill" }
 @String{NatBurStd = "National Bureau of Standards" }
 @String{NorthHolland = "North-Holland" }
 @String{OxfordPress = "Oxford University Press" }  %address Oxford or London?
 @String{PergamonPress = "Pergamon Press" }
 @String{PlenumPress = "Plenum Press" }
 @String{PrenticeHall = "Prentice-Hall" }
 @String{SIAMPub = "{SIAM} Publications" }
 @String{Springer = "Springer-Verlag" }
 @String{TexasPress = "University of Texas Press" }
 @String{VanNostrand = "Van Nostrand" }
 @String{WHFreeman = "W. H. Freeman and Co." }
%Entries


@inproceedings{NBeats,
author={Boris N. Oreshkin and Dmitri Carpov and Nicolas Chapados and Yoshua Bengio},
title = {{N-BEATS:} Neural basis expansion analysis for interpretable time series forecasting},
booktitle = {International Conference on Learning Representations},
year = {2020}
}
@inproceedings{hu2023graph,
  title={Graph Neural Processes for Spatio-Temporal Extrapolation},
  author={Hu, Junfeng and Liang, Yuxuan and Fan, Zhencheng and Chen, Hongyang and Zheng, Yu and Zimmermann, Roger},
  booktitle={ACM SIGKDD Conference on Knowledge Discovery and Data Mining},
  pages={752--763},
  year={2023}
}
@inproceedings{wu2021inductive,
  title={Inductive graph neural networks for spatiotemporal kriging},
  author={Wu, Yuankai and Zhuang, Dingyi and Labbe, Aurelie and Sun, Lijun},
  booktitle={AAAI Conference on Artificial Intelligence},
  pages={4478--4485},
  year={2021}
}

@inproceedings{van2007experimental,
  title={Experimental perspectives on learning from imbalanced data},
  author={Van Hulse, Jason and Khoshgoftaar, Taghi M and Napolitano, Amri},
  booktitle={International Conference on Machine Learning},
  pages={935--942},
  year={2007}
}

@inproceedings{chen2021trafficstream,
  title={Traffic{S}tream: A streaming traffic flow forecasting framework based on graph neural networks and continual learning},
  author={Chen, Xu and Wang, Junshan and Xie, Kunqing},
  booktitle={AAAI Conference on Artificial Intelligence},
  year={2021}
}
@inproceedings{fey2019fast,
  title={Fast graph representation learning with PyTorch Geometric},
  author={Fey, Matthias and Lenssen, Jan Eric},
  booktitle={ICLR Workshop on Representation Learning on Graphs and Manifolds},
  year={2019}
}
@inproceedings{gupta2021continual,
  title={Continual learning for multivariate time series tasks with variable input dimensions},
  author={Gupta, Vibhor and Narwariya, Jyoti and Malhotra, Pankaj and Vig, Lovekesh and Shroff, Gautam},
  booktitle={2021 IEEE International Conference on Data Mining (ICDM)},
  pages={161--170},
  year={2021},
}
@inproceedings{wang2023pattern,
  title={Pattern expansion and consolidation on evolving graphs for continual traffic prediction},
  author={Wang, Binwu and Zhang, Yudong and Wang, Xu and Wang, Pengkun and Zhou, Zhengyang and Bai, Lei and Wang, Yang},
  booktitle={ACM SIGKDD Conference on Knowledge Discovery and Data Mining},
  pages={2223--2232},
  year={2023}
}
@inproceedings{bai2020adaptive,
  title={Adaptive graph convolutional recurrent network for traffic forecasting},
  author={Bai, Lei and Yao, Lina and Li, Can and Wang, Xianzhi and Wang, Can},
  booktitle={Advances in Neural Information Processing Systems},
  volume={33},
  pages={17804--17815},
  year={2020}
}

@INPROCEEDINGS{ma2023learning,
  author={Ma, Minbo and Hu, Jilin and Jensen, Christian S. and Teng, Fei and Han, Peng and Xu, Zhiqiang and Li, Tianrui},
  booktitle={International Conference on Data Engineering}, 
  title={Learning Time-Aware Graph Structures for Spatially Correlated Time Series Forecasting}, 
  year={2024},
  pages={4435-4448}
}
@inproceedings{wu2019graph,
  title={Graph wavenet for deep spatial-temporal graph modeling},
  author={Wu, Zonghan and Pan, Shirui and Long, Guodong and Jiang, Jing and Zhang, Chengqi},
  booktitle={International Joint Conferences on Artificial Intelligence},
  year={2019}
}
@inproceedings{wang2021understanding,
  title={Understanding the behaviour of contrastive loss},
  author={Wang, Feng and Liu, Huaping},
  booktitle={IEEE/CVF conference on Computer Vision and Pattern Recognition},
  pages={2495--2504},
  year={2021}
}
@inproceedings{mixup,
  author       = {Hongyi Zhang and
                  Moustapha Ciss{\'{e}} and
                  Yann N. Dauphin and
                  David Lopez{-}Paz},
  title        = {mixup: Beyond Empirical Risk Minimization},
  booktitle    = {6th International Conference on Learning Representations},
  year         = {2018},
}
@book{chen2018lifelong,
  title={Lifelong machine learning},
  author={Chen, Zhiyuan and Liu, Bing},
  volume={1},
  year={2018},
  publisher={Springer}
}
@article{french1999catastrophic,
  title={Catastrophic forgetting in connectionist networks},
  author={French, Robert M},
  journal={Trends in cognitive sciences},
  volume={3},
  number={4},
  pages={128--135},
  year={1999},
  publisher={Elsevier}
}
@article{rolnick2019experience,
  title={Experience replay for continual learning},
  author={Rolnick, David and Ahuja, Arun and Schwarz, Jonathan and Lillicrap, Timothy and Wayne, Gregory},
  journal={Advances in neural information processing systems},
  volume={32},
  year={2019}
}
@inproceedings{NEURIPS2023_48aaa5ea,
 author = {Wu, Junkang and Chen, Jiawei and Wu, Jiancan and Shi, Wentao and Wang, Xiang and He, Xiangnan},
 booktitle = {Advances in Neural Information Processing Systems},
 pages = {23297--23320},
 publisher = {Curran Associates, Inc.},
 title = {Understanding Contrastive Learning via Distributionally Robust Optimization},
 volume = {36},
 year = {2023}
}
@inproceedings{yue2022ts2vec,
  title={{TS2Vec}: Towards universal representation of time series},
  author={Yue, Zhihan and Wang, Yujing and Duan, Juanyong and Yang, Tianmeng and Huang, Congrui and Tong, Yunhai and Xu, Bixiong},
  booktitle={AAAI Conference on Artificial Intelligence},
  volume={36},
  number={8},
  pages={8980--8987},
  year={2022}
}
@inproceedings{mtgnn,
  title={Connecting the dots: Multivariate time series forecasting with graph neural networks},
  author={Wu, Zonghan and Pan, Shirui and Long, Guodong and Jiang, Jing and Chang, Xiaojun and Zhang, Chengqi},
  booktitle={ACM SIGKDD international conference on Knowledge Discovery and Data mining},
  pages={753--763},
  year={2020}
}
@inproceedings{lopez2017gradient,
  title={Gradient episodic memory for continual learning},
  author={Lopez-Paz, David and Ranzato, Marc'Aurelio},
  booktitle={Advances in Neural Information Processing Systems},
  volume={30},
  year={2017}
}
@inproceedings{liu2024timesurl,
  title={{TimesURL}: Self-supervised contrastive learning for universal time series representation learning},
  author={Liu, Jiexi and Chen, Songcan},
  booktitle={AAAI Conference on Artificial Intelligence},
  volume={38},
  number={12},
  pages={13918--13926},
  year={2024}
}
@inproceedings{chen2020simple,
  title={A simple framework for contrastive learning of visual representations},
  author={Chen, Ting and Kornblith, Simon and Norouzi, Mohammad and Hinton, Geoffrey},
  booktitle={International Conference on Machine Learning},
  pages={1597--1607},
  year={2020},
}
@inproceedings{yeh2022decoupled,
  title={Decoupled contrastive learning},
  author={Yeh, Chun-Hsiao and Hong, Cheng-Yao and Hsu, Yen-Chi and Liu, Tyng-Luh and Chen, Yubei and LeCun, Yann},
  booktitle={European Conference on Computer Vision},
  pages={668--684},
  year={2022},
  organization={Springer}
}
@inproceedings{tan2024language,
  title={Are language models actually useful for time series forecasting?},
  author={Tan, Mingtian and Merrill, Mike A and Gupta, Vinayak and Althoff, Tim and Hartvigsen, Thomas},
  booktitle={The Thirty-eighth Annual Conference on Neural Information Processing Systems},
  year={2024}
}
@article{liu2023itransformer,
  title={i{T}ransformer: Inverted transformers are effective for time series forecasting},
  author={Liu, Yong and Hu, Tengge and Zhang, Haoran and Wu, Haixu and Wang, Shiyu and Ma, Lintao and Long, Mingsheng},
  journal={arXiv preprint arXiv:2310.06625},
  year={2023}
}
@article{rasp2020weatherbench,
  title={Weather{B}ench: a benchmark data set for data-driven weather forecasting},
  author={Rasp, Stephan and Dueben, Peter D and Scher, Sebastian and Weyn, Jonathan A and Mouatadid, Soukayna and Thuerey, Nils},
  journal={Journal of Advances in Modeling Earth Systems},
  volume={12},
  number={11},
  year={2020}
}
@article{gru,
  title={Empirical evaluation of gated recurrent neural networks on sequence modeling},
  author={Chung, Junyoung and Gulcehre, Caglar and Cho, KyungHyun and Bengio, Yoshua},
  journal={arXiv preprint arXiv:1412.3555},
  year={2014}
}
@inproceedings{msgnet,
  author       = {Wanlin Cai and
                  Yuxuan Liang and
                  Xianggen Liu and
                  Jianshuai Feng and
                  Yuankai Wu},
  title        = {{MSGNet}: Learning Multi-Scale Inter-series Correlations for Multivariate
                  Time Series Forecasting},
  booktitle    = {{AAAI} Conference on Artificial Intelligence},
  pages        = {11141--11149},
  year         = {2024},
}
@inproceedings{wavenet,
  author       = {A{\"{a}}ron van den Oord and
                  Sander Dieleman and
                  Heiga Zen and
                  Karen Simonyan and
                  Oriol Vinyals and
                  Alex Graves and
                  Nal Kalchbrenner and
                  Andrew W. Senior and
                  Koray Kavukcuoglu},
  title        = {{WaveNet}: {A} Generative Model for Raw Audio},
  booktitle    = {The 9th {ISCA} Speech Synthesis Workshop},
  pages        = {125},
  year         = {2016}
}
@inproceedings{dilated,
  author       = {Fisher Yu and
                  Vladlen Koltun},
  title        = {Multi-Scale Context Aggregation by Dilated Convolutions},
  booktitle    = {International Conference on Learning Representations},
  year         = {2016}
}
@article{liu2024largest,
  title={{LargeST}: A benchmark dataset for large-scale traffic forecasting},
  author={Liu, Xu and Xia, Yutong and Liang, Yuxuan and Hu, Junfeng and Wang, Yiwei and Bai, Lei and Huang, Chao and Liu, Zhenguang and Hooi, Bryan and Zimmermann, Roger},
  journal={Advances in Neural Information Processing Systems},
  volume={36},
  year={2024}
}
@inproceedings{wang2023Cons,
 author = {Wang, Yihe and Han, Yu and Wang, Haishuai and Zhang, Xiang},
 booktitle = {Advances in Neural Information Processing Systems},
 pages = {55694--55717},
 title = {Contrast Everything: A Hierarchical Contrastive Framework for Medical Time-Series},
 volume = {36},
 year = {2023}
}
@article{example1,
  title={Development and prospect of monitoring and prevention methods of icing disaster in China power grid},
  author={Dong, Bingbing and Jiang, Xingliang and Yin, Fanghui},
  journal={IET Generation, Transmission \& Distribution},
  volume={16},
  number={22},
  pages={4480--4493},
  year={2022}
}
@inproceedings{gpt4ts,
  title={{One Fits All}: Power General Time Series Analysis by Pretrained LM},
  author={Zhou, Tian and Niu, Peisong and Wang, Xue and Sun, Liang and Jin Rong},
  booktitle={NeurIPS},
  year={2023}
}
@article{example2,
  title={Major impacts of weather events on the electrical power delivery system in the United States},
  author={Shield, Stephen A and Quiring, Steven M and Pino, Jordan V and Buckstaff, Ken},
  journal={Energy},
  volume={218},
  pages={119434},
  year={2021}
}
@inproceedings{PatchTST,
  title     = {A Time Series is Worth 64 Words: Long-term Forecasting with Transformers},
  author    = {Nie, Yuqi and
               H. Nguyen, Nam and
               Sinthong, Phanwadee and 
               Kalagnanam, Jayant},
  booktitle = {International Conference on Learning Representations},
  year      = {2023}
}
@inproceedings{zhou2021informer,
  title={Informer: Beyond efficient transformer for long sequence time-series forecasting},
  author={Zhou, Haoyi and Zhang, Shanghang and Peng, Jieqi and Zhang, Shuai and Li, Jianxin and Xiong, Hui and Zhang, Wancai},
  booktitle={AAAI conference on Artificial Intelligence},
  volume={35},
  number={12},
  pages={11106--11115},
  year={2021}
}
@inproceedings{zheng2013u,
  title={U-air: When urban air quality inference meets big data},
  author={Zheng, Yu and Liu, Furui and Hsieh, Hsun-Ping},
  booktitle={ACM SIGKDD international conference on Knowledge Discovery and Data mining},
  pages={1436--1444},
  year={2013}
}
@inproceedings{Li2018DCRNN,
  author       = {Yaguang Li and
                  Rose Yu and
                  Cyrus Shahabi and
                  Yan Liu},
  title        = {Diffusion Convolutional Recurrent Neural Network: Data-Driven Traffic
                  Forecasting},
  booktitle    = {6th International Conference on Learning Representations},
  year         = {2018}
}
@inproceedings{cho-etal-2014-learning,
    title = "Learning Phrase Representations using {RNN} Encoder{--}Decoder for Statistical Machine Translation",
    author = {Cho, Kyunghyun  and
      van Merri{\"e}nboer, Bart  and
      Gulcehre, Caglar  and
      Bahdanau, Dzmitry  and
      Bougares, Fethi  and
      Schwenk, Holger  and
      Bengio, Yoshua},
    booktitle = "Conference on Empirical Methods in Natural Language Processing ({EMNLP})",
    year = "2014",
    pages = "1724--1734",
}
@article{bai2018empirical,
  title={An empirical evaluation of generic convolutional and recurrent networks for sequence modeling},
  author={Bai, Shaojie and Kolter, J Zico and Koltun, Vladlen},
  journal={arXiv preprint arXiv:1803.01271},
  year={2018}
}
@article{vaswani2017attention,
  title={Attention is all you need},
  author={Vaswani, Ashish and Shazeer, Noam and Parmar, Niki and Uszkoreit, Jakob and Jones, Llion and Gomez, Aidan N and Kaiser, {\L}ukasz and Polosukhin, Illia},
  journal={Advances in neural information processing systems},
  volume={30},
  year={2017}
}
@inproceedings{chebgcn,
  title={Convolutional neural networks on graphs with fast localized spectral filtering},
  author={Defferrard, Micha{\"e}l and Bresson, Xavier and Vandergheynst, Pierre},
  booktitle={Advances in Neural Information Processing Systems},
  volume={29},
  year={2016}
}
@inproceedings{hns,
  author       = {Joshua David Robinson and
                  Ching{-}Yao Chuang and
                  Suvrit Sra and
                  Stefanie Jegelka},
  title        = {Contrastive Learning with Hard Negative Samples},
  booktitle    = {9th International Conference on Learning Representations},
  year         = {2021}
}
@article{survey,
    author = {Benidis, Konstantinos and Rangapuram, Syama Sundar and Flunkert, Valentin and Wang, Yuyang and Maddix, Danielle and Turkmen, Caner and Gasthaus, Jan and Bohlke-Schneider, Michael and Salinas, David and Stella, Lorenzo and Aubet, Fran\c{c}ois-Xavier and Callot, Laurent and Januschowski, Tim},
    title = {Deep Learning for Time Series Forecasting: Tutorial and Literature Survey},
    year = {2022},
    volume = {55},
    number = {6},
    journal = {ACM Comput. Surv.},
    articleno = {121},
    numpages = {36}
}
@inproceedings{lai2018modeling,
  title={Modeling long-and short-term temporal patterns with deep neural networks},
  author={Lai, Guokun and Chang, Wei-Cheng and Yang, Yiming and Liu, Hanxiao},
  booktitle={ACM SIGIR Conference on Research and Development in Information Retrieval},
  pages={95--104},
  year={2018}
}
@article{kirkpatrick2017overcoming,
  title={Overcoming catastrophic forgetting in neural networks},
  author={Kirkpatrick, James and Pascanu, Razvan and Rabinowitz, Neil and Veness, Joel and Desjardins, Guillaume and Rusu, Andrei A and Milan, Kieran and Quan, John and Ramalho, Tiago and Grabska-Barwinska, Agnieszka and others},
  journal={National Academy of Sciences},
  volume={114},
  number={13},
  pages={3521--3526},
  year={2017}
}
@inproceedings{NEURIPS2023_dc1e32dd,
 author = {Yi, Kun and Zhang, Qi and Fan, Wei and He, Hui and Hu, Liang and Wang, Pengyang and An, Ning and Cao, Longbing and Niu, Zhendong},
 booktitle = {Advances in Neural Information Processing Systems},
 pages = {69638--69660},
 title = {FourierGNN: Rethinking Multivariate Time Series Forecasting from a Pure Graph Perspective},
 volume = {36},
 year = {2023}
}

@article{continuallearning,
  author    = {Van de Ven, G. M. and Tuytelaars, T. and Tolias, A. S.},
  title     = {Three types of incremental learning},
  journal   = {Nature Machine Intelligence},
  volume    = {4},
  pages     = {1185--1197},
  year      = {2022},
}
@article{shi2015convolutional,
  title={Convolutional {LSTM} {N}etwork: A machine learning approach for precipitation nowcasting},
  author={Shi, Xingjian and Chen, Zhourong and Wang, Hao and Yeung, Dit-Yan and Wong, Wai-Kin and Woo, Wang-chun},
  journal={Advances in neural information processing systems},
  volume={28},
  year={2015}
}
@inproceedings{zhang2017deep,
  title={Deep spatio-temporal residual networks for citywide crowd flows prediction},
  author={Zhang, Junbo and Zheng, Yu and Qi, Dekang},
  booktitle={AAAI conference on Artificial Intelligence},
  volume={31},
  number={1},
  year={2017}
}
@inproceedings{tonekaboni2021unsupervised,
  title={Unsupervised representation learning for time series with temporal neighborhood coding},
  author={Tonekaboni, Sana and Eytan, Danny and Goldenberg, Anna},
  booktitle={International Conference on Learning Representations},
  year={2021}
}
@inproceedings{robinson2020contrastive,
  title={Contrastive learning with hard negative samples},
  author={Robinson, Joshua and Chuang, Ching-Yao and Sra, Suvrit and Jegelka, Stefanie},
  booktitle={International Conference on Learning Representations},
  year={2021}
}