@article{bai2022monotonic,
	title={Monotonic quantile network for worst-case offline reinforcement learning},
	author={Bai, Chenjia and Xiao, Ting and Zhu, Zhoufan and Wang, Lingxiao and Zhou, Fan and Garg, Animesh and He, Bin and Liu, Peng and Wang, Zhaoran},
	journal={IEEE Transactions on Neural Networks and Learning Systems},
	year={2022},
	publisher={IEEE}
}

@inproceedings{bellemare2017distributional,
	title={A distributional perspective on reinforcement learning},
	author={Bellemare, Marc G and Dabney, Will and Munos, R{\'e}mi},
	booktitle={International conference on machine learning},
	pages={449--458},
	year={2017},
	organization={PMLR}
}

@article{black1976pricing,
	title={The pricing of commodity contracts},
	author={Black, Fischer},
	journal={Journal of financial economics},
	volume={3},
	number={1-2},
	pages={167--179},
	year={1976},
	publisher={Elsevier}
}

@article{cao2023gamma,
	title={Gamma and vega hedging using deep distributional reinforcement learning},
	author={Cao, Jay and Chen, Jacky and Farghadani, Soroush and Hull, John and Poulos, Zissis and Wang, Zeyu and Yuan, Jun},
	journal={Frontiers in Artificial Intelligence},
	volume={6},
	pages={1129370},
	year={2023},
	publisher={Frontiers}
}

@inproceedings{dabney2018implicit,
	title={Implicit quantile networks for distributional reinforcement learning},
	author={Dabney, Will and Ostrovski, Georg and Silver, David and Munos, R{\'e}mi},
	booktitle={International conference on machine learning},
	pages={1096--1105},
	year={2018},
	organization={PMLR}
}

@article{duan2021distributional,
	title={Distributional soft actor-critic: Off-policy reinforcement learning for addressing value estimation errors},
	author={Duan, Jingliang and Guan, Yang and Li, Shengbo Eben and Ren, Yangang and Sun, Qi and Cheng, Bo},
	journal={IEEE Transactions on Neural Networks and Learning Systems},
	volume={33},
	number={11},
	pages={6584--6598},
	year={2021},
	publisher={IEEE}
}

@article{huang2022distributional,
	title={A distributional perspective on multiagent cooperation with deep reinforcement learning},
	author={Huang, Liwei and Fu, Mingsheng and Rao, Ananya and Irissappane, Athirai A and Zhang, Jie and Xu, Chengzhong},
	journal={IEEE Transactions on Neural Networks and Learning Systems},
	volume={35},
	number={3},
	pages={4246--4259},
	year={2022},
	publisher={IEEE}
}

@book{hull2016options,
	title={Options, futures, and other derivatives},
	author={Hull, John C and Basu, Sankarshan},
	year={2016},
	publisher={Pearson Education India}
}

@article{jiang2017deep,
	title={A deep reinforcement learning framework for the financial portfolio management problem},
	author={Jiang, Zhengyao and Xu, Dixing and Liang, Jinjun},
	journal={arXiv preprint arXiv:1706.10059},
	year={2017}
}

@article{kling2011impact,
	title={The impact of stochastic volatility on pricing, hedging, and hedge efficiency of withdrawal benefit guarantees in variable annuities},
	author={Kling, Alexander and Ruez, Frederik and Russ, Jochen},
	journal={ASTIN Bulletin: The Journal of the IAA},
	volume={41},
	number={2},
	pages={511--545},
	year={2011},
	publisher={Cambridge University Press}
}

@article{merton1973theory,
	title={Theory of rational option pricing},
	author={Merton, Robert C},
	journal={The Bell Journal of economics and management science},
	pages={141--183},
	year={1973},
	publisher={JSTOR}
}

@article{moody2001learning,
	title={Learning to trade via direct reinforcement},
	author={Moody, John and Saffell, Matthew},
	journal={IEEE transactions on neural Networks},
	volume={12},
	number={4},
	pages={875--889},
	year={2001},
	publisher={IEEE}
}

@article{tessler2019distributional,
	title={Distributional policy optimization: An alternative approach for continuous control},
	author={Tessler, Chen and Tennenholtz, Guy and Mannor, Shie},
	journal={Advances in Neural Information Processing Systems},
	volume={32},
	year={2019}
}

@article{zhao2023federated,
	title={Federated Learning for Data Trading Portfolio Allocation With Autonomous Economic Agents},
	author={Zhao, Lei and Cai, Lin and Lu, Wu-Sheng},
	journal={IEEE Transactions on Neural Networks and Learning Systems},
	year={2023},
	publisher={IEEE}
}

