@article{wang2019smart,
	title={Smart resource allocation for mobile edge computing: A deep reinforcement learning approach},
	author={Wang, Jiadai and Zhao, Lei and Liu, Jiajia and Kato, Nei},
	journal={IEEE Transactions on emerging topics in computing},
	volume={9},
	number={3},
	pages={1529--1541},
	year={2019},
	publisher={IEEE}
}

@article{zhao2019routing,
	title={Routing for crowd management in smart cities: A deep reinforcement learning perspective},
	author={Zhao, Lei and Wang, Jiadai and Liu, Jiajia and Kato, Nei},
	journal={IEEE Communications Magazine},
	volume={57},
	number={4},
	pages={88--93},
	year={2019},
	publisher={IEEE}
}

@article{zhao2023federated,
	title={Federated Learning for Data Trading Portfolio Allocation With Autonomous Economic Agents},
	author={Zhao, Lei and Cai, Lin and Lu, Wu-Sheng},
	journal={IEEE Transactions on Neural Networks and Learning Systems},
	year={2023},
	publisher={IEEE}
}

@book{hull2013fundamentals,
	title={Fundamentals of futures and options markets},
	author={Hull, John and Treepongkaruna, Sirimon and Colwell, David and Heaney, Richard and Pitt, David},
	year={2013},
	publisher={Pearson Higher Education AU}
}

@book{wilmott2013paul,
	title={Paul Wilmott on quantitative finance},
	author={Wilmott, Paul},
	year={2013},
	publisher={John Wiley \& Sons}
}

@article{park2022uncertainty,
	title={Uncertainty-aware portfolio management with risk-sensitive multiagent network},
	author={Park, Kidon and Jung, Hong-Gyu and Eom, Tae-San and Lee, Seong-Whan},
	journal={IEEE Transactions on Neural Networks and Learning Systems},
	volume={35},
	number={1},
	pages={362--375},
	year={2022},
	publisher={IEEE}
}

@article{deng2016deep,
	title={Deep direct reinforcement learning for financial signal representation and trading},
	author={Deng, Yue and Bao, Feng and Kong, Youyong and Ren, Zhiquan and Dai, Qionghai},
	journal={IEEE Transactions on Neural Networks and Learning Systems},
	volume={28},
	number={3},
	pages={653--664},
	year={2016},
	publisher={IEEE}
}

@article{bai2022monotonic,
	title={Monotonic quantile network for worst-case offline reinforcement learning},
	author={Bai, Chenjia and Xiao, Ting and Zhu, Zhoufan and Wang, Lingxiao and Zhou, Fan and Garg, Animesh and He, Bin and Liu, Peng and Wang, Zhaoran},
	journal={IEEE Transactions on Neural Networks and Learning Systems},
	year={2022},
	publisher={IEEE}
}

@article{huang2022distributional,
	title={A distributional perspective on multiagent cooperation with deep reinforcement learning},
	author={Huang, Liwei and Fu, Mingsheng and Rao, Ananya and Irissappane, Athirai A and Zhang, Jie and Xu, Chengzhong},
	journal={IEEE Transactions on Neural Networks and Learning Systems},
	volume={35},
	number={3},
	pages={4246--4259},
	year={2022},
	publisher={IEEE}
}

@article{duan2021distributional,
	title={Distributional soft actor-critic: Off-policy reinforcement learning for addressing value estimation errors},
	author={Duan, Jingliang and Guan, Yang and Li, Shengbo Eben and Ren, Yangang and Sun, Qi and Cheng, Bo},
	journal={IEEE Transactions on Neural Networks and Learning Systems},
	volume={33},
	number={11},
	pages={6584--6598},
	year={2021},
	publisher={IEEE}
}

@article{black1976pricing,
	title={The pricing of commodity contracts},
	author={Black, Fischer},
	journal={Journal of financial economics},
	volume={3},
	number={1-2},
	pages={167--179},
	year={1976},
	publisher={Elsevier}
}



@article{manna2022learning,
	title={Learning in continuous action space for developing high dimensional potential energy models},
	author={Manna, Sukriti and Loeffler, Troy D and Batra, Rohit and Banik, Suvo and Chan, Henry and Varughese, Bilvin and Sasikumar, Kiran and Sternberg, Michael and Peterka, Tom and Cherukara, Mathew J and others},
	journal={Nature communications},
	volume={13},
	number={1},
	pages={368},
	year={2022},
	publisher={Nature Publishing Group UK London}
}

@inproceedings{tang2020discretizing,
	title={Discretizing continuous action space for on-policy optimization},
	author={Tang, Yunhao and Agrawal, Shipra},
	booktitle={Proceedings of the aaai conference on artificial intelligence},
	volume={34},
	number={04},
	pages={5981--5988},
	year={2020}
}

@article{hagan2002managing,
	title={Managing smile risk},
	author={Hagan, Patrick S and Kumar, Deep and Lesniewski, Andrew S and Woodward, Diana E},
	journal={The Best of Wilmott},
	volume={1},
	pages={249--296},
	year={2002}
}

@article{cao2021deep,
	title={Deep hedging of derivatives using reinforcement learning},
	author={Cao, Jay and Chen, Jacky and Hull, John and Poulos, Zissis},
	journal={arXiv preprint arXiv:2103.16409},
	year={2021}
}

@article{mosavi2020comprehensive,
	title={Comprehensive review of deep reinforcement learning methods and applications in economics},
	author={Mosavi, Amirhosein and Faghan, Yaser and Ghamisi, Pedram and Duan, Puhong and Ardabili, Sina Faizollahzadeh and Salwana, Ely and Band, Shahab S},
	journal={Mathematics},
	volume={8},
	number={10},
	pages={1640},
	year={2020},
	publisher={MDPI}
}

@article{jiang2017deep,
	title={A deep reinforcement learning framework for the financial portfolio management problem},
	author={Jiang, Zhengyao and Xu, Dixing and Liang, Jinjun},
	journal={arXiv preprint arXiv:1706.10059},
	year={2017}
}

@book{klaas2019machine,
	title={Machine learning for finance: principles and practice for financial insiders},
	author={Klaas, Jannes},
	year={2019},
	publisher={Packt Publishing Ltd}
}

@article{figlewski1997forecasting,
	title={Forecasting volatility},
	author={Figlewski, Stephen},
	journal={Financial markets, institutions \& instruments},
	volume={6},
	number={1},
	pages={1--88},
	year={1997},
	publisher={Wiley Online Library}
}

@article{brunetti2016speculators,
	title={Speculators, prices, and market volatility},
	author={Brunetti, Celso and B{\"u}y{\"u}k{\c{s}}ahin, Bahattin and Harris, Jeffrey H},
	journal={Journal of Financial and Quantitative Analysis},
	volume={51},
	number={5},
	pages={1545--1574},
	year={2016},
	publisher={Cambridge University Press}
}

@article{herrmann2017model,
	title={Model uncertainty, recalibration, and the emergence of delta--vega hedging},
	author={Herrmann, Sebastian and Muhle-Karbe, Johannes},
	journal={Finance and Stochastics},
	volume={21},
	pages={873--930},
	year={2017},
	publisher={Springer}
}

@article{bartlett2006hedging,
	title={Hedging under SABR model},
	author={Bartlett, Bruce},
	journal={Wilmott magazine},
	volume={4},
	number={06},
	pages={2--4},
	year={2006}
}

@article{brownlees2010comparison,
	title={Comparison of volatility measures: a risk management perspective},
	author={Brownlees, Christian T and Gallo, Giampiero M},
	journal={Journal of Financial Econometrics},
	volume={8},
	number={1},
	pages={29--56},
	year={2010},
	publisher={Oxford University Press}
}

@book{rebonato2005volatility,
	title={Volatility and correlation: the perfect hedger and the fox},
	author={Rebonato, Riccardo},
	year={2005},
	publisher={John Wiley \& Sons}
}

@article{alexander2023delta,
	title={Delta hedging bitcoin options with a smile},
	author={Alexander, Carol and Imeraj, Arben},
	journal={Quantitative Finance},
	volume={23},
	number={5},
	pages={799--817},
	year={2023},
	publisher={Taylor \& Francis}
}

@article{andersen2017short,
	title={Short-term market risks implied by weekly options},
	author={Andersen, Torben G and Fusari, Nicola and Todorov, Viktor},
	journal={The Journal of Finance},
	volume={72},
	number={3},
	pages={1335--1386},
	year={2017},
	publisher={Wiley Online Library}
}

@article{liu2019pricing,
	title={Pricing options and computing implied volatilities using neural networks},
	author={Liu, Shuaiqiang and Oosterlee, Cornelis W and Bohte, Sander M},
	journal={Risks},
	volume={7},
	number={1},
	pages={16},
	year={2019},
	publisher={MDPI}
}

@book{hull2012risk,
	title={Risk management and financial institutions,+ Web Site},
	author={Hull, John},
	volume={733},
	year={2012},
	publisher={John Wiley \& Sons}
}

@book{sutton2018reinforcement,
	title={Reinforcement learning: An introduction},
	author={Sutton, Richard S and Barto, Andrew G},
	year={2018},
	publisher={MIT press}
}

@article{moody2001learning,
	title={Learning to trade via direct reinforcement},
	author={Moody, John and Saffell, Matthew},
	journal={IEEE transactions on neural Networks},
	volume={12},
	number={4},
	pages={875--889},
	year={2001},
	publisher={IEEE}
}

@article{cao2023gamma,
	title={Gamma and vega hedging using deep distributional reinforcement learning},
	author={Cao, Jay and Chen, Jacky and Farghadani, Soroush and Hull, John and Poulos, Zissis and Wang, Zeyu and Yuan, Jun},
	journal={Frontiers in Artificial Intelligence},
	volume={6},
	pages={1129370},
	year={2023},
	publisher={Frontiers}
}

@article{kling2011impact,
	title={The impact of stochastic volatility on pricing, hedging, and hedge efficiency of withdrawal benefit guarantees in variable annuities},
	author={Kling, Alexander and Ruez, Frederik and Russ, Jochen},
	journal={ASTIN Bulletin: The Journal of the IAA},
	volume={41},
	number={2},
	pages={511--545},
	year={2011},
	publisher={Cambridge University Press}
}

@article{merton1973theory,
	title={Theory of rational option pricing},
	author={Merton, Robert C},
	journal={The Bell Journal of economics and management science},
	pages={141--183},
	year={1973},
	publisher={JSTOR}
}

@book{hull2016options,
	title={Options, futures, and other derivatives},
	author={Hull, John C and Basu, Sankarshan},
	year={2016},
	publisher={Pearson Education India}
}

@article{tessler2019distributional,
	title={Distributional policy optimization: An alternative approach for continuous control},
	author={Tessler, Chen and Tennenholtz, Guy and Mannor, Shie},
	journal={Advances in Neural Information Processing Systems},
	volume={32},
	year={2019}
}

@inproceedings{o2018uncertainty,
	title={The uncertainty bellman equation and exploration},
	author={Oâ€™Donoghue, Brendan and Osband, Ian and Munos, Remi and Mnih, Volodymyr},
	booktitle={International Conference on Machine Learning},
	pages={3836--3845},
	year={2018}
}

@inproceedings{dabney2018implicit,
	title={Implicit quantile networks for distributional reinforcement learning},
	author={Dabney, Will and Ostrovski, Georg and Silver, David and Munos, R{\'e}mi},
	booktitle={International conference on machine learning},
	pages={1096--1105},
	year={2018},
	organization={PMLR}
}

@inproceedings{dabney2018distributional,
	title={Distributional reinforcement learning with quantile regression},
	author={Dabney, Will and Rowland, Mark and Bellemare, Marc and Munos, R{\'e}mi},
	booktitle={Proceedings of the AAAI Conference on Artificial Intelligence},
	volume={32},
	number={1},
	year={2018}
}

@inproceedings{bellemare2017distributional,
	title={A distributional perspective on reinforcement learning},
	author={Bellemare, Marc G and Dabney, Will and Munos, R{\'e}mi},
	booktitle={International conference on machine learning},
	pages={449--458},
	year={2017},
	organization={PMLR}
}

@article{halperin2019qlbs,
	title={The QLBS Q-Learner goes NuQLear: fitted Q iteration, inverse RL, and option portfolios},
	author={Halperin, Igor},
	journal={Quantitative Finance},
	volume={19},
	number={9},
	pages={1543--1553},
	year={2019},
	publisher={Taylor \& Francis}
}

@article{halperin2020qlbs,
	title={Qlbs: Q-learner in the black-scholes (-merton) worlds},
	author={Halperin, Igor},
	journal={The Journal of Derivatives},
	volume={28},
	number={1},
	pages={99--122},
	year={2020},
	publisher={Institutional Investor Journals Umbrella}
}

@article{buehler2019deep,
	title={Deep hedging},
	author={Buehler, Hans and Gonon, Lukas and Teichmann, Josef and Wood, Ben},
	journal={Quantitative Finance},
	volume={19},
	number={8},
	pages={1271--1291},
	year={2019},
	publisher={Taylor \& Francis}
}

@article{kolm2019dynamic,
	title={Dynamic replication and hedging: A reinforcement learning approach},
	author={Kolm, Petter N and Ritter, Gordon},
	journal={The Journal of Financial Data Science},
	volume={1},
	number={1},
	pages={159--171},
	year={2019},
	publisher={Institutional Investor Journals Umbrella}
}

@article{cao2020deep,
	title={Deep hedging of derivatives using reinforcement learning},
	author={Cao, Jay and Chen, Jacky and Hull, John and Poulos, Zissis},
	journal={The Journal of Financial Data Science},
	year={2020},
	publisher={Institutional Investor Journals Umbrella}
}