@inproceedings{bao2025llms,
    title = "How Likely Do {LLM}s with {C}o{T} Mimic Human Reasoning?",
    author = "Bao, Guangsheng  and
      Zhang, Hongbo  and
      Wang, Cunxiang  and
      Yang, Linyi  and
      Zhang, Yue",
    editor = "Rambow, Owen  and
      Wanner, Leo  and
      Apidianaki, Marianna  and
      Al-Khalifa, Hend  and
      Eugenio, Barbara Di  and
      Schockaert, Steven",
    booktitle = "Proceedings of the 31st International Conference on Computational Linguistics",
    month = jan,
    year = "2025",
    address = "Abu Dhabi, UAE",
    publisher = "Association for Computational Linguistics",
    url = "https://aclanthology.org/2025.coling-main.524/",
    pages = "7831--7850",
}

@article{lai2024step,
  title={Step-DPO: Step-wise Preference Optimization for Long-chain Reasoning of LLMs},
  author={Lai, Xin and Tian, Zhuotao and Chen, Yukang and Yang, Senqiao and Peng, Xiangru and Jia, Jiaya},
  journal={arXiv preprint arXiv:2406.18629},
  year={2024}
}
@article{feng2023alphazero,
  title={Alphazero-like tree-search can guide large language model decoding and training},
  author={Feng, Xidong and Wan, Ziyu and Wen, Muning and Wen, Ying and Zhang, Weinan and Wang, Jun},
  journal={arXiv preprint arXiv:2309.17179},
  year={2023}
}
@article{wang2023math,
  title={Math-shepherd: Verify and reinforce llms step-by-step without human annotations},
  author={Wang, Peiyi and Li, Lei and Shao, Zhihong and Xu, RX and Dai, Damai and Li, Yifei and Chen, Deli and Wu, Y and Sui, Zhifang},
  journal={CoRR, abs/2312.08935},
  year={2023}
}
@article{chen2024step,
  title={Step-level Value Preference Optimization for Mathematical Reasoning},
  author={Chen, Guoxin and Liao, Minpeng and Li, Chengxi and Fan, Kai},
  journal={arXiv preprint arXiv:2406.10858},
  year={2024}
}
@article{yuan2024advancing,
  title={Advancing llm reasoning generalists with preference trees},
  author={Yuan, Lifan and Cui, Ganqu and Wang, Hanbin and Ding, Ning and Wang, Xingyao and Deng, Jia and Shan, Boji and Chen, Huimin and Xie, Ruobing and Lin, Yankai and others},
  journal={arXiv preprint arXiv:2404.02078},
  year={2024}
}
@article{kim2024sdpo,
  title={sDPO: Don't Use Your Data All at Once},
  author={Kim, Dahyun and Kim, Yungi and Song, Wonho and Kim, Hyeonwoo and Kim, Yunsu and Kim, Sanghoon and Park, Chanjun},
  journal={arXiv preprint arXiv:2403.19270},
  year={2024}
}
@article{xie2024monte,
  title={Monte Carlo Tree Search Boosts Reasoning via Iterative Preference Learning},
  author={Xie, Yuxi and Goyal, Anirudh and Zheng, Wenyue and Kan, Min-Yen and Lillicrap, Timothy P and Kawaguchi, Kenji and Shieh, Michael},
  journal={arXiv preprint arXiv:2405.00451},
  year={2024}
}
@article{yang2024weak,
  title={Weak-to-Strong Reasoning},
  author={Yang, Yuqing and Ma, Yan and Liu, Pengfei},
  journal={arXiv preprint arXiv:2407.13647},
  year={2024}
}

@misc{lightman2023letsverifystepstep,
      title={Let's Verify Step by Step}, 
      author={Hunter Lightman and Vineet Kosaraju and Yura Burda and Harri Edwards and Bowen Baker and Teddy Lee and Jan Leike and John Schulman and Ilya Sutskever and Karl Cobbe},
      year={2023},
      eprint={2305.20050},
      archivePrefix={arXiv},
      primaryClass={cs.LG},
      url={https://arxiv.org/abs/2305.20050}, 
}

@misc{xi2024traininglargelanguagemodels,
      title={Training Large Language Models for Reasoning through Reverse Curriculum Reinforcement Learning}, 
      author={Zhiheng Xi and Wenxiang Chen and Boyang Hong and Senjie Jin and Rui Zheng and Wei He and Yiwen Ding and Shichun Liu and Xin Guo and Junzhe Wang and Honglin Guo and Wei Shen and Xiaoran Fan and Yuhao Zhou and Shihan Dou and Xiao Wang and Xinbo Zhang and Peng Sun and Tao Gui and Qi Zhang and Xuanjing Huang},
      year={2024},
      eprint={2402.05808},
      archivePrefix={arXiv},
      primaryClass={cs.AI},
      url={https://arxiv.org/abs/2402.05808}, 
}
@misc{rafailov2023directpreferenceoptimizationlanguage,
      title={Direct Preference Optimization: Your Language Model is Secretly a Reward Model}, 
      author={Rafael Rafailov and Archit Sharma and Eric Mitchell and Stefano Ermon and Christopher D. Manning and Chelsea Finn},
      year={2023},
      eprint={2305.18290},
      archivePrefix={arXiv},
      primaryClass={cs.LG},
      url={https://arxiv.org/abs/2305.18290}, 
}

@misc{ethayarajh2024ktomodelalignmentprospect,
      title={KTO: Model Alignment as Prospect Theoretic Optimization}, 
      author={Kawin Ethayarajh and Winnie Xu and Niklas Muennighoff and Dan Jurafsky and Douwe Kiela},
      year={2024},
      eprint={2402.01306},
      archivePrefix={arXiv},
      primaryClass={cs.LG},
      url={https://arxiv.org/abs/2402.01306}, 
}

@misc{chen2024noise,
      title={Noise Contrastive Alignment of Language Models with Explicit Rewards}, 
      author={Huayu Chen and Guande He and Lifan Yuan and Ganqu Cui and Hang Su and Jun Zhu},
      year={2024},
      eprint={2402.05369},
      archivePrefix={arXiv},
      primaryClass={cs.LG},
      url={https://arxiv.org/abs/2402.05369}, 
}
@article{yao2024tree,
  title={Tree of thoughts: Deliberate problem solving with large language models},
  author={Yao, Shunyu and Yu, Dian and Zhao, Jeffrey and Shafran, Izhak and Griffiths, Tom and Cao, Yuan and Narasimhan, Karthik},
  journal={Advances in Neural Information Processing Systems},
  volume={36},
  year={2024}
}
@inproceedings{besta2024graph,
  title={Graph of thoughts: Solving elaborate problems with large language models},
  author={Besta, Maciej and Blach, Nils and Kubicek, Ales and Gerstenberger, Robert and Podstawski, Michal and Gianinazzi, Lukas and Gajda, Joanna and Lehmann, Tomasz and Niewiadomski, Hubert and Nyczyk, Piotr and others},
  booktitle={Proceedings of the AAAI Conference on Artificial Intelligence},
  volume={38},
  pages={17682--17690},
  year={2024}
}
@article{yang2024buffer,
  title={Buffer of Thoughts: Thought-Augmented Reasoning with Large Language Models},
  author={Yang, Ling and Yu, Zhaochen and Zhang, Tianjun and Cao, Shiyi and Xu, Minkai and Zhang, Wentao and Gonzalez, Joseph E and Cui, Bin},
  journal={arXiv preprint arXiv:2406.04271},
  year={2024}
}
@article{wang2023plan,
  title={Plan-and-solve prompting: Improving zero-shot chain-of-thought reasoning by large language models},
  author={Wang, Lei and Xu, Wanyu and Lan, Yihuai and Hu, Zhiqiang and Lan, Yunshi and Lee, Roy Ka-Wei and Lim, Ee-Peng},
  journal={arXiv preprint arXiv:2305.04091},
  year={2023}
}
@article{zheng2023take,
  title={Take a step back: Evoking reasoning via abstraction in large language models},
  author={Zheng, Huaixiu Steven and Mishra, Swaroop and Chen, Xinyun and Cheng, Heng-Tze and Chi, Ed H and Le, Quoc V and Zhou, Denny},
  journal={arXiv preprint arXiv:2310.06117},
  year={2023}
}
@article{shao2024deepseekmath,
  title={Deepseekmath: Pushing the limits of mathematical reasoning in open language models},
  author={Shao, Zhihong and Wang, Peiyi and Zhu, Qihao and Xu, Runxin and Song, Junxiao and Zhang, Mingchuan and Li, YK and Wu, Yu and Guo, Daya},
  journal={arXiv preprint arXiv:2402.03300},
  year={2024}
}
@article{azerbayev2023llemma,
  title={Llemma: An open language model for mathematics},
  author={Azerbayev, Zhangir and Schoelkopf, Hailey and Paster, Keiran and Santos, Marco Dos and McAleer, Stephen and Jiang, Albert Q and Deng, Jia and Biderman, Stella and Welleck, Sean},
  journal={arXiv preprint arXiv:2310.10631},
  year={2023}
}
@article{yue2023mammoth,
  title={Mammoth: Building math generalist models through hybrid instruction tuning},
  author={Yue, Xiang and Qu, Xingwei and Zhang, Ge and Fu, Yao and Huang, Wenhao and Sun, Huan and Su, Yu and Chen, Wenhu},
  journal={arXiv preprint arXiv:2309.05653},
  year={2023}
}
@article{mukherjee2023orca,
  title={Orca: Progressive learning from complex explanation traces of gpt-4},
  author={Mukherjee, Subhabrata and Mitra, Arindam and Jawahar, Ganesh and Agarwal, Sahaj and Palangi, Hamid and Awadallah, Ahmed},
  journal={arXiv preprint arXiv:2306.02707},
  year={2023}
}
@article{mitra2023orca,
  title={Orca 2: Teaching small language models how to reason},
  author={Mitra, Arindam and Del Corro, Luciano and Mahajan, Shweti and Codas, Andres and Simoes, Clarisse and Agarwal, Sahaj and Chen, Xuxi and Razdaibiedina, Anastasia and Jones, Erik and Aggarwal, Kriti and others},
  journal={arXiv preprint arXiv:2311.11045},
  year={2023}
}
@article{yu2023metamath,
  title={Metamath: Bootstrap your own mathematical questions for large language models},
  author={Yu, Longhui and Jiang, Weisen and Shi, Han and Yu, Jincheng and Liu, Zhengying and Zhang, Yu and Kwok, James T and Li, Zhenguo and Weller, Adrian and Liu, Weiyang},
  journal={arXiv preprint arXiv:2309.12284},
  year={2023}
}
@article{chen2024alphamath,
  title={AlphaMath Almost Zero: process Supervision without process},
  author={Chen, Guoxin and Liao, Minpeng and Li, Chengxi and Fan, Kai},
  journal={arXiv preprint arXiv:2405.03553},
  year={2024}
}
@article{rafailov2024r,
  title={{From $r$ to $Q^{*}$: Your Language Model is Secretly a Q-Function}},
  author={Rafailov, Rafael and Hejna, Joey and Park, Ryan and Finn, Chelsea},
  journal={arXiv preprint arXiv:2404.12358},
  year={2024}
}
@article{ouyang2022training,
  title={Training language models to follow instructions with human feedback},
  author={Ouyang, Long and Wu, Jeffrey and Jiang, Xu and Almeida, Diogo and Wainwright, Carroll and Mishkin, Pamela and Zhang, Chong and Agarwal, Sandhini and Slama, Katarina and Ray, Alex and others},
  journal={Advances in neural information processing systems},
  volume={35},
  pages={27730--27744},
  year={2022}
}
@article{schulman2017proximal,
  title={Proximal policy optimization algorithms},
  author={Schulman, John and Wolski, Filip and Dhariwal, Prafulla and Radford, Alec and Klimov, Oleg},
  journal={arXiv preprint arXiv:1707.06347},
  year={2017}
}
@article{ethayarajh2024kto,
  title={Kto: Model alignment as prospect theoretic optimization},
  author={Ethayarajh, Kawin and Xu, Winnie and Muennighoff, Niklas and Jurafsky, Dan and Kiela, Douwe},
  journal={arXiv preprint arXiv:2402.01306},
  year={2024}
}
@inproceedings{azar2024general,
  title={A general theoretical paradigm to understand learning from human preferences},
  author={Azar, Mohammad Gheshlaghi and Guo, Zhaohan Daniel and Piot, Bilal and Munos, Remi and Rowland, Mark and Valko, Michal and Calandriello, Daniele},
  booktitle={International Conference on Artificial Intelligence and Statistics},
  pages={4447--4455},
  year={2024},
  organization={PMLR}
}
@article{yu2023natural,
  title={Natural language reasoning, a survey},
  author={Yu, Fei and Zhang, Hongbo and Tiwari, Prayag and Wang, Benyou},
  journal={ACM Computing Surveys},
  year={2023},
  publisher={ACM New York, NY}
}
@article{dubey2024llama,
  title={The llama 3 herd of models},
  author={Dubey, Abhimanyu and Jauhri, Abhinav and Pandey, Abhinav and Kadian, Abhishek and Al-Dahle, Ahmad and Letman, Aiesha and Mathur, Akhil and Schelten, Alan and Yang, Amy and Fan, Angela and others},
  journal={arXiv preprint arXiv:2407.21783},
  year={2024}
}
@article{reid2024gemini,
  title={Gemini 1.5: Unlocking multimodal understanding across millions of tokens of context},
  author={Reid, Machel and Savinov, Nikolay and Teplyashin, Denis and Lepikhin, Dmitry and Lillicrap, Timothy and Alayrac, Jean-baptiste and Soricut, Radu and Lazaridou, Angeliki and Firat, Orhan and Schrittwieser, Julian and others},
  journal={arXiv preprint arXiv:2403.05530},
  year={2024}
}
@article{achiam2023gpt,
  title={Gpt-4 technical report},
  author={Achiam, Josh and Adler, Steven and Agarwal, Sandhini and Ahmad, Lama and Akkaya, Ilge and Aleman, Florencia Leoni and Almeida, Diogo and Altenschmidt, Janko and Altman, Sam and Anadkat, Shyamal and others},
  journal={arXiv preprint arXiv:2303.08774},
  year={2023}
}
@article{phoenix-2023,
  title={Phoenix: Democratizing ChatGPT across Languages},
  author={Zhihong Chen and Feng Jiang and Junying Chen and Tiannan Wang and Fei Yu and Guiming Chen and Hongbo Zhang and Juhao Liang and Chen Zhang and Zhiyi Zhang and Jianquan Li and Xiang Wan and Benyou Wang and Haizhou Li},
  journal={arXiv preprint arXiv:2304.10453},
  year={2023}
}
@article{ivison2023camels,
  title={Camels in a changing climate: Enhancing lm adaptation with tulu 2},
  author={Ivison, Hamish and Wang, Yizhong and Pyatkin, Valentina and Lambert, Nathan and Peters, Matthew and Dasigi, Pradeep and Jang, Joel and Wadden, David and Smith, Noah A and Beltagy, Iz and others},
  journal={arXiv preprint arXiv:2311.10702},
  year={2023}
}
@article{yang2024qwen2,
  title={Qwen2 technical report},
  author={Yang, An and Yang, Baosong and Hui, Binyuan and Zheng, Bo and Yu, Bowen and Zhou, Chang and Li, Chengpeng and Li, Chengyuan and Liu, Dayiheng and Huang, Fei and others},
  journal={arXiv preprint arXiv:2407.10671},
  year={2024}
}
@inproceedings{song2024preference,
  title={Preference ranking optimization for human alignment},
  author={Song, Feifan and Yu, Bowen and Li, Minghao and Yu, Haiyang and Huang, Fei and Li, Yongbin and Wang, Houfeng},
  booktitle={Proceedings of the AAAI Conference on Artificial Intelligence},
  volume={38},
  number={17},
  pages={18990--18998},
  year={2024}
}
@article{silver2017mastering,
  title={Mastering the game of go without human knowledge},
  author={Silver, David and Schrittwieser, Julian and Simonyan, Karen and Antonoglou, Ioannis and Huang, Aja and Guez, Arthur and Hubert, Thomas and Baker, Lucas and Lai, Matthew and Bolton, Adrian and others},
  journal={nature},
  volume={550},
  number={7676},
  pages={354--359},
  year={2017},
  publisher={Nature Publishing Group}
}
@article{silver2016mastering,
  title={Mastering the game of Go with deep neural networks and tree search},
  author={Silver, David and Huang, Aja and Maddison, Chris J and Guez, Arthur and Sifre, Laurent and Van Den Driessche, George and Schrittwieser, Julian and Antonoglou, Ioannis and Panneershelvam, Veda and Lanctot, Marc and others},
  journal={nature},
  volume={529},
  number={7587},
  pages={484--489},
  year={2016},
  publisher={Nature Publishing Group}
}
@article{bradley1952rank,
  title={Rank analysis of incomplete block designs: I. The method of paired comparisons},
  author={Bradley, Ralph Allan and Terry, Milton E},
  journal={Biometrika},
  volume={39},
  number={3/4},
  pages={324--345},
  year={1952},
  publisher={JSTOR}
}
@article{hao2023reasoning,
  title={Reasoning with language model is planning with world model},
  author={Hao, Shibo and Gu, Yi and Ma, Haodi and Hong, Joshua Jiahua and Wang, Zhen and Wang, Daisy Zhe and Hu, Zhiting},
  journal={arXiv preprint arXiv:2305.14992},
  year={2023}
}
@article{yu2023outcome,
  title={Outcome-supervised verifiers for planning in mathematical reasoning},
  author={Yu, Fei and Gao, Anningzhe and Wang, Benyou},
  journal={arXiv preprint arXiv:2311.09724},
  year={2023}
}
@article{cobbe2021training,
  title={Training verifiers to solve math word problems},
  author={Cobbe, Karl and Kosaraju, Vineet and Bavarian, Mohammad and Chen, Mark and Jun, Heewoo and Kaiser, Lukasz and Plappert, Matthias and Tworek, Jerry and Hilton, Jacob and Nakano, Reiichiro and others},
  journal={arXiv preprint arXiv:2110.14168},
  year={2021}
}
@article{hendrycks2021measuring,
  title={Measuring mathematical problem solving with the math dataset},
  author={Hendrycks, Dan and Burns, Collin and Kadavath, Saurav and Arora, Akul and Basart, Steven and Tang, Eric and Song, Dawn and Steinhardt, Jacob},
  journal={arXiv preprint arXiv:2103.03874},
  year={2021}
}
@article{lewkowycz2022solving,
  title={Solving quantitative reasoning problems with language models},
  author={Lewkowycz, Aitor and Andreassen, Anders and Dohan, David and Dyer, Ethan and Michalewski, Henryk and Ramasesh, Vinay and Slone, Ambrose and Anil, Cem and Schlag, Imanol and Gutman-Solo, Theo and others},
  journal={Advances in Neural Information Processing Systems},
  volume={35},
  pages={3843--3857},
  year={2022}
}
@article{liao2024mario,
  title={MARIO: MAth Reasoning with code Interpreter Output--A Reproducible Pipeline},
  author={Liao, Minpeng and Luo, Wei and Li, Chengxi and Wu, Jing and Fan, Kai},
  journal={arXiv preprint arXiv:2401.08190},
  year={2024}
}
@article{wei2022chain,
  title={Chain-of-thought prompting elicits reasoning in large language models},
  author={Wei, Jason and Wang, Xuezhi and Schuurmans, Dale and Bosma, Maarten and Xia, Fei and Chi, Ed and Le, Quoc V and Zhou, Denny and others},
  journal={Advances in neural information processing systems},
  volume={35},
  pages={24824--24837},
  year={2022}
}
@article{zhang2023evaluating,
  title={Evaluating the performance of large language models on gaokao benchmark},
  author={Zhang, Xiaotian and Li, Chunyang and Zong, Yi and Ying, Zhengyu and He, Liang and Qiu, Xipeng},
  journal={arXiv preprint arXiv:2305.12474},
  year={2023}
}
@article{zhong2023agieval,
  title={Agieval: A human-centric benchmark for evaluating foundation models},
  author={Zhong, Wanjun and Cui, Ruixiang and Guo, Yiduo and Liang, Yaobo and Lu, Shuai and Wang, Yanlin and Saied, Amin and Chen, Weizhu and Duan, Nan},
  journal={arXiv preprint arXiv:2304.06364},
  year={2023}
}
@article{zhang2024chain,
  title={Chain of Preference Optimization: Improving Chain-of-Thought Reasoning in LLMs},
  author={Zhang, Xuan and Du, Chao and Pang, Tianyu and Liu, Qian and Gao, Wei and Lin, Min},
  journal={arXiv preprint arXiv:2406.09136},
  year={2024}
}
@article{liu2023evaluating,
  title={Evaluating the logical reasoning ability of chatgpt and gpt-4},
  author={Liu, Hanmeng and Ning, Ruoxi and Teng, Zhiyang and Liu, Jian and Zhou, Qiji and Zhang, Yue},
  journal={arXiv preprint arXiv:2304.03439},
  year={2023}
}
@article{teng2023glore,
  title={Glore: Evaluating logical reasoning of large language models},
  author={Teng, Zhiyang and Ning, Ruoxi and Liu, Jian and Zhou, Qiji and Zhang, Yue and others},
  journal={arXiv preprint arXiv:2310.09107},
  year={2023}
}
@article{Hao2023ReasoningWL,
  title={Reasoning with Language Model is Planning with World Model},
  author={Shibo Hao and Yi Gu and Haodi Ma and Joshua Jiahua Hong and Zhen Wang and Daisy Zhe Wang and Zhiting Hu},
  journal={ArXiv},
  year={2023},
  volume={abs/2305.14992},
  url={https://api.semanticscholar.org/CorpusID:258865812}
}
@article{Zhou2023LanguageAT,
  title={Language Agent Tree Search Unifies Reasoning Acting and Planning in Language Models},
  author={Andy Zhou and Kai Yan and Michal Shlapentokh-Rothman and Haohan Wang and Yu-Xiong Wang},
  journal={ArXiv},
  year={2023},
  volume={abs/2310.04406},
  url={https://api.semanticscholar.org/CorpusID:263829963}
}
@article{yuan2023scaling,
  title={Scaling relationship on learning mathematical reasoning with large language models},
  author={Yuan, Zheng and Yuan, Hongyi and Li, Chengpeng and Dong, Guanting and Lu, Keming and Tan, Chuanqi and Zhou, Chang and Zhou, Jingren},
  journal={arXiv preprint arXiv:2308.01825},
  year={2023}
}
@inproceedings{coulom2006efficient,
  title={Efficient selectivity and backup operators in Monte-Carlo tree search},
  author={Coulom, R{\'e}mi},
  booktitle={International conference on computers and games},
  pages={72--83},
  year={2006},
  organization={Springer}
}
@inproceedings{kocsis2006bandit,
  title={Bandit based monte-carlo planning},
  author={Kocsis, Levente and Szepesv{\'a}ri, Csaba},
  booktitle={European conference on machine learning},
  pages={282--293},
  year={2006},
  organization={Springer}
}
@article{setlur2024rl,
  title={RL on Incorrect Synthetic Data Scales the Efficiency of LLM Math Reasoning by Eight-Fold},
  author={Setlur, Amrith and Garg, Saurabh and Geng, Xinyang and Garg, Naman and Smith, Virginia and Kumar, Aviral},
  journal={arXiv preprint arXiv:2406.14532},
  year={2024}
}
@article{zeng2024token,
  title={Token-level Direct Preference Optimization},
  author={Zeng, Yongcheng and Liu, Guoqing and Ma, Weiyu and Yang, Ning and Zhang, Haifeng and Wang, Jun},
  journal={arXiv preprint arXiv:2404.11999},
  year={2024}
}
@article{sutton2018reinforcement,
  title={Reinforcement learning: An introduction},
  author={Sutton, Richard S},
  journal={A Bradford Book},
  year={2018}
}
@article{rosin2011multi,
  title={Multi-armed bandits with episode context},
  author={Rosin, Christopher D},
  journal={Annals of Mathematics and Artificial Intelligence},
  volume={61},
  number={3},
  pages={203--230},
  year={2011},
  publisher={Springer}
}
@inproceedings{haarnoja2017reinforcement,
  title={Reinforcement learning with deep energy-based policies},
  author={Haarnoja, Tuomas and Tang, Haoran and Abbeel, Pieter and Levine, Sergey},
  booktitle={International conference on machine learning},
  pages={1352--1361},
  year={2017},
  organization={PMLR}
}
@article{liu2023making,
  title={Making ppo even better: Value-guided monte-carlo tree search decoding},
  author={Liu, Jiacheng and Cohen, Andrew and Pasunuru, Ramakanth and Choi, Yejin and Hajishirzi, Hannaneh and Celikyilmaz, Asli},
  journal={arXiv preprint arXiv:2309.15028},
  year={2023}
}
@book{ziebart2010modeling,
  title={Modeling purposeful adaptive behavior with the principle of maximum causal entropy},
  author={Ziebart, Brian D},
  year={2010},
  publisher={Carnegie Mellon University}
}
@article{tian2023fine,
  title={Fine-tuning language models for factuality},
  author={Tian, Katherine and Mitchell, Eric and Yao, Huaxiu and Manning, Christopher D and Finn, Chelsea},
  journal={arXiv preprint arXiv:2311.08401},
  year={2023}
}
@article{shen2021generate,
  title={Generate \& rank: A multi-task framework for math word problems},
  author={Shen, Jianhao and Yin, Yichun and Li, Lin and Shang, Lifeng and Jiang, Xin and Zhang, Ming and Liu, Qun},
  journal={arXiv preprint arXiv:2109.03034},
  year={2021}
}
@article{luo2023wizardmath,
  title={Wizardmath: Empowering mathematical reasoning for large language models via reinforced evol-instruct},
  author={Luo, Haipeng and Sun, Qingfeng and Xu, Can and Zhao, Pu and Lou, Jianguang and Tao, Chongyang and Geng, Xiubo and Lin, Qingwei and Chen, Shifeng and Zhang, Dongmei},
  journal={arXiv preprint arXiv:2308.09583},
  year={2023}
}
@article{chen2024huatuogpt,
  title={HuatuoGPT-o1, Towards Medical Complex Reasoning with LLMs},
  author={Chen, Junying and Cai, Zhenyang and Ji, Ke and Wang, Xidong and Liu, Wanlong and Wang, Rongsheng and Hou, Jianye and Wang, Benyou},
  journal={arXiv preprint arXiv:2412.18925},
  year={2024}
}
@misc{openai2025reasoning,
  title = {Learning to Reason with LLMs}, 
  author = {{OpenAI}},
  year = {2025},
  url = {https://openai.com/index/learning-to-reason-with-llms/},
  note = {Accessed: January 16, 2025}
}
@article{ahmadian2024back,
  title={Back to basics: Revisiting reinforce style optimization for learning from human feedback in llms},
  author={Ahmadian, Arash and Cremer, Chris and Gall{\'e}, Matthias and Fadaee, Marzieh and Kreutzer, Julia and Pietquin, Olivier and {\"U}st{\"u}n, Ahmet and Hooker, Sara},
  journal={arXiv preprint arXiv:2402.14740},
  year={2024}
}
@article{kazemnejad2024vineppo,
  title={Vineppo: Unlocking rl potential for llm reasoning through refined credit assignment},
  author={Kazemnejad, Amirhossein and Aghajohari, Milad and Portelance, Eva and Sordoni, Alessandro and Reddy, Siva and Courville, Aaron and Roux, Nicolas Le},
  journal={arXiv preprint arXiv:2410.01679},
  year={2024}
}
@inproceedings{OpenBookQA2018,
 title={Can a Suit of Armor Conduct Electricity? A New Dataset for Open Book Question Answering},
 author={Todor Mihaylov and Peter Clark and Tushar Khot and Ashish Sabharwal},
 booktitle={EMNLP},
 year={2018}
}
@article{schulman2017equivalence,
  title={Equivalence between policy gradients and soft q-learning},
  author={Schulman, John and Chen, Xi and Abbeel, Pieter},
  journal={arXiv preprint arXiv:1704.06440},
  year={2017}
}
@article{talmor2022commonsenseqa,
  title={Commonsenseqa 2.0: Exposing the limits of ai through gamification},
  author={Talmor, Alon and Yoran, Ori and Bras, Ronan Le and Bhagavatula, Chandra and Goldberg, Yoav and Choi, Yejin and Berant, Jonathan},
  journal={arXiv preprint arXiv:2201.05320},
  year={2022}
}
@article{clark2018think,
  title={Think you have solved question answering? try arc, the ai2 reasoning challenge},
  author={Clark, Peter and Cowhey, Isaac and Etzioni, Oren and Khot, Tushar and Sabharwal, Ashish and Schoenick, Carissa and Tafjord, Oyvind},
  journal={arXiv preprint arXiv:1803.05457},
  year={2018}
}
@article{welbl2017crowdsourcing,
  title={Crowdsourcing multiple choice science questions},
  author={Welbl, Johannes and Liu, Nelson F and Gardner, Matt},
  journal={arXiv preprint arXiv:1707.06209},
  year={2017}
}
@article{pal2024smaug,
  title={Smaug: Fixing failure modes of preference optimisation with dpo-positive},
  author={Pal, Arka and Karkhanis, Deep and Dooley, Samuel and Roberts, Manley and Naidu, Siddartha and White, Colin},
  journal={arXiv preprint arXiv:2402.13228},
  year={2024}
}
@article{wang2024offline,
  title={Offline Reinforcement Learning for LLM Multi-Step Reasoning},
  author={Wang, Huaijie and Hao, Shibo and Dong, Hanze and Zhang, Shenao and Bao, Yilin and Yang, Ziran and Wu, Yi},
  journal={arXiv preprint arXiv:2412.16145},
  year={2024}
}
@article{liu2024enhancing,
  title={Enhancing multi-step reasoning abilities of language models through direct q-function optimization},
  author={Liu, Guanlin and Ji, Kaixuan and Zheng, Renjie and Wu, Zheng and Dun, Chen and Gu, Quanquan and Yan, Lin},
  journal={arXiv preprint arXiv:2410.09302},
  year={2024}
}