@inproceedings{azar2024general,
  title={A general theoretical paradigm to understand learning from human preferences},
  author={Azar, Mohammad Gheshlaghi and Guo, Zhaohan Daniel and Piot, Bilal and Munos, Remi and Rowland, Mark and Valko, Michal and Calandriello, Daniele},
  booktitle={International Conference on Artificial Intelligence and Statistics},
  pages={4447--4455},
  year={2024},
  organization={PMLR}
}

@article{azerbayev2023llemma,
  title={Llemma: An open language model for mathematics},
  author={Azerbayev, Zhangir and Schoelkopf, Hailey and Paster, Keiran and Santos, Marco Dos and McAleer, Stephen and Jiang, Albert Q and Deng, Jia and Biderman, Stella and Welleck, Sean},
  journal={arXiv preprint arXiv:2310.10631},
  year={2023}
}

@inproceedings{besta2024graph,
  title={Graph of thoughts: Solving elaborate problems with large language models},
  author={Besta, Maciej and Blach, Nils and Kubicek, Ales and Gerstenberger, Robert and Podstawski, Michal and Gianinazzi, Lukas and Gajda, Joanna and Lehmann, Tomasz and Niewiadomski, Hubert and Nyczyk, Piotr and others},
  booktitle={Proceedings of the AAAI Conference on Artificial Intelligence},
  volume={38},
  pages={17682--17690},
  year={2024}
}

@article{chen2024alphamath,
  title={AlphaMath Almost Zero: process Supervision without process},
  author={Chen, Guoxin and Liao, Minpeng and Li, Chengxi and Fan, Kai},
  journal={arXiv preprint arXiv:2405.03553},
  year={2024}
}

@misc{chen2024noise,
      title={Noise Contrastive Alignment of Language Models with Explicit Rewards}, 
      author={Huayu Chen and Guande He and Lifan Yuan and Ganqu Cui and Hang Su and Jun Zhu},
      year={2024},
      eprint={2402.05369},
      archivePrefix={arXiv},
      primaryClass={cs.LG},
      url={https://arxiv.org/abs/2402.05369}, 
}

@article{chen2024step,
  title={Step-level Value Preference Optimization for Mathematical Reasoning},
  author={Chen, Guoxin and Liao, Minpeng and Li, Chengxi and Fan, Kai},
  journal={arXiv preprint arXiv:2406.10858},
  year={2024}
}

@article{dubey2024llama,
  title={The llama 3 herd of models},
  author={Dubey, Abhimanyu and Jauhri, Abhinav and Pandey, Abhinav and Kadian, Abhishek and Al-Dahle, Ahmad and Letman, Aiesha and Mathur, Akhil and Schelten, Alan and Yang, Amy and Fan, Angela and others},
  journal={arXiv preprint arXiv:2407.21783},
  year={2024}
}

@article{ethayarajh2024kto,
  title={Kto: Model alignment as prospect theoretic optimization},
  author={Ethayarajh, Kawin and Xu, Winnie and Muennighoff, Niklas and Jurafsky, Dan and Kiela, Douwe},
  journal={arXiv preprint arXiv:2402.01306},
  year={2024}
}

@article{feng2023alphazero,
  title={Alphazero-like tree-search can guide large language model decoding and training},
  author={Feng, Xidong and Wan, Ziyu and Wen, Muning and Wen, Ying and Zhang, Weinan and Wang, Jun},
  journal={arXiv preprint arXiv:2309.17179},
  year={2023}
}

@article{lai2024step,
  title={Step-DPO: Step-wise Preference Optimization for Long-chain Reasoning of LLMs},
  author={Lai, Xin and Tian, Zhuotao and Chen, Yukang and Yang, Senqiao and Peng, Xiangru and Jia, Jiaya},
  journal={arXiv preprint arXiv:2406.18629},
  year={2024}
}

@article{liu2024enhancing,
  title={Enhancing multi-step reasoning abilities of language models through direct q-function optimization},
  author={Liu, Guanlin and Ji, Kaixuan and Zheng, Renjie and Wu, Zheng and Dun, Chen and Gu, Quanquan and Yan, Lin},
  journal={arXiv preprint arXiv:2410.09302},
  year={2024}
}

@article{mitra2023orca,
  title={Orca 2: Teaching small language models how to reason},
  author={Mitra, Arindam and Del Corro, Luciano and Mahajan, Shweti and Codas, Andres and Simoes, Clarisse and Agarwal, Sahaj and Chen, Xuxi and Razdaibiedina, Anastasia and Jones, Erik and Aggarwal, Kriti and others},
  journal={arXiv preprint arXiv:2311.11045},
  year={2023}
}

@article{mukherjee2023orca,
  title={Orca: Progressive learning from complex explanation traces of gpt-4},
  author={Mukherjee, Subhabrata and Mitra, Arindam and Jawahar, Ganesh and Agarwal, Sahaj and Palangi, Hamid and Awadallah, Ahmed},
  journal={arXiv preprint arXiv:2306.02707},
  year={2023}
}

@article{ouyang2022training,
  title={Training language models to follow instructions with human feedback},
  author={Ouyang, Long and Wu, Jeffrey and Jiang, Xu and Almeida, Diogo and Wainwright, Carroll and Mishkin, Pamela and Zhang, Chong and Agarwal, Sandhini and Slama, Katarina and Ray, Alex and others},
  journal={Advances in neural information processing systems},
  volume={35},
  pages={27730--27744},
  year={2022}
}

@misc{rafailov2023directpreferenceoptimizationlanguage,
      title={Direct Preference Optimization: Your Language Model is Secretly a Reward Model}, 
      author={Rafael Rafailov and Archit Sharma and Eric Mitchell and Stefano Ermon and Christopher D. Manning and Chelsea Finn},
      year={2023},
      eprint={2305.18290},
      archivePrefix={arXiv},
      primaryClass={cs.LG},
      url={https://arxiv.org/abs/2305.18290}, 
}

@article{rafailov2024r,
  title={{From $r$ to $Q^{*}$: Your Language Model is Secretly a Q-Function}},
  author={Rafailov, Rafael and Hejna, Joey and Park, Ryan and Finn, Chelsea},
  journal={arXiv preprint arXiv:2404.12358},
  year={2024}
}

@article{schulman2017proximal,
  title={Proximal policy optimization algorithms},
  author={Schulman, John and Wolski, Filip and Dhariwal, Prafulla and Radford, Alec and Klimov, Oleg},
  journal={arXiv preprint arXiv:1707.06347},
  year={2017}
}

@article{shao2024deepseekmath,
  title={Deepseekmath: Pushing the limits of mathematical reasoning in open language models},
  author={Shao, Zhihong and Wang, Peiyi and Zhu, Qihao and Xu, Runxin and Song, Junxiao and Zhang, Mingchuan and Li, YK and Wu, Yu and Guo, Daya},
  journal={arXiv preprint arXiv:2402.03300},
  year={2024}
}

@article{wang2023plan,
  title={Plan-and-solve prompting: Improving zero-shot chain-of-thought reasoning by large language models},
  author={Wang, Lei and Xu, Wanyu and Lan, Yihuai and Hu, Zhiqiang and Lan, Yunshi and Lee, Roy Ka-Wei and Lim, Ee-Peng},
  journal={arXiv preprint arXiv:2305.04091},
  year={2023}
}

@article{wang2024offline,
  title={Offline Reinforcement Learning for LLM Multi-Step Reasoning},
  author={Wang, Huaijie and Hao, Shibo and Dong, Hanze and Zhang, Shenao and Bao, Yilin and Yang, Ziran and Wu, Yi},
  journal={arXiv preprint arXiv:2412.16145},
  year={2024}
}

@article{xie2024monte,
  title={Monte Carlo Tree Search Boosts Reasoning via Iterative Preference Learning},
  author={Xie, Yuxi and Goyal, Anirudh and Zheng, Wenyue and Kan, Min-Yen and Lillicrap, Timothy P and Kawaguchi, Kenji and Shieh, Michael},
  journal={arXiv preprint arXiv:2405.00451},
  year={2024}
}

@article{yang2024buffer,
  title={Buffer of Thoughts: Thought-Augmented Reasoning with Large Language Models},
  author={Yang, Ling and Yu, Zhaochen and Zhang, Tianjun and Cao, Shiyi and Xu, Minkai and Zhang, Wentao and Gonzalez, Joseph E and Cui, Bin},
  journal={arXiv preprint arXiv:2406.04271},
  year={2024}
}

@article{yang2024qwen2,
  title={Qwen2 technical report},
  author={Yang, An and Yang, Baosong and Hui, Binyuan and Zheng, Bo and Yu, Bowen and Zhou, Chang and Li, Chengpeng and Li, Chengyuan and Liu, Dayiheng and Huang, Fei and others},
  journal={arXiv preprint arXiv:2407.10671},
  year={2024}
}

@article{yao2024tree,
  title={Tree of thoughts: Deliberate problem solving with large language models},
  author={Yao, Shunyu and Yu, Dian and Zhao, Jeffrey and Shafran, Izhak and Griffiths, Tom and Cao, Yuan and Narasimhan, Karthik},
  journal={Advances in Neural Information Processing Systems},
  volume={36},
  year={2024}
}

@article{yu2023metamath,
  title={Metamath: Bootstrap your own mathematical questions for large language models},
  author={Yu, Longhui and Jiang, Weisen and Shi, Han and Yu, Jincheng and Liu, Zhengying and Zhang, Yu and Kwok, James T and Li, Zhenguo and Weller, Adrian and Liu, Weiyang},
  journal={arXiv preprint arXiv:2309.12284},
  year={2023}
}

@article{yuan2024advancing,
  title={Advancing llm reasoning generalists with preference trees},
  author={Yuan, Lifan and Cui, Ganqu and Wang, Hanbin and Ding, Ning and Wang, Xingyao and Deng, Jia and Shan, Boji and Chen, Huimin and Xie, Ruobing and Lin, Yankai and others},
  journal={arXiv preprint arXiv:2404.02078},
  year={2024}
}

@article{yue2023mammoth,
  title={Mammoth: Building math generalist models through hybrid instruction tuning},
  author={Yue, Xiang and Qu, Xingwei and Zhang, Ge and Fu, Yao and Huang, Wenhao and Sun, Huan and Su, Yu and Chen, Wenhu},
  journal={arXiv preprint arXiv:2309.05653},
  year={2023}
}

@article{zheng2023take,
  title={Take a step back: Evoking reasoning via abstraction in large language models},
  author={Zheng, Huaixiu Steven and Mishra, Swaroop and Chen, Xinyun and Cheng, Heng-Tze and Chi, Ed H and Le, Quoc V and Zhou, Denny},
  journal={arXiv preprint arXiv:2310.06117},
  year={2023}
}

