% Use this file for citations not found in the ACL Anthology (contained in "anthology.bib").

@inproceedings{DBLP:conf/icml/Wu0Q0C24,
  author       = {Shengqiong Wu and
                  Hao Fei and
                  Leigang Qu and
                  Wei Ji and
                  Tat{-}Seng Chua},
  title        = {NExT-GPT: Any-to-Any Multimodal {LLM}},
  booktitle    = {Forty-first International Conference on Machine Learning, {ICML} 2024,
                  Vienna, Austria, July 21-27, 2024},
  publisher    = {OpenReview.net},
  year         = {2024},
  url          = {https://openreview.net/forum?id=NZQkumsNlf},
  timestamp    = {Mon, 02 Sep 2024 16:55:25 +0200},
  biburl       = {https://dblp.org/rec/conf/icml/Wu0Q0C24.bib},
  bibsource    = {dblp computer science bibliography, https://dblp.org}
}

@article{DBLP:journals/corr/abs-2311-11255,
  author       = {Atin Sakkeer Hussain and
                  Shansong Liu and
                  Chenshuo Sun and
                  Ying Shan},
  title        = {M\({}^{\mbox{2}}\)UGen: Multi-modal Music Understanding and Generation
                  with the Power of Large Language Models},
  journal      = {CoRR},
  volume       = {abs/2311.11255},
  year         = {2023},
  url          = {https://doi.org/10.48550/arXiv.2311.11255},
  doi          = {10.48550/ARXIV.2311.11255},
  eprinttype    = {arXiv},
  eprint       = {2311.11255},
  timestamp    = {Thu, 23 Nov 2023 12:06:25 +0100},
  biburl       = {https://dblp.org/rec/journals/corr/abs-2311-11255.bib},
  bibsource    = {dblp computer science bibliography, https://dblp.org}
}

@inproceedings{DBLP:conf/icassp/LiuHSS24,
  author       = {Shansong Liu and
                  Atin Sakkeer Hussain and
                  Chenshuo Sun and
                  Ying Shan},
  title        = {Music Understanding LLaMA: Advancing Text-to-Music Generation with
                  Question Answering and Captioning},
  booktitle    = {{IEEE} International Conference on Acoustics, Speech and Signal Processing,
                  {ICASSP} 2024, Seoul, Republic of Korea, April 14-19, 2024},
  pages        = {286--290},
  publisher    = {{IEEE}},
  year         = {2024},
  url          = {https://doi.org/10.1109/ICASSP48485.2024.10447027},
  doi          = {10.1109/ICASSP48485.2024.10447027},
  timestamp    = {Mon, 05 Aug 2024 15:27:25 +0200},
  biburl       = {https://dblp.org/rec/conf/icassp/LiuHSS24.bib},
  bibsource    = {dblp computer science bibliography, https://dblp.org}
}

@inproceedings{DBLP:conf/iclr/TangYSC000M024,
  author       = {Changli Tang and
                  Wenyi Yu and
                  Guangzhi Sun and
                  Xianzhao Chen and
                  Tian Tan and
                  Wei Li and
                  Lu Lu and
                  Zejun Ma and
                  Chao Zhang},
  title        = {{SALMONN:} Towards Generic Hearing Abilities for Large Language Models},
  booktitle    = {The Twelfth International Conference on Learning Representations,
                  {ICLR} 2024, Vienna, Austria, May 7-11, 2024},
  publisher    = {OpenReview.net},
  year         = {2024},
  url          = {https://openreview.net/forum?id=14rn7HpKVk},
  timestamp    = {Wed, 07 Aug 2024 17:11:53 +0200},
  biburl       = {https://dblp.org/rec/conf/iclr/TangYSC000M024.bib},
  bibsource    = {dblp computer science bibliography, https://dblp.org}
}

@inproceedings{DBLP:conf/ismir/DohCLN23,
  author       = {Seungheon Doh and
                  Keunwoo Choi and
                  Jongpil Lee and
                  Juhan Nam},
  editor       = {Augusto Sarti and
                  Fabio Antonacci and
                  Mark Sandler and
                  Paolo Bestagini and
                  Simon Dixon and
                  Beici Liang and
                  Ga{\"{e}}l Richard and
                  Johan Pauwels},
  title        = {LP-MusicCaps: LLM-Based Pseudo Music Captioning},
  booktitle    = {Proceedings of the 24th International Society for Music Information
                  Retrieval Conference, {ISMIR} 2023, Milan, Italy, November 5-9, 2023},
  pages        = {409--416},
  year         = {2023},
  url          = {https://doi.org/10.5281/zenodo.10265311},
  doi          = {10.5281/ZENODO.10265311},
  timestamp    = {Mon, 18 Dec 2023 11:23:01 +0100},
  biburl       = {https://dblp.org/rec/conf/ismir/DohCLN23.bib},
  bibsource    = {dblp computer science bibliography, https://dblp.org}
}

@inproceedings{DBLP:conf/icml/GardnerDSB24,
  author       = {Joshua Patrick Gardner and
                  Simon Durand and
                  Daniel Stoller and
                  Rachel M. Bittner},
  title        = {LLark: {A} Multimodal Instruction-Following Language Model for Music},
  booktitle    = {Forty-first International Conference on Machine Learning, {ICML} 2024,
                  Vienna, Austria, July 21-27, 2024},
  publisher    = {OpenReview.net},
  year         = {2024},
  url          = {https://openreview.net/forum?id=HvwOtYzHBX},
  timestamp    = {Mon, 02 Sep 2024 16:55:26 +0200},
  biburl       = {https://dblp.org/rec/conf/icml/GardnerDSB24.bib},
  bibsource    = {dblp computer science bibliography, https://dblp.org}
}

@article{DBLP:journals/corr/abs-2410-15573,
  author       = {Mengjie Zhao and
                  Zhi Zhong and
                  Zhuoyuan Mao and
                  Shiqi Yang and
                  Wei{-}Hsiang Liao and
                  Shusuke Takahashi and
                  Hiromi Wakaki and
                  Yuki Mitsufuji},
  title        = {OpenMU: Your Swiss Army Knife for Music Understanding},
  journal      = {CoRR},
  volume       = {abs/2410.15573},
  year         = {2024},
  url          = {https://doi.org/10.48550/arXiv.2410.15573},
  doi          = {10.48550/ARXIV.2410.15573},
  eprinttype    = {arXiv},
  eprint       = {2410.15573},
  timestamp    = {Tue, 26 Nov 2024 15:54:17 +0100},
  biburl       = {https://dblp.org/rec/journals/corr/abs-2410-15573.bib},
  bibsource    = {dblp computer science bibliography, https://dblp.org}
}

@inproceedings{DBLP:conf/ijcnn/MancoBQF21,
  author       = {Ilaria Manco and
                  Emmanouil Benetos and
                  Elio Quinton and
                  Gy{\"{o}}rgy Fazekas},
  title        = {MusCaps: Generating Captions for Music Audio},
  booktitle    = {International Joint Conference on Neural Networks, {IJCNN} 2021, Shenzhen,
                  China, July 18-22, 2021},
  pages        = {1--8},
  publisher    = {{IEEE}},
  year         = {2021},
  url          = {https://doi.org/10.1109/IJCNN52387.2021.9533461},
  doi          = {10.1109/IJCNN52387.2021.9533461},
  timestamp    = {Sun, 02 Oct 2022 16:08:11 +0200},
  biburl       = {https://dblp.org/rec/conf/ijcnn/MancoBQF21.bib},
  bibsource    = {dblp computer science bibliography, https://dblp.org}
}

@article{DBLP:journals/corr/abs-2301-11325,
  author       = {Andrea Agostinelli and
                  Timo I. Denk and
                  Zal{\'{a}}n Borsos and
                  Jesse H. Engel and
                  Mauro Verzetti and
                  Antoine Caillon and
                  Qingqing Huang and
                  Aren Jansen and
                  Adam Roberts and
                  Marco Tagliasacchi and
                  Matthew Sharifi and
                  Neil Zeghidour and
                  Christian Havn{\o} Frank},
  title        = {MusicLM: Generating Music From Text},
  journal      = {CoRR},
  volume       = {abs/2301.11325},
  year         = {2023},
  url          = {https://doi.org/10.48550/arXiv.2301.11325},
  doi          = {10.48550/ARXIV.2301.11325},
  eprinttype    = {arXiv},
  eprint       = {2301.11325},
  timestamp    = {Mon, 28 Aug 2023 21:26:21 +0200},
  biburl       = {https://dblp.org/rec/journals/corr/abs-2301-11325.bib},
  bibsource    = {dblp computer science bibliography, https://dblp.org}
}

@inproceedings{DBLP:conf/iclr/SongZQXCWL22,
  author       = {Zhenqiao Song and
                  Hao Zhou and
                  Lihua Qian and
                  Jingjing Xu and
                  Shanbo Cheng and
                  Mingxuan Wang and
                  Lei Li},
  title        = {switch-GLAT: Multilingual Parallel Machine Translation Via Code-Switch
                  Decoder},
  booktitle    = {The Tenth International Conference on Learning Representations, {ICLR}
                  2022, Virtual Event, April 25-29, 2022},
  publisher    = {OpenReview.net},
  year         = {2022},
  url          = {https://openreview.net/forum?id=5HvpvYd68b},
  timestamp    = {Tue, 12 Nov 2024 16:30:41 +0100},
  biburl       = {https://dblp.org/rec/conf/iclr/SongZQXCWL22.bib},
  bibsource    = {dblp computer science bibliography, https://dblp.org}
}

@article{DBLP:journals/jmlr/FanBSMEGBCWCGBL21,
  author       = {Angela Fan and
                  Shruti Bhosale and
                  Holger Schwenk and
                  Zhiyi Ma and
                  Ahmed El{-}Kishky and
                  Siddharth Goyal and
                  Mandeep Baines and
                  Onur Celebi and
                  Guillaume Wenzek and
                  Vishrav Chaudhary and
                  Naman Goyal and
                  Tom Birch and
                  Vitaliy Liptchinsky and
                  Sergey Edunov and
                  Michael Auli and
                  Armand Joulin},
  title        = {Beyond English-Centric Multilingual Machine Translation},
  journal      = {J. Mach. Learn. Res.},
  volume       = {22},
  pages        = {107:1--107:48},
  year         = {2021},
  url          = {https://jmlr.org/papers/v22/20-1307.html},
  timestamp    = {Wed, 11 Sep 2024 14:41:27 +0200},
  biburl       = {https://dblp.org/rec/journals/jmlr/FanBSMEGBCWCGBL21.bib},
  bibsource    = {dblp computer science bibliography, https://dblp.org}
}

@inproceedings{DBLP:conf/cvpr/GirdharELSAJM23,
  author       = {Rohit Girdhar and
                  Alaaeldin El{-}Nouby and
                  Zhuang Liu and
                  Mannat Singh and
                  Kalyan Vasudev Alwala and
                  Armand Joulin and
                  Ishan Misra},
  title        = {ImageBind One Embedding Space to Bind Them All},
  booktitle    = {{IEEE/CVF} Conference on Computer Vision and Pattern Recognition,
                  {CVPR} 2023, Vancouver, BC, Canada, June 17-24, 2023},
  pages        = {15180--15190},
  publisher    = {{IEEE}},
  year         = {2023},
  url          = {https://doi.org/10.1109/CVPR52729.2023.01457},
  doi          = {10.1109/CVPR52729.2023.01457},
  timestamp    = {Tue, 29 Aug 2023 15:44:40 +0200},
  biburl       = {https://dblp.org/rec/conf/cvpr/GirdharELSAJM23.bib},
  bibsource    = {dblp computer science bibliography, https://dblp.org}
}

@inproceedings{DBLP:conf/icassp/GemmekeEFJLMPR17,
  author       = {Jort F. Gemmeke and
                  Daniel P. W. Ellis and
                  Dylan Freedman and
                  Aren Jansen and
                  Wade Lawrence and
                  R. Channing Moore and
                  Manoj Plakal and
                  Marvin Ritter},
  title        = {Audio Set: An ontology and human-labeled dataset for audio events},
  booktitle    = {2017 {IEEE} International Conference on Acoustics, Speech and Signal
                  Processing, {ICASSP} 2017, New Orleans, LA, USA, March 5-9, 2017},
  pages        = {776--780},
  publisher    = {{IEEE}},
  year         = {2017},
  url          = {https://doi.org/10.1109/ICASSP.2017.7952261},
  doi          = {10.1109/ICASSP.2017.7952261},
  timestamp    = {Wed, 16 Oct 2019 14:14:52 +0200},
  biburl       = {https://dblp.org/rec/conf/icassp/GemmekeEFJLMPR17.bib},
  bibsource    = {dblp computer science bibliography, https://dblp.org}
}

@inproceedings{DBLP:conf/iclr/ZhuLNYCWPJZLZ0024,
  author       = {Bin Zhu and
                  Bin Lin and
                  Munan Ning and
                  Yang Yan and
                  Jiaxi Cui and
                  Hongfa Wang and
                  Yatian Pang and
                  Wenhao Jiang and
                  Junwu Zhang and
                  Zongwei Li and
                  Caiwan Zhang and
                  Zhifeng Li and
                  Wei Liu and
                  Li Yuan},
  title        = {LanguageBind: Extending Video-Language Pretraining to N-modality by
                  Language-based Semantic Alignment},
  booktitle    = {The Twelfth International Conference on Learning Representations,
                  {ICLR} 2024, Vienna, Austria, May 7-11, 2024},
  publisher    = {OpenReview.net},
  year         = {2024},
  url          = {https://openreview.net/forum?id=QmZKc7UZCy},
  timestamp    = {Thu, 08 Aug 2024 09:03:42 +0200},
  biburl       = {https://dblp.org/rec/conf/iclr/ZhuLNYCWPJZLZ0024.bib},
  bibsource    = {dblp computer science bibliography, https://dblp.org}
}

@inproceedings{DBLP:conf/nips/LiuLWL23a,
  author       = {Haotian Liu and
                  Chunyuan Li and
                  Qingyang Wu and
                  Yong Jae Lee},
  editor       = {Alice Oh and
                  Tristan Naumann and
                  Amir Globerson and
                  Kate Saenko and
                  Moritz Hardt and
                  Sergey Levine},
  title        = {Visual Instruction Tuning},
  booktitle    = {Advances in Neural Information Processing Systems 36: Annual Conference
                  on Neural Information Processing Systems 2023, NeurIPS 2023, New Orleans,
                  LA, USA, December 10 - 16, 2023},
  year         = {2023},
  url          = {http://papers.nips.cc/paper\_files/paper/2023/hash/6dcf277ea32ce3288914faf369fe6de0-Abstract-Conference.html},
  timestamp    = {Fri, 01 Mar 2024 16:26:20 +0100},
  biburl       = {https://dblp.org/rec/conf/nips/LiuLWL23a.bib},
  bibsource    = {dblp computer science bibliography, https://dblp.org}
}

@inproceedings{DBLP:conf/iclr/0001LLKG24,
  author       = {Yuan Gong and
                  Hongyin Luo and
                  Alexander H. Liu and
                  Leonid Karlinsky and
                  James R. Glass},
  title        = {Listen, Think, and Understand},
  booktitle    = {The Twelfth International Conference on Learning Representations,
                  {ICLR} 2024, Vienna, Austria, May 7-11, 2024},
  publisher    = {OpenReview.net},
  year         = {2024},
  url          = {https://openreview.net/forum?id=nBZBPXdJlC},
  timestamp    = {Sun, 06 Oct 2024 21:05:47 +0200},
  biburl       = {https://dblp.org/rec/conf/iclr/0001LLKG24.bib},
  bibsource    = {dblp computer science bibliography, https://dblp.org}
}

@inproceedings{DBLP:conf/cvpr/TangYKLZB24,
  author       = {Zineng Tang and
                  Ziyi Yang and
                  Mahmoud Khademi and
                  Yang Liu and
                  Chenguang Zhu and
                  Mohit Bansal},
  title        = {CoDi-2: In-Context, Interleaved, and Interactive Any-to-Any Generation},
  booktitle    = {{IEEE/CVF} Conference on Computer Vision and Pattern Recognition,
                  {CVPR} 2024, Seattle, WA, USA, June 16-22, 2024},
  pages        = {27415--27424},
  publisher    = {{IEEE}},
  year         = {2024},
  url          = {https://doi.org/10.1109/CVPR52733.2024.02589},
  doi          = {10.1109/CVPR52733.2024.02589},
  timestamp    = {Mon, 07 Oct 2024 12:25:54 +0200},
  biburl       = {https://dblp.org/rec/conf/cvpr/TangYKLZB24.bib},
  bibsource    = {dblp computer science bibliography, https://dblp.org}
}

@inproceedings{DBLP:conf/ecir/FaraldoGJH16,
  author       = {{\'{A}}ngel Faraldo and
                  Emilia G{\'{o}}mez and
                  Sergi Jord{\`{a}} and
                  Perfecto Herrera},
  editor       = {Nicola Ferro and
                  Fabio Crestani and
                  Marie{-}Francine Moens and
                  Josiane Mothe and
                  Fabrizio Silvestri and
                  Giorgio Maria Di Nunzio and
                  Claudia Hauff and
                  Gianmaria Silvello},
  title        = {Key Estimation in Electronic Dance Music},
  booktitle    = {Advances in Information Retrieval - 38th European Conference on {IR}
                  Research, {ECIR} 2016, Padua, Italy, March 20-23, 2016. Proceedings},
  series       = {Lecture Notes in Computer Science},
  volume       = {9626},
  pages        = {335--347},
  publisher    = {Springer},
  year         = {2016},
  url          = {https://doi.org/10.1007/978-3-319-30671-1\_25},
  doi          = {10.1007/978-3-319-30671-1\_25},
  timestamp    = {Sun, 25 Oct 2020 22:33:09 +0100},
  biburl       = {https://dblp.org/rec/conf/ecir/FaraldoGJH16.bib},
  bibsource    = {dblp computer science bibliography, https://dblp.org}
}

@inproceedings{DBLP:conf/ismir/PauwelsOGS19,
  author       = {Johan Pauwels and
                  Ken O'Hanlon and
                  Emilia G{\'{o}}mez and
                  Mark B. Sandler},
  editor       = {Arthur Flexer and
                  Geoffroy Peeters and
                  Juli{\'{a}}n Urbano and
                  Anja Volk},
  title        = {20 Years of Automatic Chord Recognition from Audio},
  booktitle    = {Proceedings of the 20th International Society for Music Information
                  Retrieval Conference, {ISMIR} 2019, Delft, The Netherlands, November
                  4-8, 2019},
  pages        = {54--63},
  year         = {2019},
  url          = {http://archives.ismir.net/ismir2019/paper/000004.pdf},
  timestamp    = {Thu, 21 Jan 2021 17:36:51 +0100},
  biburl       = {https://dblp.org/rec/conf/ismir/PauwelsOGS19.bib},
  bibsource    = {dblp computer science bibliography, https://dblp.org}
}

@article{DBLP:journals/tismir/SchreiberUM20,
  author       = {Hendrik Schreiber and
                  Juli{\'{a}}n Urbano and
                  Meinard M{\"{u}}ller},
  title        = {Music Tempo Estimation: Are We Done Yet?},
  journal      = {Trans. Int. Soc. Music. Inf. Retr.},
  volume       = {3},
  number       = {1},
  pages        = {111},
  year         = {2020},
  url          = {https://doi.org/10.5334/tismir.43},
  doi          = {10.5334/TISMIR.43},
  timestamp    = {Thu, 04 Apr 2024 21:54:30 +0200},
  biburl       = {https://dblp.org/rec/journals/tismir/SchreiberUM20.bib},
  bibsource    = {dblp computer science bibliography, https://dblp.org}
}

@inproceedings{DBLP:conf/ismir/GururaniSL19,
  author       = {Siddharth Gururani and
                  Mohit Sharma and
                  Alexander Lerch},
  editor       = {Arthur Flexer and
                  Geoffroy Peeters and
                  Juli{\'{a}}n Urbano and
                  Anja Volk},
  title        = {An Attention Mechanism for Musical Instrument Recognition},
  booktitle    = {Proceedings of the 20th International Society for Music Information
                  Retrieval Conference, {ISMIR} 2019, Delft, The Netherlands, November
                  4-8, 2019},
  pages        = {83--90},
  year         = {2019},
  url          = {http://archives.ismir.net/ismir2019/paper/000007.pdf},
  timestamp    = {Thu, 12 Mar 2020 11:33:23 +0100},
  biburl       = {https://dblp.org/rec/conf/ismir/GururaniSL19.bib},
  bibsource    = {dblp computer science bibliography, https://dblp.org}
}

@inproceedings{DBLP:conf/ismir/Tzanetakis01,
  author       = {George Tzanetakis},
  title        = {Automatic Musical Genre Classification of Audio Signals},
  booktitle    = {{ISMIR} 2001, 2nd International Symposium on Music Information Retrieval,
                  Indiana University, Bloomington, Indiana, USA, October 15-17, 2001,
                  Proceedings},
  year         = {2001},
  url          = {http://ismir2001.ismir.net/pdf/tzanetakis.pdf},
  timestamp    = {Thu, 12 Mar 2020 11:33:22 +0100},
  biburl       = {https://dblp.org/rec/conf/ismir/Tzanetakis01.bib},
  bibsource    = {dblp computer science bibliography, https://dblp.org}
}

@inproceedings{DBLP:conf/icassp/WonONGS21,
  author       = {Minz Won and
                  Sergio Oramas and
                  Oriol Nieto and
                  Fabien Gouyon and
                  Xavier Serra},
  title        = {Multimodal Metric Learning for Tag-Based Music Retrieval},
  booktitle    = {{IEEE} International Conference on Acoustics, Speech and Signal Processing,
                  {ICASSP} 2021, Toronto, ON, Canada, June 6-11, 2021},
  pages        = {591--595},
  publisher    = {{IEEE}},
  year         = {2021},
  url          = {https://doi.org/10.1109/ICASSP39728.2021.9413514},
  doi          = {10.1109/ICASSP39728.2021.9413514},
  timestamp    = {Thu, 08 Jul 2021 17:13:36 +0200},
  biburl       = {https://dblp.org/rec/conf/icassp/WonONGS21.bib},
  bibsource    = {dblp computer science bibliography, https://dblp.org}
}

@article{DBLP:journals/spm/YesilerDBTS21,
  author       = {Furkan Yesiler and
                  Guillaume Doras and
                  Rachel M. Bittner and
                  Christopher J. Tralie and
                  Joan Serr{\`{a}}},
  title        = {Audio-Based Musical Version Identification: Elements and challenges},
  journal      = {{IEEE} Signal Process. Mag.},
  volume       = {38},
  number       = {6},
  pages        = {115--136},
  year         = {2021},
  url          = {https://doi.org/10.1109/MSP.2021.3105941},
  doi          = {10.1109/MSP.2021.3105941},
  timestamp    = {Mon, 28 Aug 2023 21:41:06 +0200},
  biburl       = {https://dblp.org/rec/journals/spm/YesilerDBTS21.bib},
  bibsource    = {dblp computer science bibliography, https://dblp.org}
}

@inproceedings{DBLP:conf/nips/ChenLWZSZL23,
  author       = {Sihan Chen and
                  Handong Li and
                  Qunbo Wang and
                  Zijia Zhao and
                  Mingzhen Sun and
                  Xinxin Zhu and
                  Jing Liu},
  editor       = {Alice Oh and
                  Tristan Naumann and
                  Amir Globerson and
                  Kate Saenko and
                  Moritz Hardt and
                  Sergey Levine},
  title        = {{VAST:} {A} Vision-Audio-Subtitle-Text Omni-Modality Foundation Model
                  and Dataset},
  booktitle    = {Advances in Neural Information Processing Systems 36: Annual Conference
                  on Neural Information Processing Systems 2023, NeurIPS 2023, New Orleans,
                  LA, USA, December 10 - 16, 2023},
  year         = {2023},
  url          = {http://papers.nips.cc/paper\_files/paper/2023/hash/e6b2b48b5ed90d07c305932729927781-Abstract-Conference.html},
  timestamp    = {Thu, 23 May 2024 22:02:58 +0200},
  biburl       = {https://dblp.org/rec/conf/nips/ChenLWZSZL23.bib},
  bibsource    = {dblp computer science bibliography, https://dblp.org}
}

@inproceedings{DBLP:conf/mm/BockKSKW16,
  author       = {Sebastian B{\"{o}}ck and
                  Filip Korzeniowski and
                  Jan Schl{\"{u}}ter and
                  Florian Krebs and
                  Gerhard Widmer},
  editor       = {Alan Hanjalic and
                  Cees Snoek and
                  Marcel Worring and
                  Dick C. A. Bulterman and
                  Benoit Huet and
                  Aisling Kelliher and
                  Yiannis Kompatsiaris and
                  Jin Li},
  title        = {madmom: {A} New Python Audio and Music Signal Processing Library},
  booktitle    = {Proceedings of the 2016 {ACM} Conference on Multimedia Conference,
                  {MM} 2016, Amsterdam, The Netherlands, October 15-19, 2016},
  pages        = {1174--1178},
  publisher    = {{ACM}},
  year         = {2016},
  url          = {https://doi.org/10.1145/2964284.2973795},
  doi          = {10.1145/2964284.2973795},
  timestamp    = {Mon, 05 Feb 2024 20:29:12 +0100},
  biburl       = {https://dblp.org/rec/conf/mm/BockKSKW16.bib},
  bibsource    = {dblp computer science bibliography, https://dblp.org}
}

@inproceedings{DBLP:conf/icml/0001LXH22,
  author       = {Junnan Li and
                  Dongxu Li and
                  Caiming Xiong and
                  Steven C. H. Hoi},
  editor       = {Kamalika Chaudhuri and
                  Stefanie Jegelka and
                  Le Song and
                  Csaba Szepesv{\'{a}}ri and
                  Gang Niu and
                  Sivan Sabato},
  title        = {{BLIP:} Bootstrapping Language-Image Pre-training for Unified Vision-Language
                  Understanding and Generation},
  booktitle    = {International Conference on Machine Learning, {ICML} 2022, 17-23 July
                  2022, Baltimore, Maryland, {USA}},
  series       = {Proceedings of Machine Learning Research},
  volume       = {162},
  pages        = {12888--12900},
  publisher    = {{PMLR}},
  year         = {2022},
  url          = {https://proceedings.mlr.press/v162/li22n.html},
  timestamp    = {Tue, 12 Jul 2022 17:36:52 +0200},
  biburl       = {https://dblp.org/rec/conf/icml/0001LXH22.bib},
  bibsource    = {dblp computer science bibliography, https://dblp.org}
}

@inproceedings{DBLP:conf/nips/TongS0022,
  author       = {Zhan Tong and
                  Yibing Song and
                  Jue Wang and
                  Limin Wang},
  editor       = {Sanmi Koyejo and
                  S. Mohamed and
                  A. Agarwal and
                  Danielle Belgrave and
                  K. Cho and
                  A. Oh},
  title        = {VideoMAE: Masked Autoencoders are Data-Efficient Learners for Self-Supervised
                  Video Pre-Training},
  booktitle    = {Advances in Neural Information Processing Systems 35: Annual Conference
                  on Neural Information Processing Systems 2022, NeurIPS 2022, New Orleans,
                  LA, USA, November 28 - December 9, 2022},
  year         = {2022},
  url          = {http://papers.nips.cc/paper\_files/paper/2022/hash/416f9cb3276121c42eebb86352a4354a-Abstract-Conference.html},
  timestamp    = {Mon, 08 Jan 2024 16:31:37 +0100},
  biburl       = {https://dblp.org/rec/conf/nips/TongS0022.bib},
  bibsource    = {dblp computer science bibliography, https://dblp.org}
}

@article{DBLP:journals/corr/abs-2308-10792,
  author       = {Shengyu Zhang and
                  Linfeng Dong and
                  Xiaoya Li and
                  Sen Zhang and
                  Xiaofei Sun and
                  Shuhe Wang and
                  Jiwei Li and
                  Runyi Hu and
                  Tianwei Zhang and
                  Fei Wu and
                  Guoyin Wang},
  title        = {Instruction Tuning for Large Language Models: {A} Survey},
  journal      = {CoRR},
  volume       = {abs/2308.10792},
  year         = {2023},
  url          = {https://doi.org/10.48550/arXiv.2308.10792},
  doi          = {10.48550/ARXIV.2308.10792},
  eprinttype    = {arXiv},
  eprint       = {2308.10792},
  timestamp    = {Thu, 11 Jul 2024 20:24:50 +0200},
  biburl       = {https://dblp.org/rec/journals/corr/abs-2308-10792.bib},
  bibsource    = {dblp computer science bibliography, https://dblp.org}
}

@misc{MosaicML2023Introducing,
    author    = {MosaicML NLP Team},
    title     = {Introducing MPT-7B: A New Standard for Open-Source,
    Commercially Usable LLMs},
    year      = {2023},
    url       = {https://www.mosaicml.com/blog/mpt-7b},
    note      = {Accessed: 2023-05-05},
    urldate   = {2023-05-05}
}

@misc{vicuna2023,
    title = {Vicuna: An Open-Source Chatbot Impressing GPT-4 with 90\%* ChatGPT Quality},
    url = {https://lmsys.org/blog/2023-03-30-vicuna/},
    author = {Chiang, Wei-Lin and Li, Zhuohan and Lin, Zi and Sheng, Ying and Wu, Zhanghao and Zhang, Hao and Zheng, Lianmin and Zhuang, Siyuan and Zhuang, Yonghao and Gonzalez, Joseph E. and Stoica, Ion and Xing, Eric P.},
    month = {March},
    year = {2023}
}

@inproceedings{DBLP:conf/eccv/LinMBHPRDZ14,
  author       = {Tsung{-}Yi Lin and
                  Michael Maire and
                  Serge J. Belongie and
                  James Hays and
                  Pietro Perona and
                  Deva Ramanan and
                  Piotr Doll{\'{a}}r and
                  C. Lawrence Zitnick},
  editor       = {David J. Fleet and
                  Tom{\'{a}}s Pajdla and
                  Bernt Schiele and
                  Tinne Tuytelaars},
  title        = {Microsoft {COCO:} Common Objects in Context},
  booktitle    = {Computer Vision - {ECCV} 2014 - 13th European Conference, Zurich,
                  Switzerland, September 6-12, 2014, Proceedings, Part {V}},
  series       = {Lecture Notes in Computer Science},
  volume       = {8693},
  pages        = {740--755},
  publisher    = {Springer},
  year         = {2014},
  url          = {https://doi.org/10.1007/978-3-319-10602-1\_48},
  doi          = {10.1007/978-3-319-10602-1\_48},
  timestamp    = {Thu, 25 Apr 2024 15:20:40 +0200},
  biburl       = {https://dblp.org/rec/conf/eccv/LinMBHPRDZ14.bib},
  bibsource    = {dblp computer science bibliography, https://dblp.org}
}

@inproceedings{DBLP:conf/iclr/HuSWALWWC22,
  author       = {Edward J. Hu and
                  Yelong Shen and
                  Phillip Wallis and
                  Zeyuan Allen{-}Zhu and
                  Yuanzhi Li and
                  Shean Wang and
                  Lu Wang and
                  Weizhu Chen},
  title        = {LoRA: Low-Rank Adaptation of Large Language Models},
  booktitle    = {The Tenth International Conference on Learning Representations, {ICLR}
                  2022, Virtual Event, April 25-29, 2022},
  publisher    = {OpenReview.net},
  year         = {2022},
  url          = {https://openreview.net/forum?id=nZeVKeeFYf9},
  timestamp    = {Sat, 20 Aug 2022 01:15:42 +0200},
  biburl       = {https://dblp.org/rec/conf/iclr/HuSWALWWC22.bib},
  bibsource    = {dblp computer science bibliography, https://dblp.org}
}

@misc{alpaca,
  author = {Rohan Taori and Ishaan Gulrajani and Tianyi Zhang and Yann Dubois and Xuechen Li and Carlos Guestrin and Percy Liang and Tatsunori B. Hashimoto },
  title = {Stanford Alpaca: An Instruction-following LLaMA model},
  year = {2023},
  publisher = {GitHub},
  journal = {GitHub repository},
  howpublished = {\url{https://github.com/tatsu-lab/stanford_alpaca}},
}

@inproceedings{DBLP:conf/iclr/ZhangKWWA20,
  author       = {Tianyi Zhang and
                  Varsha Kishore and
                  Felix Wu and
                  Kilian Q. Weinberger and
                  Yoav Artzi},
  title        = {BERTScore: Evaluating Text Generation with {BERT}},
  booktitle    = {8th International Conference on Learning Representations, {ICLR} 2020,
                  Addis Ababa, Ethiopia, April 26-30, 2020},
  publisher    = {OpenReview.net},
  year         = {2020},
  url          = {https://openreview.net/forum?id=SkeHuCVFDr},
  timestamp    = {Wed, 03 Jun 2020 10:08:32 +0200},
  biburl       = {https://dblp.org/rec/conf/iclr/ZhangKWWA20.bib},
  bibsource    = {dblp computer science bibliography, https://dblp.org}
}

@inproceedings{DBLP:conf/icml/ChenW00T0CYW23,
  author       = {Sanyuan Chen and
                  Yu Wu and
                  Chengyi Wang and
                  Shujie Liu and
                  Daniel Tompkins and
                  Zhuo Chen and
                  Wanxiang Che and
                  Xiangzhan Yu and
                  Furu Wei},
  editor       = {Andreas Krause and
                  Emma Brunskill and
                  Kyunghyun Cho and
                  Barbara Engelhardt and
                  Sivan Sabato and
                  Jonathan Scarlett},
  title        = {BEATs: Audio Pre-Training with Acoustic Tokenizers},
  booktitle    = {International Conference on Machine Learning, {ICML} 2023, 23-29 July
                  2023, Honolulu, Hawaii, {USA}},
  series       = {Proceedings of Machine Learning Research},
  volume       = {202},
  pages        = {5178--5193},
  publisher    = {{PMLR}},
  year         = {2023},
  url          = {https://proceedings.mlr.press/v202/chen23ag.html},
  timestamp    = {Wed, 12 Jun 2024 14:22:04 +0200},
  biburl       = {https://dblp.org/rec/conf/icml/ChenW00T0CYW23.bib},
  bibsource    = {dblp computer science bibliography, https://dblp.org}
}

@inproceedings{DBLP:conf/icml/RadfordKXBMS23,
  author       = {Alec Radford and
                  Jong Wook Kim and
                  Tao Xu and
                  Greg Brockman and
                  Christine McLeavey and
                  Ilya Sutskever},
  editor       = {Andreas Krause and
                  Emma Brunskill and
                  Kyunghyun Cho and
                  Barbara Engelhardt and
                  Sivan Sabato and
                  Jonathan Scarlett},
  title        = {Robust Speech Recognition via Large-Scale Weak Supervision},
  booktitle    = {International Conference on Machine Learning, {ICML} 2023, 23-29 July
                  2023, Honolulu, Hawaii, {USA}},
  series       = {Proceedings of Machine Learning Research},
  volume       = {202},
  pages        = {28492--28518},
  publisher    = {{PMLR}},
  year         = {2023},
  url          = {https://proceedings.mlr.press/v202/radford23a.html},
  timestamp    = {Mon, 28 Aug 2023 17:23:08 +0200},
  biburl       = {https://dblp.org/rec/conf/icml/RadfordKXBMS23.bib},
  bibsource    = {dblp computer science bibliography, https://dblp.org}
}

@inproceedings{DBLP:conf/naacl/KimKLK19,
  author       = {Chris Dongjoo Kim and
                  Byeongchang Kim and
                  Hyunmin Lee and
                  Gunhee Kim},
  editor       = {Jill Burstein and
                  Christy Doran and
                  Thamar Solorio},
  title        = {AudioCaps: Generating Captions for Audios in The Wild},
  booktitle    = {Proceedings of the 2019 Conference of the North American Chapter of
                  the Association for Computational Linguistics: Human Language Technologies,
                  {NAACL-HLT} 2019, Minneapolis, MN, USA, June 2-7, 2019, Volume 1 (Long
                  and Short Papers)},
  pages        = {119--132},
  publisher    = {Association for Computational Linguistics},
  year         = {2019},
  url          = {https://doi.org/10.18653/v1/n19-1011},
  doi          = {10.18653/V1/N19-1011},
  timestamp    = {Fri, 06 Aug 2021 00:41:31 +0200},
  biburl       = {https://dblp.org/rec/conf/naacl/KimKLK19.bib},
  bibsource    = {dblp computer science bibliography, https://dblp.org}
}

@article{DBLP:journals/taslp/MeiMLKKZPZW24,
  author       = {Xinhao Mei and
                  Chutong Meng and
                  Haohe Liu and
                  Qiuqiang Kong and
                  Tom Ko and
                  Chengqi Zhao and
                  Mark D. Plumbley and
                  Yuexian Zou and
                  Wenwu Wang},
  title        = {WavCaps: {A} ChatGPT-Assisted Weakly-Labelled Audio Captioning Dataset
                  for Audio-Language Multimodal Research},
  journal      = {{IEEE} {ACM} Trans. Audio Speech Lang. Process.},
  volume       = {32},
  pages        = {3339--3354},
  year         = {2024},
  url          = {https://doi.org/10.1109/TASLP.2024.3419446},
  doi          = {10.1109/TASLP.2024.3419446},
  timestamp    = {Sun, 19 Jan 2025 15:03:08 +0100},
  biburl       = {https://dblp.org/rec/journals/taslp/MeiMLKKZPZW24.bib},
  bibsource    = {dblp computer science bibliography, https://dblp.org}
}

@inproceedings{DBLP:conf/iclr/ThickstunHK17,
  author       = {John Thickstun and
                  Za{\"{\i}}d Harchaoui and
                  Sham M. Kakade},
  title        = {Learning Features of Music From Scratch},
  booktitle    = {5th International Conference on Learning Representations, {ICLR} 2017,
                  Toulon, France, April 24-26, 2017, Conference Track Proceedings},
  publisher    = {OpenReview.net},
  year         = {2017},
  url          = {https://openreview.net/forum?id=rkFBJv9gg},
  timestamp    = {Thu, 25 Jul 2019 14:25:45 +0200},
  biburl       = {https://dblp.org/rec/conf/iclr/ThickstunHK17.bib},
  bibsource    = {dblp computer science bibliography, https://dblp.org}
}

@inproceedings{DBLP:conf/iclr/WeiBZGYLDDL22,
  author       = {Jason Wei and
                  Maarten Bosma and
                  Vincent Y. Zhao and
                  Kelvin Guu and
                  Adams Wei Yu and
                  Brian Lester and
                  Nan Du and
                  Andrew M. Dai and
                  Quoc V. Le},
  title        = {Finetuned Language Models are Zero-Shot Learners},
  booktitle    = {The Tenth International Conference on Learning Representations, {ICLR}
                  2022, Virtual Event, April 25-29, 2022},
  publisher    = {OpenReview.net},
  year         = {2022},
  url          = {https://openreview.net/forum?id=gEZrGCozdqR},
  timestamp    = {Wed, 16 Aug 2023 16:10:28 +0200},
  biburl       = {https://dblp.org/rec/conf/iclr/WeiBZGYLDDL22.bib},
  bibsource    = {dblp computer science bibliography, https://dblp.org}
}

@article{DBLP:journals/tmlr/WeiTBRZBYBZMCHVLDF22,
  author       = {Jason Wei and
                  Yi Tay and
                  Rishi Bommasani and
                  Colin Raffel and
                  Barret Zoph and
                  Sebastian Borgeaud and
                  Dani Yogatama and
                  Maarten Bosma and
                  Denny Zhou and
                  Donald Metzler and
                  Ed H. Chi and
                  Tatsunori Hashimoto and
                  Oriol Vinyals and
                  Percy Liang and
                  Jeff Dean and
                  William Fedus},
  title        = {Emergent Abilities of Large Language Models},
  journal      = {Trans. Mach. Learn. Res.},
  volume       = {2022},
  year         = {2022},
  url          = {https://openreview.net/forum?id=yzkSU5zdwD},
  timestamp    = {Fri, 19 May 2023 11:20:41 +0200},
  biburl       = {https://dblp.org/rec/journals/tmlr/WeiTBRZBYBZMCHVLDF22.bib},
  bibsource    = {dblp computer science bibliography, https://dblp.org}
}

@inproceedings{bogdanov2019mtg,
    author = "Bogdanov, Dmitry and Won, Minz and Tovstogan, Philip and Porter, Alastair and Serra, Xavier",
    title = "The MTG-Jamendo Dataset for Automatic Music Tagging",
    booktitle = "Machine Learning for Music Discovery Workshop, International Conference on Machine Learning (ICML 2019)",
    year = "2019",
    address = "Long Beach, CA, United States",
    url = "http://hdl.handle.net/10230/42015"
}

@article{DBLP:journals/corr/abs-2302-13971,
  author       = {Hugo Touvron and
                  Thibaut Lavril and
                  Gautier Izacard and
                  Xavier Martinet and
                  Marie{-}Anne Lachaux and
                  Timoth{\'{e}}e Lacroix and
                  Baptiste Rozi{\`{e}}re and
                  Naman Goyal and
                  Eric Hambro and
                  Faisal Azhar and
                  Aur{\'{e}}lien Rodriguez and
                  Armand Joulin and
                  Edouard Grave and
                  Guillaume Lample},
  title        = {LLaMA: Open and Efficient Foundation Language Models},
  journal      = {CoRR},
  volume       = {abs/2302.13971},
  year         = {2023},
  url          = {https://doi.org/10.48550/arXiv.2302.13971},
  doi          = {10.48550/ARXIV.2302.13971},
  eprinttype    = {arXiv},
  eprint       = {2302.13971},
  timestamp    = {Tue, 11 Feb 2025 12:43:02 +0100},
  biburl       = {https://dblp.org/rec/journals/corr/abs-2302-13971.bib},
  bibsource    = {dblp computer science bibliography, https://dblp.org}
}

@article{DBLP:journals/corr/abs-2211-01324,
  author       = {Yogesh Balaji and
                  Seungjun Nah and
                  Xun Huang and
                  Arash Vahdat and
                  Jiaming Song and
                  Karsten Kreis and
                  Miika Aittala and
                  Timo Aila and
                  Samuli Laine and
                  Bryan Catanzaro and
                  Tero Karras and
                  Ming{-}Yu Liu},
  title        = {eDiff-I: Text-to-Image Diffusion Models with an Ensemble of Expert
                  Denoisers},
  journal      = {CoRR},
  volume       = {abs/2211.01324},
  year         = {2022},
  url          = {https://doi.org/10.48550/arXiv.2211.01324},
  doi          = {10.48550/ARXIV.2211.01324},
  eprinttype    = {arXiv},
  eprint       = {2211.01324},
  timestamp    = {Wed, 09 Nov 2022 08:10:53 +0100},
  biburl       = {https://dblp.org/rec/journals/corr/abs-2211-01324.bib},
  bibsource    = {dblp computer science bibliography, https://dblp.org}
}

@article{DBLP:journals/corr/abs-2307-08581,
  author       = {Yang Zhao and
                  Zhijie Lin and
                  Daquan Zhou and
                  Zilong Huang and
                  Jiashi Feng and
                  Bingyi Kang},
  title        = {BuboGPT: Enabling Visual Grounding in Multi-Modal LLMs},
  journal      = {CoRR},
  volume       = {abs/2307.08581},
  year         = {2023},
  url          = {https://doi.org/10.48550/arXiv.2307.08581},
  doi          = {10.48550/ARXIV.2307.08581},
  eprinttype    = {arXiv},
  eprint       = {2307.08581},
  timestamp    = {Tue, 25 Jul 2023 16:04:08 +0200},
  biburl       = {https://dblp.org/rec/journals/corr/abs-2307-08581.bib},
  bibsource    = {dblp computer science bibliography, https://dblp.org}
}

@article{DBLP:journals/corr/abs-2408-11039,
  author       = {Chunting Zhou and
                  Lili Yu and
                  Arun Babu and
                  Kushal Tirumala and
                  Michihiro Yasunaga and
                  Leonid Shamis and
                  Jacob Kahn and
                  Xuezhe Ma and
                  Luke Zettlemoyer and
                  Omer Levy},
  title        = {Transfusion: Predict the Next Token and Diffuse Images with One Multi-Modal
                  Model},
  journal      = {CoRR},
  volume       = {abs/2408.11039},
  year         = {2024},
  url          = {https://doi.org/10.48550/arXiv.2408.11039},
  doi          = {10.48550/ARXIV.2408.11039},
  eprinttype    = {arXiv},
  eprint       = {2408.11039},
  timestamp    = {Tue, 24 Sep 2024 17:36:34 +0200},
  biburl       = {https://dblp.org/rec/journals/corr/abs-2408-11039.bib},
  bibsource    = {dblp computer science bibliography, https://dblp.org}
}
