@article{harlow2023new,
  title={{A New Wave in Robotics: Survey on Recent mmWave Radar Applications in Robotics}},
  author={Harlow, Kyle and Jang, Hyesu and Barfoot, Timothy D and Kim, Ayoung and Heckman, Christoffer},
  journal=IEEE_J_RO,
  year={2024},
  note={Accepted. To appear.}
}

@article{abu2024radar,
  title={{Radar Odometry for Autonomous Ground Vehicles: A Survey of Methods and Datasets}},
  author={Abu-Alrub, Nader J and Rawashdeh, Nathir A},
  journal=IEEE_J_IV,
  year={2024},
  volume={9},
  number={3},
  pages={4275-4291},
  publisher={IEEE}
}

@BOOK{adams2012book,
  author={Adams, Martin and Jose, Ebi and Vo, Ba-Ngu},
  title={Robotic Navigation and Mapping with Radar},
  year={2012},
}

@article{starr2014evaluation,
  title={{Evaluation of Navigation Sensors in Fire Smoke Environments}},
  author={Starr, Joseph W and Lattimer, Brian Y},
  journal={Fire Technology},
  volume={50},
  pages={1459--1481},
  year={2014},
  publisher={Springer}
}

@inproceedings{bijelic2018benchmark,
  title={{A Benchmark for Lidar Sensors in Fog: Is Detection Breaking Down?}},
  author={Bijelic, Mario and Gruber, Tobias and Ritter, Werner},
  booktitle=C-IVS,
  pages={760--767},
  year={2018},
  organization={IEEE}
}

@inproceedings{kramer2021radar,
  title={Radar-inertial state estimation and obstacle detection for micro-aerial vehicles in dense fog},
  author={Kramer, Andrew and Heckman, Christoffer},
  booktitle={Experimental Robotics: The 17th International Symposium},
  pages={3--16},
  year={2021},
  organization={Springer}
}

@article{nissov2024degradation,
  title={{Degradation Resilient LiDAR-Radar-Inertial Odometry}},
  author={Nissov, Morten and Khedekar, Nikhil and Alexis, Kostas},
  journal={arXiv preprint arXiv:2403.05332},
  year={2024}
}


@article{adolfsson2023lidar,
  title={{Lidar-Level Localization With Radar? The CFEAR Approach to Accurate, Fast, and Robust Large-Scale Radar Odometry in Diverse Environments}},
  author={Adolfsson, Daniel and Magnusson, Martin and Alhashimi, Anas and Lilienthal, Achim J and Andreasson, Henrik},
  journal=IEEE_J_RO,
  volume={39},
  number={2},
  pages={1476-1495},
  year={2023},
  publisher={IEEE}
}

// lidar ground slam

@inproceedings{shan2018lego,
  title={{LeGO-LOAM: Lightweight and Ground-Optimized Lidar Odometry and Mapping on Variable Terrain}},
  author={Shan, Tixiao and Englot, Brendan},
  booktitle=C-IROS,
  pages={4758-4765},
  year={2018},
  organization={IEEE}
}

@inproceedings{pan2021mulls,
  title={{MULLS: Versatile LiDAR SLAM via Multi-metric Linear Least Square}},
  author={Pan, Yue and Xiao, Pengchuan and He, Yujie and Shao, Zhenlei and Li, Zesong},
  booktitle=C-ICRA,
  pages={11633--11640},
  year={2021},
}

@article{zheng2021efficient,
  title={{Efficient LiDAR odometry for Autonomous Driving}},
  author={Zheng, Xin and Zhu, Jianke},
  journal=IEEE_J_RAL,
  volume={6},
  number={4},
  pages={8458--8465},
  year={2021},
  publisher={IEEE}
}

@article{chen2021low,
  title={{Low-Drift Odometry, Mapping and Ground Segmentation Using a Backpack LiDAR System}},
  author={Chen, Pengxin and Shi, Wenzhong and Bao, Sheng and Wang, Muyang and Fan, Wenzheng and Xiang, Haodong},
  journal=IEEE_J_RAL,
  volume={6},
  number={4},
  pages={7285--7292},
  year={2021},
  publisher={IEEE}
}

@inproceedings{wei2022gclo,
  title={{GCLO: Ground Constrained LiDAR Odometry with Low-drifts for GPS-denied Indoor Environments}},
  author={Wei, Xin and Lv, Jixin and Sun, Jie and Dong, Erbao and Pu, Shiliang},
  booktitle=C-ICRA,
  pages={2229--2235},
  year={2022},
  organization={IEEE}
}

@article{galeote2023gnd,
  title={{GND-LO: Ground Decoupled 3D Lidar Odometry Based on Planar Patches}},
  author={Galeote-Luque, Andres and Ruiz-Sarmiento, Jose-Raul and Gonzalez-Jimenez, Javier},
  journal=IEEE_J_RAL,
  volume={8},
  number={11},
  pages={6923-6930},
  year={2023},
  publisher={IEEE}
}

@article{jung2023asynchronous,
  title={{Asynchronous Multiple LiDAR-Inertial Odometry Using Point-Wise Inter-LiDAR Uncertainty Propagation}},
  author={Jung, Minwoo and Jung, Sangwoo and Kim, Ayoung},
  journal=IEEE_J_RAL,
  volume={8},
  number={7},
  pages={4211--4218},
  year={2023},
  publisher={IEEE}
}

// radar

@inproceedings{kellner2013instantaneous,
  title={{Instantaneous ego-motion estimation using Doppler radar}},
  author={Kellner, Dominik and Barjenbruch, Michael and Klappstein, Jens and Dickmann, J{\"u}rgen and Dietmayer, Klaus},
  booktitle=C-ITSC,
  pages={869--874},
  year={2013},
  organization={IEEE}
}

@inproceedings{kung2021normal,
  title={{A Normal Distribution Transform-Based Radar Odometry Designed For Scanning and Automotive Radars}},
  author={Kung, Pou-Chun and Wang, Chieh-Chih and Lin, Wen-Chieh},
  booktitle=C-ICRA,
  pages={14417--14423},
  year={2021},
  organization={IEEE}
}

@inproceedings{zhang20234dradarslam,
  title={{4DRadarSLAM: A 4D Imaging Radar SLAM System for Large-scale Environments based on Pose Graph Optimization}},
  author={Zhang, Jun and Zhuge, Huayang and Wu, Zhenyu and Peng, Guohao and Wen, Mingxing and Liu, Yiyao and Wang, Danwei},
  booktitle=C-ICRA,
  pages={8333--8340},
  year={2023},
  organization={IEEE}
}

@article{li20234d,
  title={{4D Radar-Based Pose Graph SLAM With Ego-Velocity Pre-Integration Factor}},
  author={Li, Xingyi and Zhang, Han and Chen, Weidong},
  journal=IEEE_J_RAL,
  volume={8},
  number={8},
  pages={5124-5131},
  year={2023},
  publisher={IEEE}
}

// radar inertial odometry

@inproceedings{kramer2020radar,
  title={{Radar-Inertial Ego-Velocity Estimation for Visually Degraded Environments}},
  author={Kramer, Andrew and Stahoviak, Carl and Santamaria-Navarro, Angel and Agha-Mohammadi, Ali-Akbar and Heckman, Christoffer},
  booktitle=C-ICRA,
  pages={5739--5746},
  year={2020},
  organization={IEEE}
}

@article{haggag2022credible,
  title={{A Credible and Robust Approach to Ego-Motion Estimation Using an Automotive Radar}},
  author={Haggag, Karim and Lange, Sven and Pfeifer, Tim and Protzel, Peter},
  journal=IEEE_J_RAL,
  volume={7},
  number={3},
  pages={6020--6027},
  year={2022},
  publisher={IEEE}
}

@inproceedings{DoerENC2020,
  title={Radar Inertial Odometry with Online Calibration}, 
  author={Doer, Christopher and Trommer, Gert F.},
  booktitle={European Navigation Conference (ENC)}, 
  year={2020},
  pages={1-10},
  doi={10.23919/ENC48637.2020.9317343}}

@inproceedings{DoerMFI2020,
  title={An EKF Based Approach to Radar Inertial Odometry}, 
  author={Doer, Christopher and Trommer, Gert F.},
  booktitle={IEEE International Conference on Multisensor Fusion and Integration for  Intelligent Systems (MFI)},
  year={2020},
  pages={152-159},
  doi={10.1109/MFI49285.2020.9235254}}

@article{park20213d,
  title={{3D ego-Motion Estimation Using low-Cost mmWave Radars via Radar Velocity Factor for Pose-Graph SLAM}},
  author={Park, Yeong Sang and Shin, Young-Sik and Kim, Joowan and Kim, Ayoung},
  journal=IEEE_J_RAL,
  volume={6},
  number={4},
  pages={7691--7698},
  year={2021},
  publisher={IEEE}
}

@inproceedings{ng2021continuous,
  title={{Continuous-time Radar-inertial Odometry for Automotive Radars}},
  author={Ng, Yin Zhi and Choi, Benjamin and Tan, Robby and Heng, Lionel},
  booktitle=C-IROS,
  pages={323--330},
  year={2021},
  organization={IEEE}
}

@inproceedings{michalczyk2022tightly,
  title={{Tightly-Coupled EKF-Based Radar-Inertial Odometry}},
  author={Michalczyk, Jan and Jung, Roland and Weiss, Stephan},
  booktitle=C-IROS,
  pages={12336--12343},
  year={2022},
  organization={IEEE}
}

@article{zhuang20234d,
title={{4D iRIOM: 4D Imaging Radar Inertial Odometry and Mapping}},
  author={Zhuang, Yuan and Wang, Binliang and Huai, Jianzhu and Li, Miao},
  journal=IEEE_J_RAL,
  volume={8},
  number={6},
  pages={3246--3253},
  year={2023},
  publisher={IEEE}
}

@article{chen2023drio,
  title={{DRIO: Robust Radar-Inertial Odometry in Dynamic Environments}},
  author={Chen, Hongyu and Liu, Yimin and Cheng, Yuwei},
  journal=IEEE_J_RAL,
  volume={8},
  number={9},
  pages={5918-5925},
  year={2023},
  publisher={IEEE}
}

@inproceedings{do2024dero,
  title={{DeRO: Dead Reckoning Based on Radar Odometry With Accelerometers Aided for Robot Localization}},
  author={Do, Hoang Viet and Kim, Yong Hun and Lee, Joo Han and Lee, Min Ho and Song, Jin Woo},
  booktitle=C-IROS,
  year={2024},
  note={Accepted. To appear.},
  organization={IEEE}
}

// patchwork
@inproceedings{lee2022patchworkpp,
  title={{Patchwork++: Fast and Robust Ground Segmentation Solving Partial Under-Segmentation Using 3D Point Cloud}},
  author={Lee, Seungjae and Lim, Hyungtae and Myung, Hyun},
  booktitle=C-IROS,
  year={2022},
  pages={13276-13283}
}

// gp integration

@article{forster2017manifold,
  title={On-Manifold Preintegration for Real-Time Visual--Inertial Odometry},
  author={Forster, Christian and Carlone, Luca and Dellaert, Frank and Scaramuzza, Davide},
  journal=IEEE_J_RO,
  volume={33},
  number={1},
  pages={1--21},
  year={2017},
  publisher={IEEE}
}

@inproceedings{sarkka2011linear,
  title={Linear operators and stochastic partial differential equations in Gaussian process regression},
  author={S{\"a}rkk{\"a}, Simo},
  booktitle={Artificial Neural Networks and Machine Learning--ICANN 2011: 21st International Conference on Artificial Neural Networks, Espoo, Finland, June 14-17, 2011, Proceedings, Part II 21},
  pages={151--158},
  year={2011},
  organization={Springer}
}

@article{le2021continuous,
  title={{Continuous Integration over SO (3) for IMU Preintegration}},
  author={Le Gentil, Cedric and Vidal-Calleja, Teresa},
  journal=C-RSS,
  year={2021},
  publisher={Robotics: Science and Systems Foundation}
}

// dataset and evaluation

@INPROCEEDINGS{zhang2023NTU,
  author={Zhang, Jun and Zhuge, Huayang and Liu, Yiyao and Peng, Guohao and Wu, Zhenyu and Zhang, Haoyuan and Lyu, Qiyang and Li, Heshan and Zhao, Chunyang and Kircali, Dogan and Mharolkar, Sanat and Yang, Xun and Yi, Su and Wang, Yuanzhe and Wang, Danwei},
  booktitle=C-ITSC, 
  title={{NTU4DRadLM: 4D Radar-Centric Multi-Modal Dataset for Localization and Mapping}}, 
  year={2023},
  pages={4291-4296},
  organization={IEEE}
}

@misc{grupp2017evo,
  title={EVO: Python package for the evaluation of odometry and SLAM},
  author={Grupp, M.},
  howpublished={\url{https://github.com/MichaelGrupp/evo}},
  year={2017}
}

@inproceedings{kummerle2011g,
  title={{G2o: A general framework for graph optimization}},
  author={K{\"u}mmerle, Rainer and Grisetti, Giorgio and Strasdat, Hauke and Konolige, Kurt and Burgard, Wolfram},
  booktitle=C-ICRA,
  pages={3607--3613},
  year={2011},
  organization={IEEE}
}

@ARTICLE{choi2023MSC,
  author={Choi, Minseong and Yang, Seunghoon and Han, Seungho and Lee, Yeongseok and Lee, Minyoung and Choi, Keun Ha and Kim, Kyung-Soo},
  journal=IEEE_J_RAL, 
  title={{MSC-RAD4R: ROS-Based Automotive Dataset With 4D Radar}}, 
  year={2023},
  volume={8},
  number={11},
  pages={7194-7201},
  publisher={IEEE}
}

@INPROCEEDINGS{kubelka2024do,
  author={Kubelka, Vladimír and Fritz, Emil and Magnusson, Martin},
  booktitle=C-ICRA, 
  title={Do we need scan-matching in radar odometry?}, 
  year={2024},
  pages={13710-13716},
  organization={IEEE}
}