@article{chen2024uni,
    title = {Towards a general-purpose foundation model for computational pathology},
    volume = {30},
    journal = {Nature Medicine},
    author = {Richard J. Chen and Tong Ding and Ming Y. Lu and Drew F. K. Williamson and Guillaume Jaume and Andrew H. Song and Bowen Chen and Andrew Zhang and Daniel Shao and Muhammad Shaba and Mane Williams and Lukas Oldenburg and Luca L. Weishaupt and Judy J. Wang and Anurag Vaidya and Long Phi Le and Georg Gerber and Sharifa Sahai and Walt Williams and Faisal Mahmood},
    year = {2024},
    pages = {850--862},
}

@InProceedings{huang2024hnm,
author={Huang, Wentao and Hu, Xiaoling and Abousamra, Shahira and Prasanna, Prateek and Chen, Chao},
title={Hard Negative Sample Mining for Whole Slide Image Classification},
booktitle={Medical Image Computing and Computer Assisted Intervention -- MICCAI 2024},
year={2024},
pages={144--154},
}

@inproceedings{jang2024learnability,
 author    = {Jaeseok Jang and Hyuk-Yoon Kwon},
 title     = {Are Multiple Instance Learning Algorithms Learnable for Instances?},
 year      = {2024},
 booktitle = {Proceedings of the 38th Conference on Neural Information Processing Systems (NeurIPS 2024)},
}

@inproceedings{lin2023interventional,
  title={Interventional bag multi-instance learning on whole-slide pathological images},
  author={Lin, Tiancheng and Yu, Zhimiao and Hu, Hongyu and Xu, Yi and Chen, Chang-Wen},
  booktitle={Proceedings of the IEEE/CVF Conference on Computer Vision and Pattern Recognition (CVPR)},
  year={2023}
}

@inproceedings{liu2023multiple,
    title={Multiple Instance Learning via Iterative Self-Paced Supervised Contrastive Learning},
    author={Liu, Kangning and Zhu, Weicheng and Shen, Yiqiu and Liu, Sheng and Razavian, Narges and Geras, Krzysztof J and Fernandez-Granda, Carlos},
    booktitle={Proceedings of the IEEE/CVF Conference on Computer Vision and Pattern Recognition (CVPR)},
    year={2023}
}

@inproceedings{qu2022bidirectional,
title={Bi-directional Weakly Supervised Knowledge Distillation for Whole Slide Image Classification},
author={Linhao Qu and xiaoyuan Luo and Manning Wang and Zhijian Song},
booktitle={Proceedings of the 36th Conference on Neural Information Processing Systems (NeurIPS 2022)},
year={2022},
}

@inproceedings{shao2021transmil,
 author    = {Zhuchen Shao and Hao Bian and Yang Chen and Yifeng Wang and Jian Zhang and Xiangyang Ji and Yongbing Zhang},
 title     = {TransMIL: Transformer based Correlated Multiple Instance Learning for Whole Slide Image Classification},
 year      = {2021},
 booktitle = {Proceedings of the 35th Conference on Neural Information Processing Systems (NeurIPS 2021)},
}

@article{vorontsov2024virchow,
    title = {A foundation model for clinical-grade computational pathology and rare cancers detection},
    volume = {30},
    journal = {Nature Medicine},
    author = {Eugene Vorontsov and Alican Bozkurt and Adam Casson and George Shaikovski and Michal Zelechowski and Kristen Severson and Eric Zimmermann and James Hall and Neil Tenenholtz and Nicolo Fusi and Ellen Yang and Philippe Mathieu and Alexander van Eck and Donghun Lee and Julian Viret and Eric Robert and Yi Kan Wang and Jeremy D. Kunz and Matthew C. H. Lee and Jan H. Bernhard and Ran A. Godrich and Gerard Oakley and Ewan Millar and Matthew Hanna and Hannah Wen and Juan A. Retamero and William A. Moye and Razik Yousfi and Christopher Kanan and David S. Klimstra and Brandon Rothrock and Siqi Liu and Thomas J. Fuchs},
    year = {2024},
    pages = {2429--2935},
}

@inproceedings{wang2021transpath,
  title={TransPath: Transformer-Based Self-supervised Learning for Histopathological Image Classification},
  author={Wang, Xiyue and Yang, Sen and Zhang, Jun and Wang, Minghui and Zhang, Jing and Huang, Junzhou and Yang, Wei and Han, Xiao},
  booktitle={Proceedings of the International Conference on Medical Image Computing and Computer-Assisted Intervention},
  pages={186--195},
  year={2021},
}

@article{wang2022ctrans,
  title={Transformer-based Unsupervised Contrastive Learning for Histopathological Image Classification},
  author={Wang, Xiyue and Yang, Sen and Zhang, Jun and Wang, Minghui and Zhang, Jing  and Yang, Wei and Huang, Junzhou  and Han, Xiao},
  journal={Medical Image Analysis},
  year={2022},
  publisher={Elsevier}
}

@inproceedings{xiong2021nystrom,
    title={Nyströmformer: A Nyström-Based Algorithm for Approximating Self-Attention},
    author={Yunyang Xiong and Zhanpeng Zeng and Rudrasis Chakraborty and Mingxing Tan and Glenn Fung and Yin Li and Vikas Singh},
    booktitle={Proceedings of the 35th Conference on Artificial Intelligence (AAAI-21)},
    year={2021}
}

@article{xu2024gigapath,
  title={A whole-slide foundation model for digital pathology from real-world data},
  author={Xu, Hanwen and Usuyama, Naoto and Bagga, Jaspreet and Zhang, Sheng and Rao, Rajesh and Naumann, Tristan and Wong, Cliff and Gero, Zelalem and González, Javier and Gu, Yu and Xu, Yanbo and Wei, Mu and Wang, Wenhui and Ma, Shuming and Wei, Furu and Yang, Jianwei and Li, Chunyuan and Gao, Jianfeng and Rosemon, Jaylen and Bower, Tucker and Lee, Soohee and Weerasinghe, Roshanthi and Wright, Bill J. and Robicsek, Ari and Piening, Brian and Bifulco, Carlo and Wang, Sheng and Poon, Hoifung},
  journal={Nature},
  year={2024},
  publisher={Nature Publishing Group UK London}
}

@inproceedings{zhang2022dtfd,
  author={Zhang, Hongrun and Meng, Yanda and Zhao, Yitian and Qiao, Yihong and Yang, Xiaoyun and Coupland, Sarah E. and Zheng, Yalin},
  booktitle={Proceedings of the IEEE/CVF Conference on Computer Vision and Pattern Recognition (CVPR)}, 
  title={DTFD-MIL: Double-Tier Feature Distillation Multiple Instance Learning for Histopathology Whole Slide Image Classification}, 
  year={2022},
  pages={18780-18790},
}

