@article{niazi2019e253,
title = {Digital pathology and artificial intelligence},
journal = {The Lancet Oncology},
volume = {20},
number = {5},
pages = {e253--e261},
year = {2019},
author = {Muhammad Khalid Khan Niazi and Anil V Parwani and Metin N Gurcan},
}

@article{zhang2022tehm,
  author={Zhang, Dehai and Duan, Yongchun and Guo, Jing and Wang, Yaowei and Yang, Yun and Li, Zhenhui and Wang, Kelong and Wu, Lin and Yu, Minghao},
  journal={IEEE Journal of Translational Engineering in Health and Medicine}, 
  title={Using Multi-Scale Convolutional Neural Network Based on Multi-Instance Learning to Predict the Efficacy of Neoadjuvant Chemoradiotherapy for Rectal Cancer}, 
  year={2022},
  volume={10},
  number={},
  pages={1-8},
}


@article{chen2022pancancer,
	title = {Pan-cancer integrative histology-genomic analysis via multimodal deep learning},
	volume = {40},
	number = {8},
	journal = {Cancer Cell},
	author = {Chen, Richard J. and Lu, Ming Y. and Williamson, Drew F.K. and Chen, Tiffany Y. and Lipkova, Jana and Noor, Zahra and Shaban, Muhammad and Shady, Maha and Williams, Mane and Joo, Bumjin and Mahmood, Faisal},
	year = {2022},
	pages = {865--878.e6},
}

@inproceedings{ilse2018amil,
 author    = {Maximilian Ilse and Jakub M. Tomczak and Max Welling},
 title     = {Attention-based Deep Multiple Instance Learning},
 year      = {2018},
 pages     = {2127--2136},
 booktitle = {Proceedings of the 35th International Conference
              on Machine Learning (ICML 2018)},
}

@article{chen2022pathomic,
  author={Chen, Richard J. and Lu, Ming Y. and Wang, Jingwen and Williamson, Drew F. K. and Rodig, Scott J. and Lindeman, Neal I. and Mahmood, Faisal},
  journal={IEEE Transactions on Medical Imaging}, 
  title={Pathomic Fusion: An Integrated Framework for Fusing Histopathology and Genomic Features for Cancer Diagnosis and Prognosis}, 
  year={2022},
  volume={41},
  number={4},
  pages={757-770}
}

@inproceedings{gao2024her2,
author = {Zheng Gao and Tiandong Chen and Bei Yang},
title = {{A weakly supervised multiple instance learning approach for classification of Breast cancer HER-2 status using whole slide images}},
volume = {13208},
booktitle = {Third International Conference on Biomedical and Intelligent Systems (IC-BIS 2024)},
pages = {132081D},
year = {2024},
}

@article{khosravi2022pcr_bc,
    author = {Khosravi, Pegah and Sutton, Elizabeth J. and Jee, Justin and Dalfonso, Timothy and Fong, Christopher J. and Rose, Doori and Da Silva, Edaise M. and Kohli, Armaan and Ho, David Joon and Ahmed, Mehnaj S. and Martinez, Danny and Begum, Anika and Zakszewski, Elizabeth and Aukerman, Andrew and Tazi, Yanis and Pinker-Domenig, Katja and Eskreis-Winkler, Sarah and Khan, Atif J. and Brogi, Edi and Morris, Elizabeth and Chandarlapaty, Sarat and Plitas, George and Powell, Simon and Morrow, Monica and Norton, Larry and Gao, Jianjiong and Robson, Mark and Zhang, Hong and Shah, Sohrab and Razavi, Pedram and MSK-MIND Consortium},
    title = {Prediction of neoadjuvant treatment outcomes with multimodal data integration in breast cancer},
    journal = {Cancer Research},
    volume = {82},
    number = {12\_Supplement},
    pages = {1928-1928},
    year = {2022},
    month = {6},
}

@article{liang2023macronet,
    title = {Deep learning supported discovery of biomarkers for clinical prognosis of liver cancer},
    volume = {5},
    journal = {Nature Machine Intelligence},
    author = {Junhao Liang and Weisheng Zhang and Jianghui Yang and Meilong Wu and Qionghai Dai and Hongfang Yin and Ying Xiao and Lingjie Kong},
    year = {2023},
    pages = {408--420},
}

@article{lu_2021_data-efficient,
    title = {Data-efficient and weakly supervised computational pathology on whole-slide images},
    volume = {5},
    number = {6},
    journal = {Nature Biomedical Engineering},
    author = {Lu, Ming Y. and Williamson, Drew F. K. and Chen, Tiffany Y. and Chen, Richard J. and Barbieri, Matteo and Mahmood, Faisal},
    year = {2021},
    pages = {555--570},
}

@article{srinidhi2021cpath_survey,
title = {Deep neural network models for computational histopathology: A survey},
journal = {Medical Image Analysis},
volume = {67},
pages = {101813},
year = {2021},
author = {Chetan L. Srinidhi and Ozan Ciga and Anne L. Martel},
}

@article{dietterich1997mil,
title = {Solving the multiple instance problem with axis-parallel rectangles},
journal = {Artificial Intelligence},
volume = {89},
number = {1},
pages = {31-71},
year = {1997},
author = {Thomas G. Dietterich and Richard H. Lathrop and Tomás Lozano-Pérez},
}

@inproceedings{li2021dsmil,
  title={Dual-stream multiple instance learning network for whole slide image classification with self-supervised contrastive learning},
  author={Li, Bin and Li, Yin and Eliceiri, Kevin W},
  booktitle={Proceedings of the IEEE/CVF Conference on Computer Vision and Pattern Recognition (CVPR)},
  pages={14318--14328},
  year={2021}
}

@inproceedings{zhang2022dtfd,
  author={Zhang, Hongrun and Meng, Yanda and Zhao, Yitian and Qiao, Yihong and Yang, Xiaoyun and Coupland, Sarah E. and Zheng, Yalin},
  booktitle={Proceedings of the IEEE/CVF Conference on Computer Vision and Pattern Recognition (CVPR)}, 
  title={DTFD-MIL: Double-Tier Feature Distillation Multiple Instance Learning for Histopathology Whole Slide Image Classification}, 
  year={2022},
  pages={18780-18790},
}


@article{campanella2019rnnmil,
    title = {Clinical-grade computational pathology using weakly supervised deep learning on whole slide images},
    volume = {25},
    journal = {Nature Medicine},
    author = {Gabriele Campanella and Matthew G. Hanna and Luke Geneslaw and Allen Miraflor and Vitor Werneck Krauss Silva and Klaus J. Busam and Edi Brogi and Victor E. Reuter and David S. Klimstra and Thomas J. Fuchs},
    year = {2019},
    pages = {1301--1309},
}

@inproceedings{jang2024learnability,
 author    = {Jaeseok Jang and Hyuk-Yoon Kwon},
 title     = {Are Multiple Instance Learning Algorithms Learnable for Instances?},
 year      = {2024},
 booktitle = {Proceedings of the 38th Conference on Neural Information Processing Systems (NeurIPS 2024)},
}

@inproceedings{qu2022bidirectional,
title={Bi-directional Weakly Supervised Knowledge Distillation for Whole Slide Image Classification},
author={Linhao Qu and xiaoyuan Luo and Manning Wang and Zhijian Song},
booktitle={Proceedings of the 36th Conference on Neural Information Processing Systems (NeurIPS 2022)},
year={2022},
}

@inproceedings{li2019ptmil,
author={Li, Weijian and Nguyen, Viet-Duy and Liao, Haofu and Wilder, Matt and Cheng, Ke and Luo, Jiebo},
title={Patch Transformer for Multi-tagging Whole Slide Histopathology Images},
booktitle={Medical Image Computing and Computer Assisted Intervention -- MICCAI 2019},
year={2019},
pages={532--540},
}



@inproceedings{shao2021transmil,
 author    = {Zhuchen Shao and Hao Bian and Yang Chen and Yifeng Wang and Jian Zhang and Xiangyang Ji and Yongbing Zhang},
 title     = {TransMIL: Transformer based Correlated Multiple Instance Learning for Whole Slide Image Classification},
 year      = {2021},
 booktitle = {Proceedings of the 35th Conference on Neural Information Processing Systems (NeurIPS 2021)},
}

@misc{zhang2023attentionchallenging,
title={Attention-Challenging Multiple Instance Learning for Whole Slide Image Classification}, 
author={Yunlong Zhang and Honglin Li and Yuxuan Sun and Sunyi Zheng and Chenglu Zhu and Lin Yang},
year={2023},
journal = {arXiv preprint arXiv:2311.07125},
}

@inproceedings{vaswani2017transformer,
 author    = {Ashish Vaswani and Noam Shazeer and Niki Parmar and Jakob Uszkoreit and Llion Jones and Aidan N. Gomez and Łukasz Kaiser and Illia Polosukhin},
 title     = {Attention Is All You Need},
 year      = {2017},
 booktitle = {Proceedings of the 31th Conference on Neural Information Processing Systems (NeurIPS 2017)},
}

@article{burns2023weak2strong,
    title={Weak-to-Strong Generalization: Eliciting Strong Capabilities With Weak Supervision}, 
    author={Collin Burns and Pavel Izmailov and Jan Hendrik Kirchner and Bowen Baker and Leo Gao and Leopold Aschenbrenner and Yining Chen and Adrien Ecoffet and Manas Joglekar and Jan Leike and Ilya Sutskever and Jeff Wu},
    year={2023},
    journal = {arXiv preprint arXiv:2312.09390},
}

@inproceedings{xiong2021nystrom,
    title={Nyströmformer: A Nyström-Based Algorithm for Approximating Self-Attention},
    author={Yunyang Xiong and Zhanpeng Zeng and Rudrasis Chakraborty and Mingxing Tan and Glenn Fung and Yin Li and Vikas Singh},
    booktitle={Proceedings of the 35th Conference on Artificial Intelligence (AAAI-21)},
    year={2021}
}

@inproceedings{liu2023multiple,
    title={Multiple Instance Learning via Iterative Self-Paced Supervised Contrastive Learning},
    author={Liu, Kangning and Zhu, Weicheng and Shen, Yiqiu and Liu, Sheng and Razavian, Narges and Geras, Krzysztof J and Fernandez-Granda, Carlos},
    booktitle={Proceedings of the IEEE/CVF Conference on Computer Vision and Pattern Recognition (CVPR)},
    year={2023}
}

@inproceedings{lin2023interventional,
  title={Interventional bag multi-instance learning on whole-slide pathological images},
  author={Lin, Tiancheng and Yu, Zhimiao and Hu, Hongyu and Xu, Yi and Chen, Chang-Wen},
  booktitle={Proceedings of the IEEE/CVF Conference on Computer Vision and Pattern Recognition (CVPR)},
  year={2023}
}

@article{wang2022ctrans,
  title={Transformer-based Unsupervised Contrastive Learning for Histopathological Image Classification},
  author={Wang, Xiyue and Yang, Sen and Zhang, Jun and Wang, Minghui and Zhang, Jing  and Yang, Wei and Huang, Junzhou  and Han, Xiao},
  journal={Medical Image Analysis},
  year={2022},
  publisher={Elsevier}
}

@inproceedings{wang2021transpath,
  title={TransPath: Transformer-Based Self-supervised Learning for Histopathological Image Classification},
  author={Wang, Xiyue and Yang, Sen and Zhang, Jun and Wang, Minghui and Zhang, Jing and Huang, Junzhou and Yang, Wei and Han, Xiao},
  booktitle={Proceedings of the International Conference on Medical Image Computing and Computer-Assisted Intervention},
  pages={186--195},
  year={2021},
}

@article{xu2024gigapath,
  title={A whole-slide foundation model for digital pathology from real-world data},
  author={Xu, Hanwen and Usuyama, Naoto and Bagga, Jaspreet and Zhang, Sheng and Rao, Rajesh and Naumann, Tristan and Wong, Cliff and Gero, Zelalem and González, Javier and Gu, Yu and Xu, Yanbo and Wei, Mu and Wang, Wenhui and Ma, Shuming and Wei, Furu and Yang, Jianwei and Li, Chunyuan and Gao, Jianfeng and Rosemon, Jaylen and Bower, Tucker and Lee, Soohee and Weerasinghe, Roshanthi and Wright, Bill J. and Robicsek, Ari and Piening, Brian and Bifulco, Carlo and Wang, Sheng and Poon, Hoifung},
  journal={Nature},
  year={2024},
  publisher={Nature Publishing Group UK London}
}

@article{chen2024uni,
    title = {Towards a general-purpose foundation model for computational pathology},
    volume = {30},
    journal = {Nature Medicine},
    author = {Richard J. Chen and Tong Ding and Ming Y. Lu and Drew F. K. Williamson and Guillaume Jaume and Andrew H. Song and Bowen Chen and Andrew Zhang and Daniel Shao and Muhammad Shaba and Mane Williams and Lukas Oldenburg and Luca L. Weishaupt and Judy J. Wang and Anurag Vaidya and Long Phi Le and Georg Gerber and Sharifa Sahai and Walt Williams and Faisal Mahmood},
    year = {2024},
    pages = {850--862},
}

@article{vorontsov2024virchow,
    title = {A foundation model for clinical-grade computational pathology and rare cancers detection},
    volume = {30},
    journal = {Nature Medicine},
    author = {Eugene Vorontsov and Alican Bozkurt and Adam Casson and George Shaikovski and Michal Zelechowski and Kristen Severson and Eric Zimmermann and James Hall and Neil Tenenholtz and Nicolo Fusi and Ellen Yang and Philippe Mathieu and Alexander van Eck and Donghun Lee and Julian Viret and Eric Robert and Yi Kan Wang and Jeremy D. Kunz and Matthew C. H. Lee and Jan H. Bernhard and Ran A. Godrich and Gerard Oakley and Ewan Millar and Matthew Hanna and Hannah Wen and Juan A. Retamero and William A. Moye and Razik Yousfi and Christopher Kanan and David S. Klimstra and Brandon Rothrock and Siqi Liu and Thomas J. Fuchs},
    year = {2024},
    pages = {2429--2935},
}

@article{hinton2015distillingknowledgeneuralnetwork,
    title={Distilling the Knowledge in a Neural Network}, 
    author={Geoffrey Hinton and Oriol Vinyals and Jeff Dean},
    year={2015},
    journal = {arXiv preprint arXiv:1503.02531},
}

@article{zhang2022self_distillation,
  author={Zhang, Linfeng and Bao, Chenglong and Ma, Kaisheng},
  journal={IEEE Transactions on Pattern Analysis and Machine Intelligence}, 
  title={Self-Distillation: Towards Efficient and Compact Neural Networks}, 
  year={2022},
  volume={44},
  number={8},
  pages={4388-4403},
}

@article{park2022self_evolve,
  author={Sangjoon Park and Gwanghyun Kim and Yujin Oh and Joon Beom Seo and Sang Min Lee and Jin Hwan Kim and Sungjun Moon and Jae-Kwang Lim and Chang Min Park and Jong Chul Ye},
  journal={Nature Communication}, 
  title={Self-evolving vision transformer for chest X-ray diagnosis through knowledge distillation}, 
  year={2022},
  volume={13},
  pages={3848},
}

@inproceedings{ye2022desd,
author={Ye, Yiwen and Zhang, Jianpeng and Chen, Ziyang and Xia, Yong},
title={DeSD: Self-Supervised Learning with Deep Self-Distillation for 3D Medical Image Segmentation},
booktitle={Medical Image Computing and Computer Assisted Intervention -- MICCAI 2022},
year={2022},
pages={545--555},
}

@inproceedings{ji2021frskd,
    author    = {Ji, Mingi and Shin, Seungjae and Hwang, Seunghyun and Park, Gibeom and Moon, Il-Chul},
    title     = {Refine Myself by Teaching Myself: Feature Refinement via Self-Knowledge Distillation},
    booktitle = {Proceedings of the IEEE/CVF Conference on Computer Vision and Pattern Recognition (CVPR)},
    month     = {June},
    year      = {2021},
    pages     = {10664-10673}
}



@inproceedings{he2016resnet,
  title={Deep Residual Learning for Image Recognition},
  author={Kaiming He and Xiangyu Zhang and Shaoqing Ren and Jian Sun},
  booktitle={Proceedings of the IEEE/CVF Conference on Computer Vision and Pattern Recognition (CVPR)},
  year={2016}
}

@article{goode2013openslide,
title = {OpenSlide: A vendor-neutral software foundation for digital pathology},
journal = {Journal of Pathology Informatics},
volume = {4},
number = {1},
pages = {27},
year = {2013},
author = {Adam Goode and Benjamin Gilbert and Jan Harkes and Drazen Jukic and Mahadev Satyanarayanan},
}

@inproceedings{
loshchilov2018adamw,
title={Decoupled Weight Decay Regularization},
author={Ilya Loshchilov and Frank Hutter},
booktitle={Proceedings of the International Conference on Learning Representations},
year={2019},
}

@inproceedings{
loshchilov2017sgdr,
title={{SGDR}: Stochastic Gradient Descent with Warm Restarts},
author={Ilya Loshchilov and Frank Hutter},
booktitle={Proceedings of the International Conference on Learning Representations},
year={2017},
}

@inproceedings{zhang2019lookahead,
 author    = {Michael R. Zhang and James Lucas and Geoffrey Hinton and Jimmy Ba},
 title     = {Lookahead Optimizer: $k$ steps forward, 1 step back},
 year      = {2019},
 booktitle = {Proceedings of the 33rd Conference on Neural Information Processing Systems (NeurIPS 2019)},
}

@inproceedings{
dosovitskiy2021vit,
title={An Image is Worth 16x16 Words: Transformers for Image Recognition at Scale},
author={Alexey Dosovitskiy and Lucas Beyer and Alexander Kolesnikov and Dirk Weissenborn and Xiaohua Zhai and Thomas Unterthiner and Mostafa Dehghani and Matthias Minderer and Georg Heigold and Sylvain Gelly and Jakob Uszkoreit and Neil Houlsby},
booktitle={International Conference on Learning Representations},
year={2021},
}

@InProceedings{huang2024hnm,
author={Huang, Wentao and Hu, Xiaoling and Abousamra, Shahira and Prasanna, Prateek and Chen, Chao},
title={Hard Negative Sample Mining for Whole Slide Image Classification},
booktitle={Medical Image Computing and Computer Assisted Intervention -- MICCAI 2024},
year={2024},
pages={144--154},
}



@article {walker2008ihc,
	author = {Walker, R A},
	title = {Immunohistochemical markers as predictive tools for breast cancer},
	volume = {61},
	number = {6},
	pages = {689--696},
	year = {2008},
	publisher = {BMJ Publishing Group},
	journal = {Journal of Clinical Pathology}
}

@inproceedings{chen2020simclr,
 author    = {Ting Chen and Simon Kornblith and Mohammad Norouzi and Geoffrey Hinton},
 title     = {A Simple Framework for Contrastive Learning of Visual Representations},
 year      = {2020},
 booktitle = {Proceedings of the 37th International Conference
              on Machine Learning (ICML 2020)},
}

@online{iccr_allred,
  author = {{International Collboration on Cancer Reporting}},
  title = {Invasive Carcinoma of the Breast},
  year = {2022},
  url = {https://www.iccr-cancer.org/datasets/published-datasets/breast/invasive-carcinoma-of-the-breast/},
  urldate = {2022-06}
}

@inproceedings{chen2021crossvit,
    title={{CrossViT: Cross-Attention Multi-Scale Vision Transformer for Image Classification}},
    author={Chun-Fu (Richard) Chen and Quanfu Fan and Rameswar Panda},
    booktitle={Proceedings of the International Conference on Computer Vision (ICCV)},
    year={2021}
}

@article{deng2012mnist,
  author={Deng, Li},
  journal={IEEE Signal Processing Magazine}, 
  title={The MNIST Database of Handwritten Digit Images for Machine Learning Research [Best of the Web]}, 
  year={2012},
  volume={29},
  number={6},
  pages={141--142},
}

@article{wang2021pcr_gastric,
    title = {Predicting gastric cancer outcome from resected lymph node histopathology images using deep learning},
    volume = {12},
    journal = {Nature Communication},
    author = {Xiaodong Wang and Ying Chen and Yunshu Gao and Huiqing Zhang and Zehui Guan and Zhou Dong and Yuxuan Zheng and Jiarui Jiang and Haoqing Yang and Liming Wang and Xianming Huang and Lirong Ai and Wenlong Yu and Hongwei Li and Changsheng Dong and Zhou Zhou and Xiyang Liu  and Guanzhen Yu},
    year = {2021},
    pages = {1637},
}

@article{huang2024pcr_rcc,
    title = {A multi-classifier system integrated by clinico-histology-genomic analysis for predicting recurrence of papillary renal cell carcinoma},
    journal = {Nature Communication},
    author = {Kang-Bo Huang and Cheng-Peng Gui and Yun-Ze Xu and Xue-Song Li and Hong-Wei Zhao and Jia-Zheng Cao and Yu-Hang Chen and Yi-Hui Pan and Bing Liao and Yun Cao and Xin-Ke Zhang and Hui Han and Fang-Jian Zhou and Ran-Yi Liu and Wen-Fang Chen and Ze-Ying Jiang and Zi-Hao Feng and Fu-Neng Jiang and Yan-Fei Yu and Sheng-Wei Xiong and Guan-Peng Han and Qi Tang and Kui Ouyang and Gui-Mei Qu and Ji-Tao Wu and Ming Cao and Bai-Jun Dong and Yi-Ran Huang and Jin Zhang and Cai-Xia Li and Pei-Xing Li and Wei Chen and Wei-De Zhong and Jian-Ping Guo and Zhi-Ping Liu and Jer-Tsong Hsieh and Dan Xie and Mu-Yan Cai and Wei Xue and Jin-Huan Wei and Jun-Hang Luo},
    year = {2024},
    pages = {6215},
    volume={15},
}

@article{qian2024prognosis,
    title = {A multimodal machine learning model for the stratification of breast cancer risk},
    journal = {Nature Biomedical Engineering},
    author = {Xuejun Qian and Jing Pei and Chunguang Han and Zhiying Liang and Gaosong Zhang and Na Chen and Weiwei Zheng and Fanlun Meng and Dongsheng Yu and Yixuan Chen and Yiqun Sun and Hanqi Zhang and Wei Qian and Xia Wang and Zhuoran Er and Chenglu Hu and Hui Zheng and Dinggang Shen},
    year = {2024},
}

@article{volinsky-fremond2024prognosis,
    title = {Prediction of recurrence risk in endometrial cancer with multimodal deep learning},
    journal = {Nature Medicine},
    author = {Sarah Volinsky-Fremond and Nanda Horeweg and Sonali Andani and Jurriaan Barkey Wolf and Maxime W. Lafarge and Cor D. de Kroon and Gitte Ørtoft and Estrid Høgdall and Jouke Dijkstra and Jan J. Jobsen and Ludy C. H. W. Lutgens and Melanie E. Powell and Linda R. Mileshkin and Helen Mackay and Alexandra Leary and Dionyssios Katsaros and Hans W. Nijman and Stephanie M. de Boer and Remi A. Nout and Marco de Bruyn and David Church and Vincent T. H. B. M. Smit and Carien L. Creutzberg and Viktor H. Koelzer  and Tjalling Bosse},
    year = {2024},
    pages = {1962--1973},
    volume={30},
}