% Journal Cite
@article{hash2025_RIENG_Avionics,
	title={{A}dvances in {UAV} {A}vionics {S}ystems {A}rchitecture, {C}lassification and {I}ntegration: {A} {C}omprehensive {R}eview and {F}uture {P}erspectives},
	author={Hashim, Hashim A},
	journal={Results in Engineering},
	pages={103786},
	volume={25},
	year={2025},
	publisher={Elsevier}
}
@article{korkin2024multiparticle,
	title={Multiparticle Kalman filter for object localization in symmetric environments},
	author={Korkin, Roman and Oseledets, Ivan and Katrutsa, Aleksandr},
	journal={Expert Systems with Applications},
	volume={237},
	pages={121408},
	year={2024},
	publisher={Elsevier}
}
@article{dang2023kalman,
	title={A Kalman filter-based prediction strategy for multiobjective multitasking optimization},
	author={Dang, Qianlong and Yuan, Jiawei},
	journal={Expert Systems with Applications},
	volume={213},
	pages={119025},
	year={2023},
	publisher={Elsevier}
}
@article{yousefnejad2022control,
	title={A control algorithm for a non-stationary batch service production system using Kalman filter},
	author={Yousefnejad, Helia and Monfared, Mohammadali Saniee},
	journal={Expert Systems with Applications},
	volume={207},
	pages={117916},
	year={2022},
	publisher={Elsevier}
}
@article{ma2024socf,
	title={SOCF: A correlation filter for real-time UAV tracking based on spatial disturbance suppression and object saliency-aware},
	author={Ma, Sugang and Zhao, Bo and Hou, Zhiqiang and Yu, Wangsheng and Pu, Lei and Yang, Xiaobao},
	journal={Expert Systems with Applications},
	volume={238},
	pages={122131},
	year={2024},
	publisher={Elsevier}
}

@article{feng2023digital,
	title={Digital twin-driven intelligent assessment of gear surface degradation},
	author={Feng, Ke and Ji, JC and Zhang, Yongchao and Ni, Qing and Liu, Zheng and Beer, Michael},
	journal={Mechanical Systems and Signal Processing},
	volume={186},
	pages={109896},
	year={2023},
	publisher={Elsevier}
}
@article{li2024composite,
	title={Composite Neuro-Fuzzy System-Guided Cross-Modal Zero-Sample Diagnostic Framework Using Multi-Source Heterogeneous Non-Contact Sensing Data},
	author={Li, Sheng and Ji, Jinchen and Feng, Ke and Zhang, Ke and Ni, Qing and Xu, Yadong},
	journal={IEEE Transactions on Fuzzy Systems},
	year={2024},
	publisher={IEEE}
}
@article{huang2021practical,
	title={Practical limitations of lane detection algorithm based on Hough transform in challenging scenarios},
	author={Huang, Qiao and Liu, Jinlong},
	journal={International Journal of Advanced Robotic Systems},
	volume={18},
	number={2},
	pages={17298814211008752},
	year={2021},
	publisher={SAGE Publications Sage UK: London, England}
}

@article{odry2018kalman,
	title={Kalman filter for mobile-robot attitude estimation: Novel optimized and adaptive solutions},
	author={Odry, Akos and Fuller, Robert and Rudas, Imre J and Odry, Peter},
	journal={Mechanical systems and signal processing},
	volume={110},
	pages={569--589},
	year={2018},
	publisher={Elsevier}
}






@article{Khashayar2025_TIM_Hashim,
	title={{Q}uaternion-based {U}nscented {K}alman {F}ilter for 6-{D}o{F} {V}ision-based {I}nertial {N}avigation in {GPS}-denied {R}egions},
	author={Ghanizadegan, Khashayar and Hashim, Hashim A},
	journal={IEEE Transactions on Instrumentation and Measurement},
	volume={74},
	number={1},
	pages={1--13},
	year={2025},
	publisher={IEEE}
}

@article{zhang2023underwater,
  title={Mtrajplanner: A multiple-trajectory planning algorithm for autonomous underwater vehicles},
author={Gong, Yue-Jiao and Huang, Ting and Ma, Yi-Ning and Jeon, Sang-Woon and Zhang, Jun},
journal={IEEE Transactions on Intelligent Transportation Systems},
volume={24},
number={4},
pages={3714--3727},
year={2023},
publisher={IEEE}
}
@article{Dey2017GatevariantsOG,
	title={Gate-variants of Gated Recurrent Unit (GRU) neural networks},
	author={Rahul Dey and Fathi M. Salem},
	journal={2017 IEEE 60th International Midwest Symposium on Circuits and Systems (MWSCAS)},
	year={2017},
	pages={1597-1600},
	url={https://api.semanticscholar.org/CorpusID:8492900}
}
@article{kingma2014adam,
	title={Adam: A method for stochastic optimization},
	author={Kingma, Diederik P},
	journal={arXiv preprint arXiv:1412.6980},
	year={2014}
}
@book{hartley2003multiple,
	title={Multiple view geometry in computer vision},
	author={Hartley, Richard and Zisserman, Andrew},
	year={2003},
	publisher={Cambridge university press}
}
@article{ravi2020pytorch3d,
	author = {Nikhila Ravi and Jeremy Reizenstein and David Novotny and Taylor Gordon
	and Wan-Yen Lo and Justin Johnson and Georgia Gkioxari},
	title = {Accelerating 3D Deep Learning with PyTorch3D},
	journal = {arXiv:2007.08501},
	year = {2020},
}
@article{paszke2019pytorch,
	title={Pytorch: An imperative style, high-performance deep learning library},
	author={Paszke, Adam and et. al.},
	journal={Advances in neural information processing systems},
	volume={32},
	year={2019}
}
@article{loshchilov2017fixing,
  title={Towards understanding convergence and generalization of AdamW},
author={Zhou, Pan and Xie, Xingyu and Lin, Zhouchen and Yan, Shuicheng},
journal={IEEE Transactions on Pattern Analysis and Machine Intelligence},
year={2024},
publisher={IEEE}
}
@article{ref:ukf,
	title={The unscented Kalman filter},
	author={Wan, Eric A and Van Der Merwe, Rudolph},
	journal={Kalman filtering and neural networks},
	pages={221--280},
	year={2001},
	publisher={Wiley Online Library}
}
@article{Burri25012016,
	title={The {EuRoC} micro aerial vehicle datasets},
	author={Burri, Michael and et al.},
	journal={The International Journal of Robotics Research},
	volume={35},
	number={10},
	pages={1157--1163},
	year={2016},
	publisher={SAGE Publications Sage UK: London, England}
}
@article{hochreiter1997lstm,
title={Remaining useful life prognosis based on ensemble long short-term memory neural network},
author={Cheng, Yiwei and Wu, Jun and Zhu, Haiping and Or, Siu Wing and Shao, Xinyu},
journal={IEEE Transactions on Instrumentation and Measurement},
volume={70},
pages={1--12},
year={2020},
publisher={IEEE}
}
@article{jernite2016variable,
  title={A review of irregular time series data handling with gated recurrent neural networks},
author={Weerakody, Philip B and Wong, Kok Wai and Wang, Guanjin and Ela, Wendell},
journal={Neurocomputing},
volume={441},
pages={161--178},
year={2021},
publisher={Elsevier}
}
@inproceedings{rusch2021unicornn,
	title={Unicornn: A recurrent model for learning very long time dependencies},
	author={Rusch, T Konstantin and Mishra, Siddhartha},
	booktitle={International Conference on Machine Learning},
	pages={9168--9178},
	year={2021},
	organization={PMLR}
}
@article{yang2020homecare,
	title={Homecare robotic systems for healthcare 4.0: Visions and enabling technologies},
	author={Yang, Geng and et al.},
	journal={IEEE journal of biomedical and health informatics},
	volume={24},
	number={9},
	pages={2535--2549},
	year={2020},
	publisher={IEEE}
}
@article{saunders2024autonomous,
  title={Efficient package delivery task assignment for truck and high capacity drone},
author={Bai, Xiaoshan and Ye, Youqiang and Zhang, Bo and Ge, Shuzhi Sam},
journal={IEEE Transactions on Intelligent Transportation Systems},
	volume={24},
number={11},
	pages={13422--13435},
year={2024},
publisher={IEEE}
}
@article{Shewalkar2019PerformanceEO,
	title={Performance Evaluation of Deep Neural Networks Applied to Speech Recognition: RNN, LSTM and GRU},
	author={Apeksha Nagesh Shewalkar and Deepika Nyavanandi and Simone A. Ludwig},
	journal={Journal of Artificial Intelligence and Soft Computing Research},
	year={2019},
	volume={9},
	pages={235 - 245}
}
@article{hu2022fault,
	title={Fault-tolerant cooperative navigation of networked UAV swarms for forest fire monitoring},
	author={Hu, Junyan and Niu, Hanlin and Carrasco, Joaquin and Lennox, Barry and Arvin, Farshad},
	journal={Aerospace Science and Technology},
	volume={123},
	pages={107494},
	year={2022},
	publisher={Elsevier}
}
@article{kaiser2022potential,
  title={Heterogeneity in ice-wedge permafrost degradation revealed across spatial scales},
author={Braun, Katherine N and Andresen, Christian G},
journal={Remote Sensing of Environment},
volume={311},
pages={114299},
year={2024},
publisher={Elsevier}
}
@article{chen2021augmented,
	title={Augmented reality navigation for minimally invasive knee surgery using enhanced arthroscopy},
	author={Chen, Fang and wt al.},
	journal={Computer Methods and Programs in Biomedicine},
	volume={201},
	pages={105952},
	year={2021},
	publisher={Elsevier}
}
@Article{aerospace7010003,
  title={Magnetometer-based attitude determination extended kalman filter and optimization techniques},
author={Wattanarungsan, Supakit and Kuwahara, Toshinori and Fujita, Shinya},
journal={IEEE Transactions on Aerospace and Electronic Systems},
	volume={59},
number={6},
pages={7993--8004},
year={2023},
publisher={IEEE}
}
@ARTICLE{Hou9162069Pedestrian,
	author={Hou, Xinyu and Bergmann, Jeroen},
	journal={IEEE Sensors Journal}, 
	title={Pedestrian Dead Reckoning With Wearable Sensors: A Systematic Review}, 
	year={2021},
	volume={21},
	number={1},
	pages={143-152}
}
@article{Hashim2023NonlinearFusion,
	title={{UWB} {R}anging and {IMU} {D}ata {F}usion: {O}verview and {N}onlinear {S}tochastic {F}ilter for {I}nertial {N}avigation},
author={Hashim, Hashim A and Eltoukhy, Abdelrahman EE and Vamvoudakis, Kyriakos G},
journal={IEEE Transactions on Intelligent Transportation Systems},
volume={25},
number={1},
pages={359--369},
year={2024},
publisher={IEEE}
}
@article{Roth2022AirTag,
	title={AirTag of the Clones: Shenanigans with Liberated Item Finders},
	author={Thomas M. Roth and Fabian Freyer and M. Hollick and J. Classen},
	journal={2022 IEEE Security and Privacy Workshops (SPW)},
	year={2022},
	pages={301-311},
	doi={10.1109/spw54247.2022.9833881}
}
@article{hashim2023observer,
	title={{O}bserver-based {C}ontroller for {VTOL}-{UAV}s {T}racking using {D}irect {V}ision-Aided {I}nertial {N}avigation {M}easurements},
author={Hashim, Hashim A and Eltoukhy, Abdelrahman EE and Odry, Akos},
journal={ISA transactions},
volume={137},
pages={133--143},
year={2023},
publisher={Elsevier}
}
@article{hashim2023exponentially,
	title={{E}xponentially {S}table {O}bserver-based {C}ontroller for {VTOL}-{UAV}s without {V}elocity {M}easurements},
author={Hashim, Hashim A},
journal={International Journal of Control},
volume={96},
number={8},
pages={1946--1960},
year={2023},
publisher={Taylor \& Francis}
}

@article{franchi2021underwater,
  title={Robust inertial-aided underwater localization based on imaging sonar keyframes},
author={Xu, Yang and Zheng, Ronghao and Zhang, Senlin and Liu, Meiqin},
journal={IEEE Transactions on Instrumentation and Measurement},
volume={71},
pages={1--12},
year={2022},
publisher={IEEE}
}
@inproceedings{christian2013survey,
	title={A survey of LIDAR technology and its use in spacecraft relative navigation},
	author={Christian, John A and Cryan, Scott},
	booktitle={AIAA Guidance, Navigation, and Control (GNC) Conference},
	pages={4641},
	year={2013}
}
@article{hashim2021geometricNAV,
	title={{G}eometric {S}tochastic {F}ilter with {G}uaranteed {P}erformance for {A}utonomous {N}avigation based on {IMU} and {F}eature {S}ensor {F}usion},
author={Hashim, Hashim A and Abouheaf, Mohammed and Abido, Mohammad A},
journal={{C}ontrol Engineering Practice},
volume={116},
pages={104926},
year={2021}
}
@inproceedings{hashim2021gps,
	title={{GPS}-denied {N}avigation: {A}ttitude, {P}osition, Linear {V}elocity, and {G}ravity {E}stimation with {N}onlinear {S}tochastic {O}bserver},
author={{Hashim}, Hashim A},
booktitle={2021 American Control Conference (ACC)}, 
pages={1146--1151},
year={2021},
organization={IEEE}
}
@article{lowe2004distinctive,
	title={Distinctive image features from scale-invariant keypoints},
	author={Lowe, David G},
	journal={International journal of computer vision},
	volume={60},
	pages={91--110},
	year={2004},
	publisher={Springer}
}
@inproceedings{shi1994good,
  title={Good features to track},
author={Shi, Jianbo and others},
booktitle={1994 Proceedings of IEEE conference on computer vision and pattern recognition},
pages={593--600},
year={1994},
organization={IEEE}
}
@inproceedings{lucas1981iterative,
	title={An iterative image registration technique with an application to stereo vision},
	author={Lucas, Bruce D and Kanade, Takeo},
	booktitle={IJCAI'81: 7th international joint conference on Artificial intelligence},
	volume={2},
	pages={674--679},
	year={1981}
}
@ARTICLE{7511659,
  title={Visual--inertial navigation systems for aerial robotics: Sensor fusion and technology},
author={Santoso, Fendy and Garratt, Matthew A and Anavatti, Sreenatha G},
journal={IEEE Transactions on Automation Science and Engineering},
volume={14},
number={1},
pages={260--275},
year={2016},
publisher={IEEE}
}
@inproceedings{mourikis2007multi,
	title={A multi-state constraint Kalman filter for vision-aided inertial navigation},
	author={Mourikis, Anastasios I and Roumeliotis, Stergios I},
	booktitle={Proceedings 2007 IEEE international conference on robotics and automation},
	pages={3565--3572},
	year={2007},
	organization={IEEE}
}
@article{sun2018robust,
  title={Robust stereo visual inertial odometry for fast autonomous flight},
author={Sun, Ke and et al.},
journal={IEEE Robotics and Automation Letters},
volume={3},
number={2},
pages={965--972},
year={2018},
publisher={IEEE}
}
@article{Myronenko2009PointSR,
	title={Point set registration: Coherent point drift},
	author={Myronenko, Andriy and Song, Xubo},
	journal={IEEE transactions on pattern analysis and machine intelligence},
	volume={32},
	number={12},
	pages={2262--2275},
	year={2010},
	publisher={IEEE}
}
@article{Erdem2015FusingTracking,
	title={Fusing inertial sensor data in an extended Kalman filter for 3D camera tracking},
	author={Erdem, Arif Tanju and Ercan, Ali Ozer},
	journal={IEEE Transactions on Image Processing},
	volume={24},
	number={2},
	pages={538--548},
	year={2014},
	publisher={IEEE}
}
@article{brossard2020ai,
	title={AI-IMU dead-reckoning},
	author={Brossard, Martin and Barrau, Axel and Bonnabel, Silvere},
	journal={IEEE Transactions on Intelligent Vehicles},
	volume={5},
	number={4},
	pages={585--595},
	year={2020},
	publisher={IEEE}
}
@inproceedings{Zhou2022IMUAlgorithm,
	title={IMU dead-reckoning localization with RNN-IEKF algorithm},
	author={Zhou, Hang and et al.},
	booktitle={2022 IEEE/RSJ International Conference on Intelligent Robots and Systems (IROS)},
	pages={11382--11387},
	year={2022},
	organization={IEEE}
}
@article{or2023learning,
	title={Learning vehicle trajectory uncertainty},
	author={Or, Barak and Klein, Itzik},
	journal={Engineering Applications of Artificial Intelligence},
	volume={122},
	pages={106101},
	year={2023},
	publisher={Elsevier}
}
@inproceedings{yan2023multi,
	title={Multi-level Deep Learning Kalman Filter},
	author={Yan, Shi and Liang, Yan and Wang, Binglu},
	booktitle={2023 International Conference on Advanced Robotics and Mechatronics (ICARM)},
	pages={1113--1118},
	year={2023},
	organization={IEEE}
}
@article{shuster1993survey,
	title={A survey of attitude representations},
	author={Shuster, Malcolm D and others},
	journal={Navigation},
	volume={8},
	number={9},
	pages={439--517},
	year={1993}
}
@article{hashim2019special,
	title={{S}pecial {O}rthogonal {G}roup {SO}(3), {E}uler {A}ngles, {A}ngle-axis, {R}odriguez {V}ector and {U}nit-Quaternion: {O}verview, {M}apping and {C}hallenges},
author={Hashim, Hashim A},
journal={ar{X}iv preprint ar{X}iv:1909.06669},
year={2019},
publisher={ar{X}iv}
}
@article{Lechner2020LearningLD,
	title={Learning Long-Term Dependencies in Irregularly-Sampled Time Series},
	author={Mathias Lechner and Ramin M. Hasani},
	journal={ArXiv},
	year={2020},
	volume={abs/2006.04418},
	url={https://api.semanticscholar.org/CorpusID:219530825}
}








































@article{Tiwari_2022, 
	title={Usage of drones as a medical applications},
	volume={6},
	number={S1},
	journal={International journal of health sciences},
	author={Tiwari, Shikha},
	year={2022},
	month={May},
	pages={11643–11655}
}

@article{juvs-2016-0014,
	author = {Michez, Adrien and et al.},
	title = {Use of unmanned aerial system to assess wildlife (Sus scrofa) damage to crops (Zea mays)},
	journal = {Journal of Unmanned Vehicle Systems},
	volume = {4},
	number = {4},
	pages = {266-275},
	year = {2016}
}

@article{chiella2019quaternion,
	title={UAV attitude estimation using unscented Kalman filter and TRIAD},
	author={De Marina, Hector Garcia and Pereda, Fernando J and Giron-Sierra, Jose M and Espinosa, Felipe},
	journal={IEEE Transactions on Industrial Electronics},
	volume={59},
	number={11},
	pages={4465--4474},
	year={2011},
	publisher={IEEE}
}

@article{Hashim2022SLAMTSMC,
	title={{N}onlinear {F}ilter for {S}imultaneous {L}ocalization and {M}apping on a {M}atrix {L}ie {G}roup using {IMU} and {F}eature {M}easurements},
author={Hashim, Hashim A and Eltoukhy, Abdelrahman E E},
journal={IEEE Transactions on Systems, Man, and Cybernetics: Systems},
volume={52},
number={4},
pages={2098--2109},
doi={10.1109/TSMC.2020.3047338},
year={2022}
}
@article{gruber2020gru,
  title={Are GRU cells more specific and LSTM cells more sensitive in motive classification of text?},
  author={Gruber, Nicole and Jockisch, Alfred},
  journal={Frontiers in artificial intelligence},
  volume={3},
  pages={40},
  year={2020},
  publisher={Frontiers Media SA}
}















@article{khalkhali2019multi,
	title={Multi-target state estimation using interactive Kalman filter for multi-vehicle tracking},
	author={Khalkhali, Maryam Baradaran and Vahedian, Abedin and Yazdi, Hadi Sadoghi},
	journal={IEEE Transactions on Intelligent Transportation Systems},
	volume={21},
	number={3},
	pages={1131--1144},
	year={2019},
	publisher={IEEE}
}

@article{hashim2022SLAMTITS,
	title={{L}andmark and {IMU} {D}ata {F}usion: Systematic {C}onvergence {G}eometric {N}onlinear {O}bserver for {SLAM} and {V}elocity {B}ias},
author={Hashim, Hashim A and Eltoukhy, Abdelrahman E E},
journal={IEEE Transactions on Intelligent Transportation Systems},
volume={23},
number={4},
pages={3292--3301},
doi={10.1109/TITS.2020.3035550},
year={2022}
}
@article{hashim2020SLAMguaranteed,
	title={{G}uaranteed {P}erformance {N}onlinear {O}bserver for {S}imultaneous {L}ocalization and {M}apping},
author={Hashim, Hashim A},
journal={IEEE Control Systems Letters},
volume={5},
number={1},
pages={91--96},
year={2021},
publisher={IEEE}
}



@inproceedings{ref:space,
	title={Segmentation-driven spacecraft pose estimation for vision-based relative navigation in space},
	author={Kajak, Karl Martin and Maddock, Christie and Frei, Heike and Schwenk, Kurt},
	booktitle={IAF Astrodynamics Symposium 2021 at the 72nd International Astronautical Congress, IAC 2021},
	year={2021}
}

@article{ref:Ghazali,
	title={Computer Vision Using Pose Estimation },
	volume={2},
	number={1},
	journal={Wasit Journal of Computer and Mathematics Science},
	author={Ghazali Bin Sulong and M Randles},
	year={2023},
	pages={54-58}
}

@inproceedings{hashim2023nonlinear,
	title={{N}onlinear {D}eterministic {O}bserver for {I}nertial {N}avigation using {U}ltra-wideband and {IMU} {S}ensor {F}usion},
author={Hashim, Hashim A and Eltoukhy, Abdelrahman EE and Vamvoudakis, Kyriakos G and Abouheaf, Mohammed I},
booktitle={2023 IEEE/RSJ International Conference on Intelligent Robots and Systems (IROS)},
pages={3085--3090},
year={2023},
organization={IEEE}
}


@inproceedings{kraft2003quaternion,
	title={A quaternion-based unscented Kalman filter for orientation tracking},
	author={Kraft, Edgar},
	booktitle={Proceedings of the sixth international conference of information fusion},
	volume={1},
	number={1},
	pages={47--54},
	year={2003},
	organization={IEEE Cairns}
}

@article{liu2023attitude,
	title={Attitude determination for unmanned cooperative navigation swarm based on multivectors in covisibility graph},
	author={Liu, Yilin and Liu, Ruochen and Yu, Ruihang and Xiong, Zhiming and Guo, Yan and Cai, Shaokun and Jiang, Pengfei},
	journal={Drones},
	volume={7},
	number={1},
	pages={40},
	year={2023},
	publisher={MDPI}
}



@article{xu2019novel,
	title={Doppler shift mitigation in acoustic positioning based on pedestrian dead reckoning for smartphone},
	author={Liu, Tao and Niu, Xiaoji and Kuang, Jian and Cao, Shuai and Zhang, Lei and Chen, Xiang},
	journal={IEEE Transactions on Instrumentation and Measurement},
	volume={70},
	pages={1--11},
	year={2020},
	publisher={IEEE}
}



@inproceedings{mao2007design,
	title={Design of an extended kalman filter for {UAV} localization},
	author={Mao, Guoqiang and Drake, Sam and Anderson, Brian DO},
	booktitle={2007 Information, Decision and Control},
	pages={224--229},
	year={2007},
	organization={IEEE}
}



@article{carozza2013error,
	title={Error analysis of satellite attitude determination using a vision-based approach},
	author={Carozza, Ludovico and Bevilacqua, Alessandro},
	journal={ISPRS journal of photogrammetry and remote sensing},
	volume={83},
	pages={19--29},
	year={2013},
	publisher={Elsevier}
}

@article{wang2020pedestrian,
	title={Pedestrian dead reckoning based on walking pattern recognition and online magnetic fingerprint trajectory calibration},
	author={Wang, Qu and Luo, Haiyong and Xiong, Hao and Men, Aidong and Zhao, Fang and Xia, Ming and Ou, Changhai},
	journal={IEEE Internet of Things Journal},
	volume={8},
	number={3},
	pages={2011--2026},
	year={2020},
	publisher={IEEE}
}

@article{Wu2021ASystem,
	title = {A comparison of three measurement models for the wheel-mounted mems imu-based dead reckoning system},
	year = {2021},
	journal = {IEEE Transactions on Vehicular Technology},
	author = {Wu, Yibin and Niu, Xiaoji and Kuang, Jian},
	number = {11},
	month = {11},
	pages = {11193--11203},
	volume = {70}
}



@article{Tong2020ASensors,
	title = {A double-step unscented kalman filter and HMM-Based zero-velocity update for pedestrian dead reckoning using {MEMS} sensors},
	year = {2020},
	journal = {IEEE Transactions on Industrial Electronics},
	author = {Tong, Xin and Su, Yan and Li, Zhaofeng and Si, Chaowei and Han, Guowei and Ning, Jin and Yang, Fuhua},
	number = {1},
	month = {1},
	pages = {581--591},
	volume = {67}
}

@article{Ullah2020AAlgorithms,
	title = {A Localization Based on Unscented Kalman Filter and Particle Filter Localization Algorithms},
	year = {2020},
	journal = {IEEE Access},
	author = {Ullah, Inam and Shen, Yu and Su, Xin and Esposito, Christian and Choi, Chang},
	pages = {2233--2246},
	volume = {8}
}

@techreport{VonDerHardt1994AData,
	title={A method of mobile robot localisation by fusion of odometric and magnetometric data},
	author={von der Hardt, Hans-J and Arnould, Philippe and Wolf, Didier and Dufaut, Michel},
	journal={The International Journal of Advanced Manufacturing Technology},
	volume={9},
	pages={65--69},
	year={1994},
	publisher={Springer}
}


@techreport{KraftATracking,
	title={A quaternion-based unscented Kalman filter for orientation tracking},
	author={Kraft, Edgar},
	booktitle={Proceedings of the sixth international conference of information fusion},
	volume={1},
	number={1},
	pages={47--54},
	year={2003},
	organization={IEEE Cairns}
}

@inproceedings{Qin2022AUUVs,
	title={Autonomous navigation for adaptive unmanned underwater vehicles using fiducial markers},
	author={Chen, Juan and Sun, Caiming and Zhang, Aidong},
	booktitle={2021 IEEE International Conference on Robotics and Automation (ICRA)},
	pages={9298--9304},
	year={2021},
	organization={IEEE}
}

@article{Yan2020AnSystems,
	title = {An Intelligent Adaptive Kalman Filter for Integrated Navigation Systems},
	year = {2020},
	journal = {IEEE Access},
	author = {Yan, Fei and Li, Sheng and Zhang, Enze and Chen, Qingwei},
	pages = {213306--213317},
	volume = {8},
	publisher = {Institute of Electrical and Electronics Engineers Inc.}
}

@article{Goel2021AnEducation,
	title = {An Introduction to Inertial Navigation from the Perspective of State Estimation [Focus on Education]},
	year = {2021},
	journal = {IEEE Control Systems},
	author = {Goel, Ankit and Ul Islam, Aseem and Ansari, Ahmad and Kouba, Omran and Bernstein, Dennis S.},
	number = {5},
	month = {10},
	pages = {104--128},
	volume = {41},
	publisher = {Institute of Electrical and Electronics Engineers Inc.}
}

@article{Liu2022AnalysisAlgorithm,
	title={A calibration method of {USBL} installation error based on attitude determination},
	author={Zhu, Yongyun and et al.},
	journal={IEEE Transactions on Vehicular Technology},
	volume={69},
	number={8},
	pages={8317--8328},
	year={2020},
	publisher={IEEE}
}

@article{Shahin2021ArticleImages,
	title={Non-model-based monocular pose estimation network for uncooperative spacecraft using convolutional neural network},
	author={Huang, Haoran and Zhao, Gaopeng and Gu, Dongqing and Bo, Yuming},
	journal={IEEE Sensors Journal},
	volume={21},
	number={21},
	pages={24579--24590},
	year={2021},
	publisher={IEEE}
}

@article{Liu2023AttitudeGraph,
	title = {Attitude Determination for Unmanned Cooperative Navigation Swarm Based on Multivectors in Covisibility Graph},
	year = {2023},
	journal = {Drones},
	author = {Liu, Yilin and et al.},
	number = {1},
	month = {1},
	volume = {7},
	publisher = {MDPI}
}

@article{Huang2018AttitudeSensors,
	title = {Attitude Estimation Fusing Quasi-Newton and Cubature Kalman Filtering for Inertial Navigation System Aided with Magnetic Sensors},
	year = {2018},
	journal = {IEEE Access},
	author = {Huang, Haoqian and et al.},
	month = {5},
	pages = {28755--28767},
	volume = {6},
	publisher = {Institute of Electrical and Electronics Engineers Inc.}
}

@article{Qin2023CompensatingMIMU,
	title = {Compensating the NLoS Occlusion Errors of {UWB} for Pedestrian Localization With MIMU},
	year = {2023},
	journal = {IEEE Sensors Journal},
	author = {Qin, Zhengyang and et al.},
	number = {11},
	month = {6},
	pages = {12146--12158},
	volume = {23},
	publisher = {Institute of Electrical and Electronics Engineers Inc.}
}

@article{GhazaliBinSulong2023ComputerEstimation,
	title={Head pose estimation in computer vision: A survey},
	author={Murphy-Chutorian, Erik and Trivedi, Mohan Manubhai},
	journal={IEEE transactions on pattern analysis and machine intelligence},
	volume={31},
	number={4},
	pages={607--626},
	year={2008},
	publisher={IEEE}
}

@article{Mi2023ConstrainedNavigation,
	title={An optimization-based UWB-IMU fusion framework for {UGV}},
	author={Zheng, Shuaikang and Li, Zhitian and Liu, Yunfei and Zhang, Haifeng and Zou, Xudong},
	journal={IEEE Sensors Journal},
	volume={22},
	number={5},
	pages={4369--4377},
	year={2022},
	publisher={IEEE}
}

@article{Shi2023CovarianceSystems,
	author={Shi, Pengcheng and Zhu, Zhikai and Sun, Shiying and Rong, Zheng and Zhao, Xiaoguang and Tan, Min},
	journal={IEEE Transactions on Intelligent Vehicles}, 
	title={Covariance Estimation for Pose Graph Optimization in Visual-Inertial Navigation Systems}, 
	year={2023},
	volume={8},
	number={6},
	pages={3657-3667},
	keywords={Optimization;Estimation;Uncertainty;Covariance matrices;Simultaneous localization and mapping;Visualization;Fuses;Covariance estimation;loop closing;pose graph optimization;visual-inertial odometry},
	doi={10.1109/TIV.2023.3263837}}

@article{You2020DataUAV,
	title = {Data Fusion of {UWB} and {IMU} Based on Unscented Kalman Filter for Indoor Localization of Quadrotor UAV},
	year = {2020},
	journal = {IEEE Access},
	author = {You, Weide and Li, Fanbiao and Liao, Liqing and Huang, Meili},
	pages = {64971--64981},
	volume = {8},
	publisher = {Institute of Electrical and Electronics Engineers Inc.}
}

@book{RostonDeadRobots,
	title={Dead Reckoning Navigation For Walking Robots.},
	author={Roston, Gerald P and Krotkov, Eric P},
	year={1991},
	publisher={Department of Computer Science, Carnegie-Mellon University}
}

@techreport{MaoDesignLocalization,
	title={Design of an extended kalman filter for uav localization},
	author={Mao, Guoqiang and Drake, Sam and Anderson, Brian DO},
	booktitle={2007 Information, Decision and Control},
	pages={224--229},
	year={2007},
	organization={IEEE}
}

@techreport{Jetto1999DevelopmentRobots,
	title = {Development and Experimental Validation of an Adaptive Extended Kalman Filter for the Localization of Mobile Robots},
	year = {1999},
	booktitle = {IEEE TRANSACTIONS ON ROBOTICS AND AUTOMATION},
	author = {Jetto, Leopoldo and Longhi, Sauro and Venturini, Giuseppe},
	number = {2},
	pages = {219},
	volume = {15}
}

@article{Carozza2013ErrorApproach,
	title = {Error analysis of satellite attitude determination using a vision-based approach},
	year = {2013},
	journal = {ISPRS Journal of Photogrammetry and Remote Sensing},
	author = {Carozza, Ludovico and Bevilacqua, Alessandro},
	pages = {19--29},
	volume = {83},
	publisher = {Elsevier B.V.}
}

@article{Xu2023ExtendedNoise,
	author={Xu, Yuan and Shmaliy, Yuriy S. and Bi, Shuhui and Chen, Xiyuan and Zhuang, Yuan},
	journal={IEEE Internet of Things Journal}, 
	title={Extended Kalman/UFIR Filters for UWB-Based Indoor Robot Localization Under Time-Varying Colored Measurement Noise}, 
	year={2023},
	volume={10},
	number={17},
	pages={15632-15641},
	keywords={Location awareness;Robots;Robot kinematics;Noise measurement;Internet of Things;Global Positioning System;Robot localization;Colored measurement noise;extended Kalman filter (EKF);extended UFIR (EFIR) filter;ultra-wideband (UWB) localization},
	doi={10.1109/JIOT.2023.3264980}}



@article{Jiang2022ImplementationSmartphone,
	title={Implementation and performance analysis of the PDR/GNSS integration on a smartphone},
	author={Jiang, Changhui and Chen, Yuwei and Chen, Chen and Jia, Jianxin and Sun, Haibin and Wang, Tinghuai and Hyyppa, Juha},
	journal={GPS Solutions},
	volume={26},
	number={3},
	pages={81},
	year={2022},
	publisher={Springer}
}



@article{Sun2019In-MotionScheme,
	title = {In-Motion Attitude and Position Alignment for Odometer-Aided {SINS} Based on Backtracking Scheme},
	year = {2019},
	journal = {IEEE Access},
	author = {Sun, Yiding and Wang, Lifen and Cai, Qingzhong and Yang, Gongliu and Wen, Zeyang},
	pages = {20211--20224},
	volume = {7},
	publisher = {Institute of Electrical and Electronics Engineers Inc.}
}

@article{Chang2017IndirectSystems,
	title = {Indirect Kalman Filtering Based Attitude Estimation for Low-Cost Attitude and Heading Reference Systems},
	year = {2017},
	journal = {IEEE/ASME Transactions on Mechatronics},
	author = {Chang, Lubin and Zha, Feng and Qin, Fangjun},
	number = {4},
	month = {8},
	pages = {1850--1858},
	volume = {22},
	publisher = {Institute of Electrical and Electronics Engineers Inc.}
}

@article{helgesen2022inertial,
	title={Inertial navigation aided by ultra-wideband ranging for ship docking and harbor maneuvering},
	author={Helgesen, H{\aa}kon Hagen and Fuglestad, Torbj{\o}rn and Cisek, Krzysztof and Vik, Bj{\o}rnar and Kjerstad, {\O}ivind K{\aa}re and Johansen, Tor Arne},
	journal={IEEE Journal of Oceanic Engineering},
	volume={48},
	number={1},
	pages={27--42},
	year={2022},
	publisher={IEEE}
}

@article{Li2023JointMeasurements,
	title = {Joint estimation of position and attitude for intelligent vehicles by fusing delayed visual measurements},
	year = {2023},
	journal = {Journal of the Franklin Institute},
	author = {Li, Zipeng and Guo, Yafeng and Wang, Jun},
	number = {9},
	month = {6},
	pages = {6585--6608},
	volume = {360},
	publisher = {Elsevier Ltd}
}

@article{Xiao2020KalmanUncertainty,
	title = {Kalman filter with recursive covariance estimation for protection against system uncertainty},
	year = {2020},
	journal = {IET Control Theory and Applications},
	author = {Xiao, Xuan and Shen, Kai and Liang, Yuan and Liu, Tingxin},
	number = {15},
	month = {10},
	pages = {2097--2105},
	volume = {14},
	publisher = {Institution of Engineering and Technology}
}

@article{Chen2012NewReceiver,
	title = {New method for single epoch, single frequency land vehicle attitude determination using low-end GPS receiver},
	year = {2012},
	journal = {GPS Solutions},
	author = {Chen, Wantong and Qin, Honglei},
	number = {3},
	month = {7},
	pages = {329--338},
	volume = {16},
}

@article{Sokolov2019NonlinearMeasurements,
	title = {Nonlinear Dynamic Estimation of the Orientation Angles of a Moving Object from Distributed Satellite Measurements},
	year = {2019},
	journal = {Measurement Techniques},
	author = {Sokolov, S. V. and Pogorelov, V. A.},
	number = {3},
	month = {6},
	pages = {233--241},
	volume = {62},
	publisher = {Springer New York LLC}
}

@article{Asraf2022PDRNet:Framework,
	title={PDRNet: A deep-learning pedestrian dead reckoning framework},
	author={Asraf, Omri and Shama, Firas and Klein, Itzik},
	journal={IEEE Sensors Journal},
	volume={22},
	number={6},
	pages={4932--4939},
	year={2021},
	publisher={IEEE}
}

@inproceedings{Jung2022ScalableNavigation,
	title = {Scalable and Modular Ultra-Wideband Aided Inertial Navigation},
	year = {2022},
	booktitle = {IEEE International Conference on Intelligent Robots and Systems},
	author = {Jung, Roland and Weiss, Stephan},
	pages = {2423--2430},
	volume = {2022-October},
	publisher = {Institute of Electrical and Electronics Engineers Inc.}
}

@inproceedings{li2010square,
	title={Square-root unscented Kalman filter based simultaneous localization and mapping},
	author={Li, Shurong and Ni, Pengfei},
	booktitle={The 2010 IEEE International Conference on Information and Automation},
	pages={2384--2388},
	year={2010},
	organization={IEEE}
}

@article{Wang2023TightlyOptimizer,
	title={Tightly coupled integration of pedestrian dead reckoning and Bluetooth based on filter and optimizer},
	author={Wang, Xuan and Zhuang, Yuan and Zhang, Zhenghua and Cao, Xiaoxiang and Qin, Fen and Yang, Xiansheng and Sun, Xiao and Shi, Min and Wang, Zhe},
	journal={IEEE Internet of Things Journal},
	volume={10},
	number={8},
	pages={7327--7342},
	year={2022},
	publisher={IEEE}
}
@article{arafat2023vision,
	title={Vision-based navigation techniques for unmanned aerial vehicles: Review and challenges},
	author={Arafat, Muhammad Yeasir and Alam, Muhammad Morshed and Moh, Sangman},
	journal={Drones},
	volume={7},
	number={2},
	pages={89},
	year={2023},
	publisher={MDPI}
}



@article{Scaramuzza2014Vision-Controlled,
	title={Vision-controlled micro flying robots: from system design to autonomous navigation and mapping in GPS-denied environments},
	author={Scaramuzza, Davide and Achtelik, Michael C and Doitsidis, Lefteris and Friedrich, Fraundorfer and Kosmatopoulos, Elias and Martinelli, Agostino and Achtelik, Markus W and Chli, Margarita and Chatzichristofis, Savvas and Kneip, Laurent and others},
	journal={IEEE Robotics \& Automation Magazine},
	volume={21},
	number={3},
	pages={26--40},
	year={2014},
	publisher={IEEE}
}

@article{Tan2011A,
	title={A survey of techniques and challenges in underwater localization},
	author={Tan, Hwee-Pink and Diamant, Roee and Seah, Winston KG and Waldmeyer, Marc},
	journal={Ocean Engineering},
	volume={38},
	number={14-15},
	pages={1663--1676},
	year={2011},
	publisher={Elsevier}
}

@article{Lu2018A,
	title={A survey on vision-based {UAV} navigation},
	author={Yuncheng Lu and Zhucun Xue and Gui-Song Xia and Liangpei Zhang},
	journal={Geo-spatial Information Science},
	year={2018},
	volume={21},
	pages={21 - 32}
}



@article{markley2007quaternion,
	title={Quaternion averaging},
	author={Markley, F Landis and Cheng, Yang and Crassidis, John L and Oshman, Yaakov},
	year={2007}
}
@INPROCEEDINGS{9565015,
	author={Ludher, Ajay Singh and Tawhid, Marium and Hashim, Hashim A.},
	booktitle={2021 IEEE International Intelligent Transportation Systems Conference (ITSC)}, 
	title={Nonlinear Deterministic Filter for Inertial Navigation and Bias Estimation with Guaranteed Performance}, 
	year={2021},
	pages={3405-3411}
}

@article{hashim2021geometric,
	title = {A {G}eometric {N}onlinear {S}tochastic {F}ilter for {S}imultaneous {L}ocalization and {M}apping},
author = {Hashim A. Hashim},
journal = {Aerospace Science and Technology},
volume = {111},
pages = {106569},
year = {2021},
issn = {1270-9638},
doi = {https://doi.org/10.1016/j.ast.2021.106569}
}








@inproceedings{121791,
	title={Method for registration of 3-D shapes},
	author={Besl, Paul J and McKay, Neil D},
	booktitle={Sensor fusion IV: control paradigms and data structures},
	volume={1611},
	pages={586--606},
	year={1992},
	organization={Spie}
}


@article{Jung2020Navigation,
	title={Navigation of unmanned surface vehicles using underwater geophysical sensing},
	author={Jung, Jongdae and Park, Jeonghong and Choi, Jinwoo and Choi, Hyun-Taek},
	journal={IEEE Access},
	volume={8},
	pages={208707--208717},
	year={2020},
	publisher={IEEE}
}


@article{cao2022research,
	title={Research on obstacle detection and avoidance of autonomous underwater vehicle based on forward-looking sonar},
	author={Cao, Xiang and Ren, Lu and Sun, Changyin},
	journal={IEEE Transactions on Neural Networks and Learning Systems},
	year={2022},
	publisher={IEEE}
}


@INPROCEEDINGS{9438153,
	title={Lidar-inertial based navigation and mapping for precision landing},
	author={Setterfield, Timothy P and Hewitt, Robert A and Chen, Po-Ting and Espinoza, Antonio Ter{\'a}n and Trawny, Nikolas and Katake, Anup},
	booktitle={2021 IEEE Aerospace Conference (50100)},
	pages={1--19},
	year={2021},
	organization={IEEE}
}

@article{murray2000using,
	title={Using real-time stereo vision for mobile robot navigation},
	author={Murray, Don and Little, James J},
	journal={autonomous robots},
	volume={8},
	pages={161--171},
	year={2000},
	publisher={Springer}
}

@article{huntsberger2011stereo,
	title={Stereo vision--based navigation for autonomous surface vessels},
	author={Huntsberger, Terry and Aghazarian, Hrand and Howard, Andrew and Trotz, David C},
	journal={Journal of Field Robotics},
	volume={28},
	number={1},
	pages={3--18},
	year={2011},
	publisher={Wiley Online Library}
}

@inproceedings{huang2019visual,
	title={Visual-inertial navigation: A concise review},
	author={Huang, Guoquan},
	booktitle={2019 international conference on robotics and automation (ICRA)},
	pages={9572--9582},
	year={2019},
	organization={IEEE}
}

@article{kim2007real,
	title={Real-time implementation of airborne inertial-SLAM},
	author={Kim, Jonghyuk and Sukkarieh, Salah},
	journal={Robotics and Autonomous Systems},
	volume={55},
	number={1},
	pages={62--71},
	year={2007},
	publisher={Elsevier}
}

@inproceedings{li2012improving,
	title={Improving the accuracy of {EKF}-based visual-inertial odometry},
	author={Li, Mingyang and Mourikis, Anastasios I},
	booktitle={2012 IEEE International Conference on Robotics and Automation},
	pages={828--835},
	year={2012},
	organization={IEEE}
}

@inproceedings{julier1997new,
	author = {Simon J. Julier and Jeffrey K. Uhlmann},
	title = {{New extension of the Kalman filter to nonlinear systems}},
	volume = {3068},
	booktitle = {Signal Processing, Sensor Fusion, and Target Recognition VI},
	editor = {Ivan Kadar},
	organization = {International Society for Optics and Photonics},
	publisher = {SPIE},
	pages = {182 -- 193},
	year = {1997},
	doi = {10.1117/12.280797},
	URL = {https://doi.org/10.1117/12.280797}
}


@article{hashim2019Ito,
	title={{N}onlinear {S}tochastic {A}ttitude {F}ilters on the {S}pecial {O}rthogonal {G}roup 3: {I}to and {S}tratonovich},
author={Hashim, Hashim A and Brown, Lyndon J and McIsaac, Kenneth},
journal={IEEE Transactions on Systems, Man, and Cybernetics: Systems},
year={2019},
pages={1853--1865},
number={9},
volume={49},
publisher={IEEE}
}
@article{hashim2020systematic,
	title={{S}ystematic {C}onvergence of {N}onlinear {S}tochastic {E}stimators on the {S}pecial {O}rthogonal {G}roup {SO}(3)},
author={Hashim, Hashim A},
journal={International Journal of Robust and Nonlinear Control},
year={2020},
volume={30},
number={10},
pages={3848--3870},
publisher={Wiley Online Library}
}

@article{hashim2020attitude,
	title={{A}ttitude {D}etermination and {E}stimation using {V}ector {O}bservations: {R}eview, {C}hallenges and {C}omparative {R}esults},
author={Hashim, Hashim A},
journal={ar{X}iv preprint ar{X}iv:2001.03787},
year={2020},
publisher={ar{X}iv}
}
@article{hashim2019nonlinearPose,
	title={{N}onlinear {S}tochastic {P}osition and {A}ttitude {F}ilter on the {S}pecial {E}uclidean {G}roup 3},
author={Hashim, Hashim A and Brown, Lyndon J and McIsaac, Kenneth},
journal={Journal of the Franklin Institute},
year={2019},
pages={4144--4173},
number={7},
volume={356},
publisher={Elsevier}
}
@article{hashim2021PosePPF,
	title={Nonlinear pose filters on the special euclidean group SE (3) with guaranteed transient and steady-state performance},
	author={Hashim, Hashim A and Brown, Lyndon J and McIsaac, Kenneth},
	journal={IEEE Transactions on Systems, Man, and Cybernetics: Systems},
	volume={51},
	number={5},
	pages={2949--2962},
	year={2019},
	publisher={IEEE}
}
@article{ha2022Pose,
	title={Nonlinear stochastic estimators on the special euclidean group SE (3) using uncertain {IMU} and vision measurements},
	author={Hashim, Hashim A and Lewis, Frank L},
	journal={IEEE Transactions on Systems, Man, and Cybernetics: Systems},
	volume={51},
	number={12},
	pages={7587--7600},
	year={2020},
	publisher={IEEE}
}
@article{wanner2024uav,
	title={{UAV} {A}vionics {S}afety, {C}ertification, {A}ccidents, {R}edundancy, {I}ntegrity, and {R}eliability: {A} {C}omprehensive {R}eview and {F}uture {T}rends},
author={Wanner, Devon and Hashim, Hashim A and Srivastava, Siddhant and Steinhauer, Alex},
journal={Drone Systems and Applications},
volume={12},
pages={1--23},
year={2024},
publisher={Canadian Science Publishing 1840 Woodward Drive, Suite 1, Ottawa, ON K2C 0P7}
}

@article{song2022fast,
	title={Fast differentiable matrix square root and inverse square root},
	author={Song, Yue and Sebe, Nicu and Wang, Wei},
	journal={IEEE Transactions on Pattern Analysis and Machine Intelligence},
	year={2022},
	publisher={IEEE}
}

@article{jiang2022iterative,
  title={Iterative pose estimation for a planar object using virtual sphere},
  author={Jiang, Cuicui and Hu, Qinglei},
  journal={IEEE Transactions on Aerospace and Electronic Systems},
  volume={58},
  number={4},
  pages={3650--3657},
  year={2022},
  publisher={IEEE}
}

@article{KANG20112096,
title = {Euler Angle Based Attitude Estimation Avoiding the Singularity Problem},
journal = {IFAC Proceedings Volumes},
volume = {44},
number = {1},
pages = {2096-2102},
year = {2011},
note = {18th IFAC World Congress},
issn = {1474-6670},
doi = {https://doi.org/10.3182/20110828-6-IT-1002.01993},
url = {https://www.sciencedirect.com/science/article/pii/S1474667016439212},
author = {Chul Woo Kang and Chan Gook Park},
}

@article{dominguez2017simultaneous,
  title={Simultaneous recognition and relative pose estimation of 3d objects using 4d orthonormal moments},
  author={Dominguez, Sergio},
  journal={Sensors},
  volume={17},
  number={9},
  pages={2122},
  year={2017},
  publisher={MDPI}
}



@article{hesch2012observability,
  title={Observability-constrained vision-aided inertial navigation},
  author={Hesch, Joel A and Kottas, Dimitrios G and Bowman, Sean L and Roumeliotis, Stergios I},
  journal={University of Minnesota, Dept. of Comp. Sci. \& Eng., MARS Lab, Tech. Rep},
  volume={1},
  pages={6},
  year={2012}
}

@INPROCEEDINGS{5152793,
  author={Huang, Guoquan P. and Mourikis, Anastasios I. and Roumeliotis, Stergios I.},
  booktitle={2009 IEEE International Conference on Robotics and Automation}, 
  title={On the complexity and consistency of UKF-based SLAM}, 
  year={2009},
  volume={},
  number={},
  pages={4401-4408},
  keywords={Simultaneous localization and mapping;Computational complexity;Observability;State estimation;Sampling methods;Performance gain;Computational efficiency;Robotics and automation;Robustness;Remotely operated vehicles},
  doi={10.1109/ROBOT.2009.5152793}}

@INPROCEEDINGS{4632327,
  author={Khoder, Wassim and Fassinut-Mombot, Bienvenu and Benjelloun, Mohammed},
  booktitle={2008 11th International Conference on Information Fusion}, 
  title={Quaternion Unscented Kalman Filtering for integrated Inertial Navigation and GPS}, 
  year={2008},
  volume={},
  number={},
  pages={1-8},
  keywords={Navigation;Noise;Accelerometers;Mathematical model;Quaternions;Noise measurement;Global positioning system;Inertial Navigation System;Inertial sensor model;GPS;Quaternion attitude parameterization;Rotation vector;Scaled Augmented Unscented Kalman Filter (SUKF);Scaled Sigma Points},
  doi={}}
@article{mahmood2024lightweight,
	title={Lightweight deep learning model-based UAVs visual detection},
	author={Mahmood, Sawsen Abdulhadi and Abdulmunem, Farah Adil and Lafta, Sadeq H},
	journal={Multimedia Tools and Applications},
	pages={1--22},
	year={2024},
	publisher={Springer}
}
@article{menshchikov2021real,
	title={Real-time detection of hogweed: UAV platform empowered by deep learning},
	author={Menshchikov, Alexander and Shadrin, Dmitrii and Prutyanov, Viktor and Lopatkin, Daniil and Sosnin, Sergey and Tsykunov, Evgeny and Iakovlev, Evgeny and Somov, Andrey},
	journal={IEEE Transactions on Computers},
	volume={70},
	number={8},
	pages={1175--1188},
	year={2021},
	publisher={IEEE}
}
@article{gomaa2020observability,
  title={Observability-constrained VINS for MAVs using interacting multiple model algorithm},
  author={Gomaa, Mahmoud AK and De Silva, Oscar and Mann, George KI and Gosine, Raymond G},
  journal={IEEE Transactions on Aerospace and Electronic Systems},
  volume={57},
  number={3},
  pages={1423--1442},
  year={2020},
  publisher={IEEE}
}

@article{turan2022smallsatellites,
  title={Autonomous navigation for deep space small satellites: Scientific and technological advances},
  author={Turan, Erdem and Speretta, Stefano and Gill, Eberhard},
  journal={Acta Astronautica},
  volume={193},
  pages={56--74},
  year={2022},
  publisher={Elsevier}
}

@article{bijjahalli2020UAS,
  title={Advances in intelligent and autonomous navigation systems for small UAS},
  author={Bijjahalli, Suraj and Sabatini, Roberto and Gardi, Alessandro},
  journal={Progress in Aerospace Sciences},
  volume={115},
  pages={100617},
  year={2020},
  publisher={Elsevier}
}



@article{zhu2021deep,
  title={Deep reinforcement learning based mobile robot navigation: A review},
  author={Zhu, Kai and Zhang, Tao},
  journal={Tsinghua Science and Technology},
  volume={26},
  number={5},
  pages={674--691},
  year={2021},
  publisher={TUP}
}

@article{wang2022pedestrian,
  title={Recent advances in pedestrian navigation activity recognition: a review},
  author={Wang, Qu and Luo, Haiyong and Wang, Jianquan and Sun, Lei and Ma, Zhangchao and Zhang, Chaoyi and Fu, Meixia and Zhao, Fang},
  journal={IEEE Sensors Journal},
  volume={22},
  number={8},
  pages={7499--7518},
  year={2022},
  publisher={IEEE}
}

@article{shi2023deepsea,
  title={Experimental setup and investigation of deep-sea navigation and positioning network},
  author={Shi, Yang and Yin, Jingwei and Han, Xiao and Guo, Lin},
  journal={Applied Acoustics},
  volume={202},
  pages={109127},
  year={2023},
  publisher={Elsevier}
}


@inproceedings{carros2020exploring,
  title={Exploring human-robot interaction with the elderly: results from a ten-week case study in a care home},
  author={Carros, Felix and Meurer, Johanna and L{\"o}ffler, Diana and Unbehaun, David and Matthies, Sarah and Koch, Inga and Wieching, Rainer and Randall, Dave and Hassenzahl, Marc and Wulf, Volker},
  booktitle={Proceedings of the 2020 CHI Conference on Human Factors in Computing Systems},
  pages={1--12},
  year={2020}
}



@article{hooks2020alphred,
  title={Alphred: A multi-modal operations quadruped robot for package delivery applications},
  author={Hooks, Joshua and Ahn, Min Sung and Yu, Jeffrey and Zhang, Xiaoguang and Zhu, Taoyuanmin and Chae, Hosik and Hong, Dennis},
  journal={IEEE Robotics and Automation Letters},
  volume={5},
  number={4},
  pages={5409--5416},
  year={2020},
  publisher={IEEE}
}

@article{lu2022vision,
  title={A vision-based detection and spatial localization scheme for forest fire inspection from uav},
  author={Lu, Kangjie and Xu, Renjie and Li, Junhui and Lv, Yuhao and Lin, Haifeng and Liu, Yunfei},
  journal={Forests},
  volume={13},
  number={3},
  pages={383},
  year={2022},
  publisher={MDPI}
}





@article{bash2020surface,
  title={Surface melt and the importance of water flow--an analysis based on high-resolution unmanned aerial vehicle (UAV) data for an Arctic glacier},
  author={Bash, Eleanor A and Moorman, Brian J},
  journal={The Cryosphere},
  volume={14},
  number={2},
  pages={549--563},
  year={2020},
  publisher={Copernicus Publications G{\"o}ttingen, Germany}
}



@inproceedings{sarlin2022lamar,
  title={Lamar: Benchmarking localization and mapping for augmented reality},
  author={Sarlin, Paul-Edouard and Dusmanu, Mihai and Sch{\"o}nberger, Johannes L and Speciale, Pablo and Gruber, Lukas and Larsson, Viktor and Miksik, Ondrej and Pollefeys, Marc},
  booktitle={European Conference on Computer Vision},
  pages={686--704},
  year={2022},
  organization={Springer}
}



@inproceedings{jung2022scalable,
  title={Scalable and modular ultra-wideband aided inertial navigation},
  author={Jung, Roland and Weiss, Stephan},
  booktitle={2022 IEEE/RSJ International Conference on Intelligent Robots and Systems (IROS)},
  pages={2423--2430},
  year={2022},
  organization={IEEE}
}



@article{miller2021navigation,
  title={Navigation of underwater drones and integration of acoustic sensing with onboard inertial navigation system},
  author={Miller, Alexander and Miller, Boris and Miller, Gregory},
  journal={Drones},
  volume={5},
  number={3},
  pages={83},
  year={2021},
  publisher={MDPI}
}





@article{kalman1960new,
  title={A new approach to linear filtering and prediction problems},
  author={Kalman, Rudolph Emil},
  year={1960}
}

@article{wernitz2022noise,
  title={On noise covariance estimation for Kalman filter-based damage localization},
  author={Wernitz, Stefan and Chatzi, Eleni and Hofmeister, Benedikt and Wolniak, Marlene and Shen, Wanzhou and Rolfes, Raimund},
  journal={Mechanical Systems and Signal Processing},
  volume={170},
  pages={108808},
  year={2022},
  publisher={Elsevier}
}





@article{haarnoja2016backprop,
  title={Backprop kf: Learning discriminative deterministic state estimators},
  author={Haarnoja, Tuomas and Ajay, Anurag and Levine, Sergey and Abbeel, Pieter},
  journal={Advances in neural information processing systems},
  volume={29},
  year={2016}
}

@INPROCEEDINGS{9977082,
  author={Or, Barak and Klein, Itzik},
  booktitle={OCEANS 2022, Hampton Roads}, 
  title={A Hybrid Adaptive Velocity Aided Navigation Filter with Application to INS/DVL Fusion}, 
  year={2022},
  volume={},
  number={},
  pages={1-5}
}

