@inproceedings{121791,
	title={Method for registration of 3-D shapes},
	author={Besl, Paul J and McKay, Neil D},
	booktitle={Sensor fusion IV: control paradigms and data structures},
	volume={1611},
	pages={586--606},
	year={1992},
	organization={Spie}
}

@ARTICLE{7511659,
  title={Visual--inertial navigation systems for aerial robotics: Sensor fusion and technology},
author={Santoso, Fendy and Garratt, Matthew A and Anavatti, Sreenatha G},
journal={IEEE Transactions on Automation Science and Engineering},
volume={14},
number={1},
pages={260--275},
year={2016},
publisher={IEEE}
}

@article{Hashim2023NonlinearFusion,
	title={{UWB} {R}anging and {IMU} {D}ata {F}usion: {O}verview and {N}onlinear {S}tochastic {F}ilter for {I}nertial {N}avigation},
author={Hashim, Hashim A and Eltoukhy, Abdelrahman EE and Vamvoudakis, Kyriakos G},
journal={IEEE Transactions on Intelligent Transportation Systems},
volume={25},
number={1},
pages={359--369},
year={2024},
publisher={IEEE}
}

@ARTICLE{Hou9162069Pedestrian,
	author={Hou, Xinyu and Bergmann, Jeroen},
	journal={IEEE Sensors Journal}, 
	title={Pedestrian Dead Reckoning With Wearable Sensors: A Systematic Review}, 
	year={2021},
	volume={21},
	number={1},
	pages={143-152}
}

@article{Myronenko2009PointSR,
	title={Point set registration: Coherent point drift},
	author={Myronenko, Andriy and Song, Xubo},
	journal={IEEE transactions on pattern analysis and machine intelligence},
	volume={32},
	number={12},
	pages={2262--2275},
	year={2010},
	publisher={IEEE}
}

@article{Roth2022AirTag,
	title={AirTag of the Clones: Shenanigans with Liberated Item Finders},
	author={Thomas M. Roth and Fabian Freyer and M. Hollick and J. Classen},
	journal={2022 IEEE Security and Privacy Workshops (SPW)},
	year={2022},
	pages={301-311},
	doi={10.1109/spw54247.2022.9833881}
}

@inproceedings{christian2013survey,
	title={A survey of LIDAR technology and its use in spacecraft relative navigation},
	author={Christian, John A and Cryan, Scott},
	booktitle={AIAA Guidance, Navigation, and Control (GNC) Conference},
	pages={4641},
	year={2013}
}

@article{franchi2021underwater,
  title={Robust inertial-aided underwater localization based on imaging sonar keyframes},
author={Xu, Yang and Zheng, Ronghao and Zhang, Senlin and Liu, Meiqin},
journal={IEEE Transactions on Instrumentation and Measurement},
volume={71},
pages={1--12},
year={2022},
publisher={IEEE}
}

@article{hash2025_RIENG_Avionics,
	title={{A}dvances in {UAV} {A}vionics {S}ystems {A}rchitecture, {C}lassification and {I}ntegration: {A} {C}omprehensive {R}eview and {F}uture {P}erspectives},
	author={Hashim, Hashim A},
	journal={Results in Engineering},
	pages={103786},
	volume={25},
	year={2025},
	publisher={Elsevier}
}

@article{hashim2021geometricNAV,
	title={{G}eometric {S}tochastic {F}ilter with {G}uaranteed {P}erformance for {A}utonomous {N}avigation based on {IMU} and {F}eature {S}ensor {F}usion},
author={Hashim, Hashim A and Abouheaf, Mohammed and Abido, Mohammad A},
journal={{C}ontrol Engineering Practice},
volume={116},
pages={104926},
year={2021}
}

@inproceedings{hashim2021gps,
	title={{GPS}-denied {N}avigation: {A}ttitude, {P}osition, Linear {V}elocity, and {G}ravity {E}stimation with {N}onlinear {S}tochastic {O}bserver},
author={{Hashim}, Hashim A},
booktitle={2021 American Control Conference (ACC)}, 
pages={1146--1151},
year={2021},
organization={IEEE}
}

@article{hashim2023exponentially,
	title={{E}xponentially {S}table {O}bserver-based {C}ontroller for {VTOL}-{UAV}s without {V}elocity {M}easurements},
author={Hashim, Hashim A},
journal={International Journal of Control},
volume={96},
number={8},
pages={1946--1960},
year={2023},
publisher={Taylor \& Francis}
}

@article{lowe2004distinctive,
	title={Distinctive image features from scale-invariant keypoints},
	author={Lowe, David G},
	journal={International journal of computer vision},
	volume={60},
	pages={91--110},
	year={2004},
	publisher={Springer}
}

@inproceedings{mourikis2007multi,
	title={A multi-state constraint Kalman filter for vision-aided inertial navigation},
	author={Mourikis, Anastasios I and Roumeliotis, Stergios I},
	booktitle={Proceedings 2007 IEEE international conference on robotics and automation},
	pages={3565--3572},
	year={2007},
	organization={IEEE}
}

@inproceedings{shi1994good,
  title={Good features to track},
author={Shi, Jianbo and others},
booktitle={1994 Proceedings of IEEE conference on computer vision and pattern recognition},
pages={593--600},
year={1994},
organization={IEEE}
}

@article{sun2018robust,
  title={Robust stereo visual inertial odometry for fast autonomous flight},
author={Sun, Ke and et al.},
journal={IEEE Robotics and Automation Letters},
volume={3},
number={2},
pages={965--972},
year={2018},
publisher={IEEE}
}

