@article{wang2020pedestrian,
    title = {{Pedestrian Dead Reckoning Based on Walking Pattern Recognition and Online Magnetic Fingerprint Trajectory Calibration}},
    year = {2021},
    journal = {IEEE Internet of Things Journal},
    author = {Wang, Qu and Luo, Haiyong and Xiong, Hao and Men, Aidong and Zhao, Fang and Xia, Ming and Ou, Changhai},
    number = {3},
    month = {2},
    pages = {2011--2026},
    volume = {8},
    publisher = {Institute of Electrical and Electronics Engineers Inc.},
    doi = {10.1109/JIOT.2020.3016146},
    issn = {23274662},
    keywords = {Heading estimation, Internet of Things (IoT), indoor positioning, online calibration, pedestrian dead reckoning (PDR), walking pattern recognition}
}

@article{Wu2021ASystem,
    title = {{A comparison of three measurement models for the wheel-mounted mems imu-based dead reckoning system}},
    year = {2021},
    journal = {IEEE Transactions on Vehicular Technology},
    author = {Wu, Yibin and Niu, Xiaoji and Kuang, Jian},
    number = {11},
    month = {11},
    pages = {11193--11203},
    volume = {70},
    publisher = {Institute of Electrical and Electronics Engineers Inc.},
    doi = {10.1109/TVT.2021.3102409},
    issn = {19399359},
    keywords = {Dead reckoning, Odometer-aided INS, Vehicular navigation, Wheel-mounted IMU, Zero-velocity updates}
}

@article{Tong2020ASensors,
    title = {{A double-step unscented kalman filter and HMM-Based zero-velocity update for pedestrian dead reckoning using MEMS sensors}},
    year = {2020},
    journal = {IEEE Transactions on Industrial Electronics},
    author = {Tong, Xin and Su, Yan and Li, Zhaofeng and Si, Chaowei and Han, Guowei and Ning, Jin and Yang, Fuhua},
    number = {1},
    month = {1},
    pages = {581--591},
    volume = {67},
    publisher = {Institute of Electrical and Electronics Engineers Inc.},
    doi = {10.1109/TIE.2019.2897550},
    issn = {15579948},
    keywords = {Hidden Markov models (HMMs), indoor localization, pedestrian dead reckoning (PDR), unscented Kalman filter (UKF), zero-velocity update (ZVU)}
}

@article{Ullah2020AAlgorithms,
    title = {{A Localization Based on Unscented Kalman Filter and Particle Filter Localization Algorithms}},
    year = {2020},
    journal = {IEEE Access},
    author = {Ullah, Inam and Shen, Yu and Su, Xin and Esposito, Christian and Choi, Chang},
    pages = {2233--2246},
    volume = {8},
    publisher = {Institute of Electrical and Electronics Engineers Inc.},
    doi = {10.1109/ACCESS.2019.2961740},
    issn = {21693536},
    keywords = {Extended Kalman filter, localization, particle filter, robot, unscented Kalman filter, wireless sensor networks}
}

@techreport{VonDerHardt1994AData,
    title = {{A Method of Mobile Robot Localisation by Fusion of Odometric and Magnetometric Data}},
    year = {1994},
    booktitle = {Int J Adv Manuf Technol},
    author = {Von Der Hardt, Hans-J and Arnould, Philippe and Wolf, Didier and Dufaut, Michel},
    pages = {65--69},
    volume = {9},
    publisher = {Springer-Verlag London Limited},
    keywords = {Data fusion, Incremental odometry, Magnetic compass, Mobile robot localisation}
}

@techreport{MourikisANavigation,
    title = {{A Multi-State Constraint Kalman Filter for Vision-aided Inertial Navigation}},
    author = {Mourikis, Anastasios I and Roumeliotis, Stergios I}
}

@techreport{KraftATracking,
    title = {{A Quaternion-based Unscented Kalman Filter for Orientation Tracking}},
    author = {Kraft, Edgar},
    keywords = {Quaternions, Tracking, Unscented Kalman Filter, estimation, filtering}
}

@misc{Qin2022AUUVs,
    title = {{A Survey on Visual Navigation and Positioning for Autonomous UUVs}},
    year = {2022},
    booktitle = {Remote Sensing},
    author = {Qin, Jiangying and Li, Ming and Li, Deren and Zhong, Jiageng and Yang, Ke},
    number = {15},
    month = {8},
    volume = {14},
    publisher = {MDPI},
    doi = {10.3390/rs14153794},
    issn = {20724292},
    keywords = {deep learning, positioning, simultaneous localization and mapping, unmanned underwater vehicles (UUVs), visual navigation}
}

@article{Yan2020AnSystems,
    title = {{An Intelligent Adaptive Kalman Filter for Integrated Navigation Systems}},
    year = {2020},
    journal = {IEEE Access},
    author = {Yan, Fei and Li, Sheng and Zhang, Enze and Chen, Qingwei},
    pages = {213306--213317},
    volume = {8},
    publisher = {Institute of Electrical and Electronics Engineers Inc.},
    doi = {10.1109/ACCESS.2020.3040433},
    issn = {21693536},
    keywords = {Intelligent adaptive filter, deep neural network, fuzzy logic, integrated navigation}
}

@article{Goel2021AnEducation,
    title = {{An Introduction to Inertial Navigation from the Perspective of State Estimation [Focus on Education]}},
    year = {2021},
    journal = {IEEE Control Systems},
    author = {Goel, Ankit and Ul Islam, Aseem and Ansari, Ahmad and Kouba, Omran and Bernstein, Dennis S.},
    number = {5},
    month = {10},
    pages = {104--128},
    volume = {41},
    publisher = {Institute of Electrical and Electronics Engineers Inc.},
    doi = {10.1109/MCS.2021.3092855},
    issn = {1941000X}
}

@article{Liu2022AnalysisAlgorithm,
    title = {{Analysis of the Influence of Attitude Error on Underwater Positioning and Its High-Precision Realization Algorithm}},
    year = {2022},
    journal = {Remote Sensing},
    author = {Liu, Yixu and Wang, Lei and Hu, Liangliang and Cui, Haonan and Wang, Shengli},
    number = {16},
    month = {8},
    volume = {14},
    publisher = {MDPI},
    doi = {10.3390/rs14163878},
    issn = {20724292},
    keywords = {GNSS/INS integrated positioning and attitude determination, PAV, error analysis, underwater positioning}
}

@article{Shahin2021ArticleImages,
    title = {{Article dcrn: An optimized deep convolutional regression network for building orientation angle estimation in high-resolution satellite images}},
    year = {2021},
    journal = {Electronics (Switzerland)},
    author = {Shahin, Ahmed I. and Almotairi, Sultan},
    number = {23},
    month = {12},
    volume = {10},
    publisher = {MDPI},
    doi = {10.3390/electronics10232970},
    issn = {20799292},
    keywords = {Building detection, Building orientation angle, Deep regression network, Deep transfer learning, High-resolution satellite image}
}

@article{Liu2023AttitudeGraph,
    title = {{Attitude Determination for Unmanned Cooperative Navigation Swarm Based on Multivectors in Covisibility Graph}},
    year = {2023},
    journal = {Drones},
    author = {Liu, Yilin and Liu, Ruochen and Yu, Ruihang and Xiong, Zhiming and Guo, Yan and Cai, Shaokun and Jiang, Pengfei},
    number = {1},
    month = {1},
    volume = {7},
    publisher = {MDPI},
    doi = {10.3390/drones7010040},
    issn = {2504446X},
    keywords = {Wahbaâ€™s problem, attitude determination, cooperative navigation, covisibility graph}
}

@article{Huang2018AttitudeSensors,
    title = {{Attitude Estimation Fusing Quasi-Newton and Cubature Kalman Filtering for Inertial Navigation System Aided with Magnetic Sensors}},
    year = {2018},
    journal = {IEEE Access},
    author = {Huang, Haoqian and Zhou, Jun and Zhang, Jun and Yang, Yuan and Song, Rui and Chen, Jianfeng and Zhang, Jiajin},
    month = {5},
    pages = {28755--28767},
    volume = {6},
    publisher = {Institute of Electrical and Electronics Engineers Inc.},
    doi = {10.1109/ACCESS.2018.2833290},
    issn = {21693536},
    keywords = {Quasi-Newton, Underwater glider, attitude estimation, inertial navigation, magnetic interference, magnetic sensor}
}

@article{Qin2023CompensatingMIMU,
    title = {{Compensating the NLoS Occlusion Errors of UWB for Pedestrian Localization With MIMU}},
    year = {2023},
    journal = {IEEE Sensors Journal},
    author = {Qin, Zhengyang and Meng, Zhaozong and Li, Zhen and Gao, Nan and Zhang, Zonghua and Meng, Qingyi and Zhen, Dong},
    number = {11},
    month = {6},
    pages = {12146--12158},
    volume = {23},
    publisher = {Institute of Electrical and Electronics Engineers Inc.},
    doi = {10.1109/JSEN.2023.3266433},
    issn = {15581748},
    keywords = {Extended Kalman filter (EKF), indoor localization, none-line-of-sight (NLoS) occlusion detection, unscented Kalman filter (UKF), zero-velocity update (ZUPT)}
}

@article{GhazaliBinSulong2023ComputerEstimation,
    title = {{Computer Vision Using Pose Estimation}},
    year = {2023},
    journal = {Wasit Journal of Computer and Mathematics Science},
    author = {{Ghazali Bin Sulong} and {M . Randles}},
    number = {1},
    month = {3},
    pages = {54--58},
    volume = {2},
    publisher = {Wasit University},
    doi = {10.31185/wjcm.111},
    issn = {2788-5887}
}

@article{Mi2023ConstrainedNavigation,
    title = {{Constrained MEMS-Based INS/UWB Tightly Coupled System for Accurate UGVs Navigation}},
    year = {2023},
    journal = {Remote Sensing},
    author = {Mi, Jing and Wang, Qing and Han, Xiaotao},
    number = {10},
    month = {5},
    volume = {15},
    publisher = {MDPI},
    doi = {10.3390/rs15102535},
    issn = {20724292},
    keywords = {Allan variance (AV), adaptive extended Kalman filter (AEKF), inertial navigation system (INS), navigation performance, robustness, ultrawideband (UWB)}
}

@article{Shi2023CovarianceSystems,
    title = {{Covariance Estimation for Pose Graph Optimization in Visual-Inertial Navigation Systems}},
    year = {2023},
    journal = {IEEE Transactions on Intelligent Vehicles},
    author = {Shi, Pengcheng and Zhu, Zhikai and Sun, Shiying and Rong, Zheng and Zhao, Xiaoguang and Tan, Min},
    number = {6},
    month = {6},
    pages = {3657--3667},
    volume = {8},
    publisher = {Institute of Electrical and Electronics Engineers Inc.},
    doi = {10.1109/TIV.2023.3263837},
    issn = {23798858},
    keywords = {Covariance estimation, loop closing, pose graph optimization, visual-inertial odometry}
}

@article{You2020DataUAV,
    title = {{Data Fusion of UWB and IMU Based on Unscented Kalman Filter for Indoor Localization of Quadrotor UAV}},
    year = {2020},
    journal = {IEEE Access},
    author = {You, Weide and Li, Fanbiao and Liao, Liqing and Huang, Meili},
    pages = {64971--64981},
    volume = {8},
    publisher = {Institute of Electrical and Electronics Engineers Inc.},
    doi = {10.1109/ACCESS.2020.2985053},
    issn = {21693536},
    keywords = {Ultra wide band (UWB), data fusion, indoor localization, inertial measurement unit (IMU), quadrotor UAV}
}

@techreport{RostonDeadRobots,
    title = {{Dead Reckoning Navigation for Walking Robots}},
    author = {Roston, Gerald P and Krotkov, Eric P}
}

@techreport{MaoDesignLocalization,
    title = {{Design of an Extended Kalman Filter for UAV Localization}},
    author = {Mao, Guoqiang and Drake, Sam and Anderson, Brian D O}
}

@techreport{Jetto1999DevelopmentRobots,
    title = {{Development and Experimental Validation of an Adaptive Extended Kalman Filter for the Localization of Mobile Robots}},
    year = {1999},
    booktitle = {IEEE TRANSACTIONS ON ROBOTICS AND AUTOMATION},
    author = {Jetto, Leopoldo and Longhi, Sauro and Venturini, Giuseppe},
    number = {2},
    pages = {219},
    volume = {15}
}

@article{Carozza2013ErrorApproach,
    title = {{Error analysis of satellite attitude determination using a vision-based approach}},
    year = {2013},
    journal = {ISPRS Journal of Photogrammetry and Remote Sensing},
    author = {Carozza, Ludovico and Bevilacqua, Alessandro},
    pages = {19--29},
    volume = {83},
    publisher = {Elsevier B.V.},
    doi = {10.1016/j.isprsjprs.2013.05.007},
    issn = {09242716},
    keywords = {Accuracy analysis, Error analysis, Feature tracking, Image registration, Satellite, Vision}
}

@article{Xu2023ExtendedNoise,
    title = {{Extended Kalman/UFIR Filters for UWB-Based Indoor Robot Localization under Time-Varying Colored Measurement Noise}},
    year = {2023},
    journal = {IEEE Internet of Things Journal},
    author = {Xu, Yuan and Shmaliy, Yuriy S. and Bi, Shuhui and Chen, Xiyuan and Zhuang, Yuan},
    number = {17},
    month = {9},
    pages = {15632--15641},
    volume = {10},
    publisher = {Institute of Electrical and Electronics Engineers Inc.},
    doi = {10.1109/JIOT.2023.3264980},
    issn = {23274662},
    keywords = {Colored measurement noise, extended Kalman filter (EKF), extended UFIR (EFIR) filter, ultra-wideband (UWB) localization}
}

@article{Erdem2015FusingTracking,
    title = {{Fusing inertial sensor data in an extended kalman filter for 3D camera tracking}},
    year = {2015},
    journal = {IEEE Transactions on Image Processing},
    author = {Erdem, Arif Tanju and Ercan, Ali Ozer},
    number = {2},
    month = {2},
    pages = {538--548},
    volume = {24},
    publisher = {Institute of Electrical and Electronics Engineers Inc.},
    doi = {10.1109/TIP.2014.2380176},
    issn = {10577149},
    keywords = {3D camera tracking, Extended Kalman Filter, Inertial sensor fusion, accelerometer, gyroscope, inertial measurement unit}
}

@article{Jiang2022ImplementationSmartphone,
    title = {{Implementation and performance analysis of the PDR/GNSS integration on a smartphone}},
    year = {2022},
    journal = {GPS Solutions},
    author = {Jiang, Changhui and Chen, Yuwei and Chen, Chen and Jia, Jianxin and Sun, Haibin and Wang, Tinghuai and Hyyppa, Juha},
    number = {3},
    month = {7},
    volume = {26},
    publisher = {Springer Science and Business Media Deutschland GmbH},
    doi = {10.1007/s10291-022-01260-0},
    issn = {15211886},
    keywords = {GNSS, Kalman filter, PDR, Smartphone}
}

@inproceedings{Zhou2022IMUAlgorithm,
    title = {{IMU Dead-Reckoning Localization with RNN-IEKF Algorithm}},
    year = {2022},
    booktitle = {IEEE International Conference on Intelligent Robots and Systems},
    author = {Zhou, Hang and Zhao, Yibo and Xiong, Xiaogang and Lou, Yunjiang and Kamal, Shyam},
    pages = {11382--11387},
    volume = {2022-October},
    publisher = {Institute of Electrical and Electronics Engineers Inc.},
    isbn = {9781665479271},
    doi = {10.1109/IROS47612.2022.9982087},
    issn = {21530866}
}

@article{Sun2019In-MotionScheme,
    title = {{In-Motion Attitude and Position Alignment for Odometer-Aided SINS Based on Backtracking Scheme}},
    year = {2019},
    journal = {IEEE Access},
    author = {Sun, Yiding and Wang, Lifen and Cai, Qingzhong and Yang, Gongliu and Wen, Zeyang},
    pages = {20211--20224},
    volume = {7},
    publisher = {Institute of Electrical and Electronics Engineers Inc.},
    doi = {10.1109/ACCESS.2019.2897638},
    issn = {21693536},
    keywords = {In-motion alignment, backtracking, odometer (OD), strapdown inertial navigation system (SINS)}
}

@article{Chang2017IndirectSystems,
    title = {{Indirect Kalman Filtering Based Attitude Estimation for Low-Cost Attitude and Heading Reference Systems}},
    year = {2017},
    journal = {IEEE/ASME Transactions on Mechatronics},
    author = {Chang, Lubin and Zha, Feng and Qin, Fangjun},
    number = {4},
    month = {8},
    pages = {1850--1858},
    volume = {22},
    publisher = {Institute of Electrical and Electronics Engineers Inc.},
    doi = {10.1109/TMECH.2017.2698639},
    issn = {10834435},
    keywords = {Attitude and heading reference systems (AHRS), attitude estimation, global positioning system (GPS), indirect Kalman filter, strapdown inertial navigation system (SINS)}
}

@techreport{HelgesenInertialManeuvering,
    title = {{Inertial Navigation aided by Ultra-Wideband Ranging for Ship Docking and Harbor Maneuvering}},
    booktitle = {IEEE JOURNAL OF OCEANIC ENGINEERING},
    author = {Helgesen, HÃ¥kon Hagen and Fuglestad, TorbjÃ¸rn and Cisek, Krzysztof and Vik, BjÃ¸rnar and Kjerstad, Ã˜ivind KÃ¥re and Johansen, Tor Arne},
    number = {1},
    keywords = {Docking and Localization 13, Index Terms 12 Inertial Navigation, Ultra-wideband ranging}
}

@article{Zabalegui2023Innovation-BasedNavigation,
    title = {{Innovation-Based Fault Detection and Exclusion Applied to Ultra-WideBand Augmented Urban GNSS Navigation}},
    year = {2023},
    journal = {Remote Sensing},
    author = {Zabalegui, Paul and De Miguel, Gorka and Mendizabal, Jaizki and Adin, IÃ±igo},
    number = {1},
    month = {1},
    volume = {15},
    publisher = {MDPI},
    doi = {10.3390/rs15010099},
    issn = {20724292},
    keywords = {Fault Detection and Exclusion (FDE), GNSS augmentation, Intelligent Transport Systems, Kalman-Filtering, Ultra-Wideband, urban navigation}
}

@article{Li2023JointMeasurements,
    title = {{Joint estimation of position and attitude for intelligent vehicles by fusing delayed visual measurements}},
    year = {2023},
    journal = {Journal of the Franklin Institute},
    author = {Li, Zipeng and Guo, Yafeng and Wang, Jun},
    number = {9},
    month = {6},
    pages = {6585--6608},
    volume = {360},
    publisher = {Elsevier Ltd},
    doi = {10.1016/j.jfranklin.2023.04.025},
    issn = {00160032}
}

@article{Xiao2020KalmanUncertainty,
    title = {{Kalman filter with recursive covariance estimation for protection against system uncertainty}},
    year = {2020},
    journal = {IET Control Theory and Applications},
    author = {Xiao, Xuan and Shen, Kai and Liang, Yuan and Liu, Tingxin},
    number = {15},
    month = {10},
    pages = {2097--2105},
    volume = {14},
    publisher = {Institution of Engineering and Technology},
    doi = {10.1049/iet-cta.2019.1476},
    issn = {17518652}
}

@article{Chen2012NewReceiver,
    title = {{New method for single epoch, single frequency land vehicle attitude determination using low-end GPS receiver}},
    year = {2012},
    journal = {GPS Solutions},
    author = {Chen, Wantong and Qin, Honglei},
    number = {3},
    month = {7},
    pages = {329--338},
    volume = {16},
    doi = {10.1007/s10291-011-0234-8},
    issn = {10805370},
    keywords = {Attitude determination, Constrained integer least squares, GPS, Integer ambiguity resolution}
}

@article{Hashim2023NonlinearFusion,
    title = {{Nonlinear Deterministic Observer for Inertial Navigation using Ultra-wideband and IMU Sensor Fusion}},
    year = {2023},
    author = {Hashim, Hashim A. and Eltoukhy, Abdelrahman E. E. and Vamvoudakis, Kyriakos G. and Abouheaf, Mohammed I.},
    month = {8},
    url = {http://arxiv.org/abs/2308.08023},
    arxivId = {2308.08023}
}

@article{Sokolov2019NonlinearMeasurements,
    title = {{Nonlinear Dynamic Estimation of the Orientation Angles of a Moving Object from Distributed Satellite Measurements}},
    year = {2019},
    journal = {Measurement Techniques},
    author = {Sokolov, S. V. and Pogorelov, V. A.},
    number = {3},
    month = {6},
    pages = {233--241},
    volume = {62},
    publisher = {Springer New York LLC},
    doi = {10.1007/s11018-019-01610-4},
    issn = {15738906},
    keywords = {Eulerâ€“Krylov angles, nonlinear stochastic estimation, spatially separated satellite measurements}
}

@article{Medina2020OnPlatforms,
    title = {{On the recursive joint position and attitude determination in multi-antenna GNSS platforms}},
    year = {2020},
    journal = {Remote Sensing},
    author = {Medina, Daniel and Vil{\`{a}}-Valls, Jordi and Hesselbarth, Anja and Ziebold, Ralf and Garc{\'{i}}a, JesÃºs},
    number = {12},
    month = {6},
    volume = {12},
    publisher = {MDPI AG},
    doi = {10.3390/rs12121955},
    issn = {20724292},
    keywords = {Attitude determination, GNSS, Kalman filtering, Quaternion rotation, RTK positioning}
}

@article{Asraf2022PDRNet:Framework,
    title = {{PDRNet: A Deep-Learning Pedestrian Dead Reckoning Framework}},
    year = {2022},
    journal = {IEEE Sensors Journal},
    author = {Asraf, Omri and Shama, Firas and Klein, Itzik},
    number = {6},
    month = {3},
    pages = {4932--4939},
    volume = {22},
    publisher = {Institute of Electrical and Electronics Engineers Inc.},
    doi = {10.1109/JSEN.2021.3066840},
    issn = {15581748},
    keywords = {Pedestrian dead reckoning, deep-learning, indoor navigation, inertial sensors, residual networks, smartphone location recognition}
}

@article{Yang2020PositionGPS,
    title = {{Position and attitude estimation method integrating visual odometer and GPS}},
    year = {2020},
    journal = {Sensors (Switzerland)},
    author = {Yang, Yu and Shen, Qiang and Li, Jie and Deng, Zilong and Wang, Hanyu and Gao, Xiao},
    number = {7},
    month = {4},
    volume = {20},
    publisher = {MDPI AG},
    doi = {10.3390/s20072121},
    issn = {14248220},
    pmid = {32283736},
    keywords = {Attitude and position estimation, Gps, Visual odometer}
}

@inproceedings{UniversitateaTehnicaGh.AsachiIasi.FacultyofElectronicsRelativeSatellites,
    title = {{Relative Orientation Estimation{\\\}in Formation Flying Satellites}},
    author = {Universitatea TehnicaÌ† "Gh. Asachi" IasÌ¦i. Faculty of Electronics, Telecommunications and Information Technology and {IEEE Romania Section. CAS Chapter} and {IEEE Circuits and Systems Society} and {Institute of Electrical and Electronics Engineers}},
    isbn = {9781538606742}
}

@article{Gao2020RL-AKF:Vehicles,
    title = {{RL-AKF: An adaptive kalman filter navigation algorithm based on reinforcement learning for ground vehicles}},
    year = {2020},
    journal = {Remote Sensing},
    author = {Gao, Xile and Luo, Haiyong and Ning, Bokun and Zhao, Fang and Bao, Linfeng and Gong, Yilin and Xiao, Yimin and Jiang, Jinguang},
    number = {11},
    month = {6},
    volume = {12},
    publisher = {MDPI AG},
    doi = {10.3390/rs12111704},
    issn = {20724292},
    keywords = {Deep deterministic policy gradient, Integrated navigation, Kalman filter, Process noise covariance estimation, Reinforcement learning}
}

@inproceedings{Jung2022ScalableNavigation,
    title = {{Scalable and Modular Ultra-Wideband Aided Inertial Navigation}},
    year = {2022},
    booktitle = {IEEE International Conference on Intelligent Robots and Systems},
    author = {Jung, Roland and Weiss, Stephan},
    pages = {2423--2430},
    volume = {2022-October},
    publisher = {Institute of Electrical and Electronics Engineers Inc.},
    isbn = {9781665479271},
    doi = {10.1109/IROS47612.2022.9981937},
    issn = {21530866}
}

@article{Ullah2020SimultaneousFilter,
    title = {{Simultaneous Localization and Mapping Based on Kalman Filter and Extended Kalman Filter}},
    year = {2020},
    journal = {Wireless Communications and Mobile Computing},
    author = {Ullah, Inam and Su, Xin and Zhang, Xuewu and Choi, Dongmin},
    volume = {2020},
    publisher = {Hindawi Limited},
    doi = {10.1155/2020/2138643},
    issn = {15308677}
}

@inproceedings{IEEERoboticsandAutomationSocietySquare-RootMapping,
    title = {{Square-Root Unscented Kalman Filter Based{\\\}Simultaneous Localization and Mapping}},
    author = {{IEEE Robotics and Automation Society} and {Annual IEEE Computer Conference} and {IEEE International Conference on Information and Automation 7 2010.06.20-23 Harbin} and {ICIA 7 2010.06.20-23 Harbin}},
    isbn = {9781424457045}
}

@article{Wang2023TightlyOptimizer,
    title = {{Tightly Coupled Integration of Pedestrian Dead Reckoning and Bluetooth Based on Filter and Optimizer}},
    year = {2023},
    journal = {IEEE Internet of Things Journal},
    author = {Wang, Xuan and Zhuang, Yuan and Zhang, Zhenghua and Cao, Xiaoxiang and Qin, Fen and Yang, Xiansheng and Sun, Xiao and Shi, Min and Wang, Zhe},
    number = {8},
    month = {4},
    pages = {7327--7342},
    volume = {10},
    publisher = {Institute of Electrical and Electronics Engineers Inc.},
    doi = {10.1109/JIOT.2022.3228790},
    issn = {23274662},
    keywords = {Indoor positioning, map matching, sensor fusion, tight integration}
}

@misc{Arafat2023Vision-BasedChallenges,
    title = {{Vision-Based Navigation Techniques for Unmanned Aerial Vehicles: Review and Challenges}},
    year = {2023},
    booktitle = {Drones},
    author = {Arafat, Muhammad Yeasir and Alam, Muhammad Morshed and Moh, Sangman},
    number = {2},
    month = {2},
    volume = {7},
    publisher = {MDPI},
    doi = {10.3390/drones7020089},
    issn = {2504446X},
    keywords = {computer vision, drone, localization, mapping, navigation, obstacle avoidance, path planning, unmanned aerial vehicle}
}