@inproceedings{Achiam2023GPT4TR,
  title={GPT-4 Technical Report},
  author={OpenAI Josh Achiam and Steven Adler and Sandhini Agarwal and Lama Ahmad and Ilge Akkaya and Florencia Leoni Aleman and Diogo Almeida and Janko Altenschmidt and Sam Altman and Shyamal Anadkat and Red Avila and Igor Babuschkin and Suchir Balaji and Valerie Balcom and Paul Baltescu and Haim-ing Bao and Mo Bavarian and Jeff Belgum and Irwan Bello and Jake Berdine and Gabriel Bernadett-Shapiro and Christopher Berner and Lenny Bogdonoff and Oleg Boiko and Madelaine Boyd and Anna-Luisa Brakman and Greg Brockman and Tim Brooks and Miles Brundage and Kevin Button and Trevor Cai and Rosie Campbell and Andrew Cann and Brittany Carey and Chelsea Carlson and Rory Carmichael and Brooke Chan and Che Chang and Fotis Chantzis and Derek Chen and Sully Chen and Ruby Chen and Jason Chen and Mark Chen and Benjamin Chess and Chester Cho and Casey Chu and Hyung Won Chung and Dave Cummings and Jeremiah Currier and Yunxing Dai and Cory Decareaux and Thomas Degry and Noah Deutsch and Damien Deville and Arka Dhar and David Dohan and Steve Dowling and Sheila Dunning and Adrien Ecoffet and Atty Eleti and Tyna Eloundou and David Farhi and Liam Fedus and Niko Felix and Sim'on Posada Fishman and Juston Forte and Is-abella Fulford and Leo Gao and Elie Georges and Christian Gibson and Vik Goel and Tarun Gogineni and Gabriel Goh and Raphael Gontijo-Lopes and Jonathan Gordon and Morgan Grafstein and Scott Gray and Ryan Greene and Joshua Gross and Shixiang Shane Gu and Yufei Guo and Chris Hallacy and Jesse Han and Jeff Harris and Yuchen He and Mike Heaton and Johannes Heidecke and Chris Hesse and Alan Hickey and Wade Hickey and Peter Hoeschele and Brandon Houghton and Kenny Hsu and Shengli Hu and Xin Hu and Joost Huizinga and Shantanu Jain and Shawn Jain and Joanne Jang and Angela Jiang and Roger Jiang and Haozhun Jin and Denny Jin and Shino Jomoto and Billie Jonn and Heewoo Jun and Tomer Kaftan and Lukasz Kaiser and Ali Kamali and Ingmar Kanitscheider and Nitish Shirish Keskar and Tabarak Khan and Logan Kilpatrick and Jong Wook Kim and Christina Kim and Yongjik Kim and Hendrik Kirchner and Jamie Ryan Kiros and Matthew Knight and Daniel Kokotajlo and Lukasz Kondraciuk and Andrew Kondrich and Aris Konstantinidis and Kyle Kosic and Gretchen Krueger and Vishal Kuo and Michael Lampe and Ikai Lan and Teddy Lee and Jan Leike and Jade Leung and Daniel Levy and Chak Ming Li and Rachel Lim and Molly Lin and Stephanie Lin and Ma-teusz Litwin and Theresa Lopez and Ryan Lowe and Patricia Lue and Anna Makanju and Kim Malfacini and Sam Manning and Todor Markov and Yaniv Markovski and Bianca Martin and Katie Mayer and Andrew Mayne and Bob McGrew and Scott Mayer McKinney and Christine McLeavey and Paul McMillan and Jake McNeil and David Medina and Aalok Mehta and Jacob Menick and Luke Metz and Andrey Mishchenko and Pamela Mishkin and Vinnie Monaco and Evan Morikawa and Daniel P. Mossing and Tong Mu and Mira Murati and Oleg Murk and David M'ely and Ashvin Nair and Reiichiro Nakano and Rajeev Nayak and Arvind Neelakantan and Richard Ngo and Hyeonwoo Noh and Ouyang Long and Cullen O'Keefe and Jakub W. Pachocki and Alex Paino and Joe Palermo and Ashley Pantuliano and Giambattista Parascandolo and Joel Parish and Emy Parparita and Alexandre Passos and Mikhail Pavlov and Andrew Peng and Adam Perelman and Filipe de Avila Belbute Peres and Michael Petrov and Henrique Pond{\'e} de Oliveira Pinto and Michael Pokorny and Michelle Pokrass and Vitchyr H. Pong and Tolly Powell and Alethea Power and Boris Power and Elizabeth Proehl and Raul Puri and Alec Radford and Jack W. Rae and Aditya Ramesh and Cameron Raymond and Francis Real and Kendra Rimbach and Carl Ross and Bob Rotsted and Henri Roussez and Nick Ryder and Mario D. Saltarelli and Ted Sanders and Shibani Santurkar and Girish Sastry and Heather Schmidt and David Schnurr and John Schulman and Daniel Selsam and Kyla Sheppard and Toki Sherbakov and Jessica Shieh and Sarah Shoker and Pranav Shyam and Szymon Sidor and Eric Sigler and Maddie Simens and Jordan Sitkin and Katarina Slama and Ian Sohl and Benjamin D. Sokolowsky and Yang Song and Natalie Staudacher and Felipe Petroski Such and Natalie Summers and Ilya Sutskever and Jie Tang and Nikolas A. Tezak and Madeleine Thompson and Phil Tillet and Amin Tootoonchian and Elizabeth Tseng and Preston Tuggle and Nick Turley and Jerry Tworek and Juan Felipe Cer'on Uribe and Andrea Vallone and Arun Vijayvergiya and Chelsea Voss and Carroll L. Wainwright and Justin Jay Wang and Alvin Wang and Ben Wang and Jonathan Ward and Jason Wei and CJ Weinmann and Akila Welihinda and Peter Welinder and Jiayi Weng and Lilian Weng and Matt Wiethoff and Dave Willner and Clemens Winter and Samuel Wolrich and Hannah Wong and Lauren Workman and Sherwin Wu and Jeff Wu and Michael Wu and Kai Xiao and Tao Xu and Sarah Yoo and Kevin Yu and Qim-ing Yuan and Wojciech Zaremba and Rowan Zellers and Chong Zhang and Marvin Zhang and Shengjia Zhao and Tianhao Zheng and Juntang Zhuang and William Zhuk and Barret Zoph},
  year={2023},
  url={https://api.semanticscholar.org/CorpusID:257532815}
}


@misc{openai2024gpt4technicalreport,
      title={GPT-4 Technical Report}, 
      author={OpenAI and Josh Achiam and Steven Adler and Sandhini Agarwal and Lama Ahmad and Ilge Akkaya and Florencia Leoni Aleman and Diogo Almeida and Janko Altenschmidt and Sam Altman and Shyamal Anadkat and Red Avila and Igor Babuschkin and Suchir Balaji and Valerie Balcom and Paul Baltescu and Haiming Bao and Mohammad Bavarian and Jeff Belgum and Irwan Bello and Jake Berdine and Gabriel Bernadett-Shapiro and Christopher Berner and Lenny Bogdonoff and Oleg Boiko and Madelaine Boyd and Anna-Luisa Brakman and Greg Brockman and Tim Brooks and Miles Brundage and Kevin Button and Trevor Cai and Rosie Campbell and Andrew Cann and Brittany Carey and Chelsea Carlson and Rory Carmichael and Brooke Chan and Che Chang and Fotis Chantzis and Derek Chen and Sully Chen and Ruby Chen and Jason Chen and Mark Chen and Ben Chess and Chester Cho and Casey Chu and Hyung Won Chung and Dave Cummings and Jeremiah Currier and Yunxing Dai and Cory Decareaux and Thomas Degry and Noah Deutsch and Damien Deville and Arka Dhar and David Dohan and Steve Dowling and Sheila Dunning and Adrien Ecoffet and Atty Eleti and Tyna Eloundou and David Farhi and Liam Fedus and Niko Felix and Simón Posada Fishman and Juston Forte and Isabella Fulford and Leo Gao and Elie Georges and Christian Gibson and Vik Goel and Tarun Gogineni and Gabriel Goh and Rapha Gontijo-Lopes and Jonathan Gordon and Morgan Grafstein and Scott Gray and Ryan Greene and Joshua Gross and Shixiang Shane Gu and Yufei Guo and Chris Hallacy and Jesse Han and Jeff Harris and Yuchen He and Mike Heaton and Johannes Heidecke and Chris Hesse and Alan Hickey and Wade Hickey and Peter Hoeschele and Brandon Houghton and Kenny Hsu and Shengli Hu and Xin Hu and Joost Huizinga and Shantanu Jain and Shawn Jain and Joanne Jang and Angela Jiang and Roger Jiang and Haozhun Jin and Denny Jin and Shino Jomoto and Billie Jonn and Heewoo Jun and Tomer Kaftan and Łukasz Kaiser and Ali Kamali and Ingmar Kanitscheider and Nitish Shirish Keskar and Tabarak Khan and Logan Kilpatrick and Jong Wook Kim and Christina Kim and Yongjik Kim and Jan Hendrik Kirchner and Jamie Kiros and Matt Knight and Daniel Kokotajlo and Łukasz Kondraciuk and Andrew Kondrich and Aris Konstantinidis and Kyle Kosic and Gretchen Krueger and Vishal Kuo and Michael Lampe and Ikai Lan and Teddy Lee and Jan Leike and Jade Leung and Daniel Levy and Chak Ming Li and Rachel Lim and Molly Lin and Stephanie Lin and Mateusz Litwin and Theresa Lopez and Ryan Lowe and Patricia Lue and Anna Makanju and Kim Malfacini and Sam Manning and Todor Markov and Yaniv Markovski and Bianca Martin and Katie Mayer and Andrew Mayne and Bob McGrew and Scott Mayer McKinney and Christine McLeavey and Paul McMillan and Jake McNeil and David Medina and Aalok Mehta and Jacob Menick and Luke Metz and Andrey Mishchenko and Pamela Mishkin and Vinnie Monaco and Evan Morikawa and Daniel Mossing and Tong Mu and Mira Murati and Oleg Murk and David Mély and Ashvin Nair and Reiichiro Nakano and Rajeev Nayak and Arvind Neelakantan and Richard Ngo and Hyeonwoo Noh and Long Ouyang and Cullen O'Keefe and Jakub Pachocki and Alex Paino and Joe Palermo and Ashley Pantuliano and Giambattista Parascandolo and Joel Parish and Emy Parparita and Alex Passos and Mikhail Pavlov and Andrew Peng and Adam Perelman and Filipe de Avila Belbute Peres and Michael Petrov and Henrique Ponde de Oliveira Pinto and Michael and Pokorny and Michelle Pokrass and Vitchyr H. Pong and Tolly Powell and Alethea Power and Boris Power and Elizabeth Proehl and Raul Puri and Alec Radford and Jack Rae and Aditya Ramesh and Cameron Raymond and Francis Real and Kendra Rimbach and Carl Ross and Bob Rotsted and Henri Roussez and Nick Ryder and Mario Saltarelli and Ted Sanders and Shibani Santurkar and Girish Sastry and Heather Schmidt and David Schnurr and John Schulman and Daniel Selsam and Kyla Sheppard and Toki Sherbakov and Jessica Shieh and Sarah Shoker and Pranav Shyam and Szymon Sidor and Eric Sigler and Maddie Simens and Jordan Sitkin and Katarina Slama and Ian Sohl and Benjamin Sokolowsky and Yang Song and Natalie Staudacher and Felipe Petroski Such and Natalie Summers and Ilya Sutskever and Jie Tang and Nikolas Tezak and Madeleine B. Thompson and Phil Tillet and Amin Tootoonchian and Elizabeth Tseng and Preston Tuggle and Nick Turley and Jerry Tworek and Juan Felipe Cerón Uribe and Andrea Vallone and Arun Vijayvergiya and Chelsea Voss and Carroll Wainwright and Justin Jay Wang and Alvin Wang and Ben Wang and Jonathan Ward and Jason Wei and CJ Weinmann and Akila Welihinda and Peter Welinder and Jiayi Weng and Lilian Weng and Matt Wiethoff and Dave Willner and Clemens Winter and Samuel Wolrich and Hannah Wong and Lauren Workman and Sherwin Wu and Jeff Wu and Michael Wu and Kai Xiao and Tao Xu and Sarah Yoo and Kevin Yu and Qiming Yuan and Wojciech Zaremba and Rowan Zellers and Chong Zhang and Marvin Zhang and Shengjia Zhao and Tianhao Zheng and Juntang Zhuang and William Zhuk and Barret Zoph},
      year={2024},
      eprint={2303.08774},
      archivePrefix={arXiv},
      primaryClass={cs.CL},
      url={https://arxiv.org/abs/2303.08774}, 
}

@inproceedings{DBLP:conf/iclr/YuJSYLZKLWL24,
  author       = {Longhui Yu and
                  Weisen Jiang and
                  Han Shi and
                  Jincheng Yu and
                  Zhengying Liu and
                  Yu Zhang and
                  James T. Kwok and
                  Zhenguo Li and
                  Adrian Weller and
                  Weiyang Liu},
  title        = {MetaMath: Bootstrap Your Own Mathematical Questions for Large Language
                  Models},
  booktitle    = {The Twelfth International Conference on Learning Representations,
                  {ICLR} 2024, Vienna, Austria, May 7-11, 2024},
  publisher    = {OpenReview.net},
  year         = {2024},
  url          = {https://openreview.net/forum?id=N8N0hgNDRt},
  timestamp    = {Thu, 15 Aug 2024 07:54:36 +0200},
  biburl       = {https://dblp.org/rec/conf/iclr/YuJSYLZKLWL24.bib},
  bibsource    = {dblp computer science bibliography, https://dblp.org}
}

@inproceedings{DBLP:conf/cg/Coulom06,
  author       = {R{\'{e}}mi Coulom},
  editor       = {H. Jaap van den Herik and
                  Paolo Ciancarini and
                  H. H. L. M. Donkers},
  title        = {Efficient Selectivity and Backup Operators in Monte-Carlo Tree Search},
  booktitle    = {Computers and Games, 5th International Conference, {CG} 2006, Turin,
                  Italy, May 29-31, 2006. Revised Papers},
  series       = {Lecture Notes in Computer Science},
  volume       = {4630},
  pages        = {72--83},
  publisher    = {Springer},
  year         = {2006},
  url          = {https://doi.org/10.1007/978-3-540-75538-8\_7},
  doi          = {10.1007/978-3-540-75538-8\_7},
  timestamp    = {Fri, 27 Mar 2020 08:58:14 +0100},
  biburl       = {https://dblp.org/rec/conf/cg/Coulom06.bib},
  bibsource    = {dblp computer science bibliography, https://dblp.org}
}

@inproceedings{DBLP:conf/iclr/XuSZG0FTLJ24,
  author       = {Can Xu and
                  Qingfeng Sun and
                  Kai Zheng and
                  Xiubo Geng and
                  Pu Zhao and
                  Jiazhan Feng and
                  Chongyang Tao and
                  Qingwei Lin and
                  Daxin Jiang},
  title        = {WizardLM: Empowering Large Pre-Trained Language Models to Follow Complex
                  Instructions},
  booktitle    = {The Twelfth International Conference on Learning Representations,
                  {ICLR} 2024, Vienna, Austria, May 7-11, 2024},
  publisher    = {OpenReview.net},
  year         = {2024},
  url          = {https://openreview.net/forum?id=CfXh93NDgH},
  timestamp    = {Wed, 07 Aug 2024 17:11:53 +0200},
  biburl       = {https://dblp.org/rec/conf/iclr/XuSZG0FTLJ24.bib},
  bibsource    = {dblp computer science bibliography, https://dblp.org}
}


@article{DBLP:journals/corr/abs-2306-02707,
  author       = {Subhabrata Mukherjee and
                  Arindam Mitra and
                  Ganesh Jawahar and
                  Sahaj Agarwal and
                  Hamid Palangi and
                  Ahmed Awadallah},
  title        = {Orca: Progressive Learning from Complex Explanation Traces of {GPT-4}},
  journal      = {CoRR},
  volume       = {abs/2306.02707},
  year         = {2023},
  url          = {https://doi.org/10.48550/arXiv.2306.02707},
  doi          = {10.48550/ARXIV.2306.02707},
  eprinttype    = {arXiv},
  eprint       = {2306.02707},
  timestamp    = {Fri, 01 Dec 2023 16:01:12 +0100},
  biburl       = {https://dblp.org/rec/journals/corr/abs-2306-02707.bib},
  bibsource    = {dblp computer science bibliography, https://dblp.org}
}

@inproceedings{DBLP:conf/iclr/0002WSLCNCZ23,
  author       = {Xuezhi Wang and
                  Jason Wei and
                  Dale Schuurmans and
                  Quoc V. Le and
                  Ed H. Chi and
                  Sharan Narang and
                  Aakanksha Chowdhery and
                  Denny Zhou},
  title        = {Self-Consistency Improves Chain of Thought Reasoning in Language Models},
  booktitle    = {The Eleventh International Conference on Learning Representations,
                  {ICLR} 2023, Kigali, Rwanda, May 1-5, 2023},
  publisher    = {OpenReview.net},
  year         = {2023},
  url          = {https://openreview.net/forum?id=1PL1NIMMrw},
  timestamp    = {Wed, 24 Jul 2024 16:50:33 +0200},
  biburl       = {https://dblp.org/rec/conf/iclr/0002WSLCNCZ23.bib},
  bibsource    = {dblp computer science bibliography, https://dblp.org}
}

@article{DBLP:journals/corr/abs-2403-04706,
  author       = {Chen Li and
                  Weiqi Wang and
                  Jingcheng Hu and
                  Yixuan Wei and
                  Nanning Zheng and
                  Han Hu and
                  Zheng Zhang and
                  Houwen Peng},
  title        = {Common 7B Language Models Already Possess Strong Math Capabilities},
  journal      = {CoRR},
  volume       = {abs/2403.04706},
  year         = {2024},
  url          = {https://doi.org/10.48550/arXiv.2403.04706},
  doi          = {10.48550/ARXIV.2403.04706},
  eprinttype    = {arXiv},
  eprint       = {2403.04706},
  timestamp    = {Sun, 21 Jul 2024 18:16:16 +0200},
  biburl       = {https://dblp.org/rec/journals/corr/abs-2403-04706.bib},
  bibsource    = {dblp computer science bibliography, https://dblp.org}
}

@article{DBLP:journals/corr/abs-2309-05653,
  author       = {Xiang Yue and
                  Xingwei Qu and
                  Ge Zhang and
                  Yao Fu and
                  Wenhao Huang and
                  Huan Sun and
                  Yu Su and
                  Wenhu Chen},
  title        = {MAmmoTH: Building Math Generalist Models through Hybrid Instruction
                  Tuning},
  journal      = {CoRR},
  volume       = {abs/2309.05653},
  year         = {2023},
  url          = {https://doi.org/10.48550/arXiv.2309.05653},
  doi          = {10.48550/ARXIV.2309.05653},
  eprinttype    = {arXiv},
  eprint       = {2309.05653},
  timestamp    = {Fri, 15 Sep 2023 12:26:52 +0200},
  biburl       = {https://dblp.org/rec/journals/corr/abs-2309-05653.bib},
  bibsource    = {dblp computer science bibliography, https://dblp.org}
}

@inproceedings{DBLP:conf/iclr/WangRZLLSZSZ024,
  author       = {Ke Wang and
                  Houxing Ren and
                  Aojun Zhou and
                  Zimu Lu and
                  Sichun Luo and
                  Weikang Shi and
                  Renrui Zhang and
                  Linqi Song and
                  Mingjie Zhan and
                  Hongsheng Li},
  title        = {MathCoder: Seamless Code Integration in LLMs for Enhanced Mathematical
                  Reasoning},
  booktitle    = {The Twelfth International Conference on Learning Representations,
                  {ICLR} 2024, Vienna, Austria, May 7-11, 2024},
  publisher    = {OpenReview.net},
  year         = {2024},
  url          = {https://openreview.net/forum?id=z8TW0ttBPp},
  timestamp    = {Wed, 07 Aug 2024 17:11:53 +0200},
  biburl       = {https://dblp.org/rec/conf/iclr/WangRZLLSZSZ024.bib},
  bibsource    = {dblp computer science bibliography, https://dblp.org}
}

@inproceedings{DBLP:conf/acl/WangLSXDLCWS24,
  author       = {Peiyi Wang and
                  Lei Li and
                  Zhihong Shao and
                  Runxin Xu and
                  Damai Dai and
                  Yifei Li and
                  Deli Chen and
                  Yu Wu and
                  Zhifang Sui},
  editor       = {Lun{-}Wei Ku and
                  Andre Martins and
                  Vivek Srikumar},
  title        = {Math-Shepherd: Verify and Reinforce LLMs Step-by-step without Human
                  Annotations},
  booktitle    = {Proceedings of the 62nd Annual Meeting of the Association for Computational
                  Linguistics (Volume 1: Long Papers), {ACL} 2024, Bangkok, Thailand,
                  August 11-16, 2024},
  pages        = {9426--9439},
  publisher    = {Association for Computational Linguistics},
  year         = {2024},
  url          = {https://doi.org/10.18653/v1/2024.acl-long.510},
  doi          = {10.18653/V1/2024.ACL-LONG.510},
  timestamp    = {Sun, 19 Jan 2025 13:21:37 +0100},
  biburl       = {https://dblp.org/rec/conf/acl/WangLSXDLCWS24.bib},
  bibsource    = {dblp computer science bibliography, https://dblp.org}
}

@article{DBLP:journals/corr/abs-2406-06592,
  author       = {Liangchen Luo and
                  Yinxiao Liu and
                  Rosanne Liu and
                  Samrat Phatale and
                  Harsh Lara and
                  Yunxuan Li and
                  Lei Shu and
                  Yun Zhu and
                  Lei Meng and
                  Jiao Sun and
                  Abhinav Rastogi},
  title        = {Improve Mathematical Reasoning in Language Models by Automated Process
                  Supervision},
  journal      = {CoRR},
  volume       = {abs/2406.06592},
  year         = {2024},
  url          = {https://doi.org/10.48550/arXiv.2406.06592},
  doi          = {10.48550/ARXIV.2406.06592},
  eprinttype    = {arXiv},
  eprint       = {2406.06592},
  timestamp    = {Sun, 19 Jan 2025 13:42:17 +0100},
  biburl       = {https://dblp.org/rec/journals/corr/abs-2406-06592.bib},
  bibsource    = {dblp computer science bibliography, https://dblp.org}
}

@inproceedings{DBLP:conf/emnlp/WangLWLH0S24,
  author       = {Zihan Wang and
                  Yunxuan Li and
                  Yuexin Wu and
                  Liangchen Luo and
                  Le Hou and
                  Hongkun Yu and
                  Jingbo Shang},
  editor       = {Yaser Al{-}Onaizan and
                  Mohit Bansal and
                  Yun{-}Nung Chen},
  title        = {Multi-step Problem Solving Through a Verifier: An Empirical Analysis
                  on Model-induced Process Supervision},
  booktitle    = {Findings of the Association for Computational Linguistics: {EMNLP}
                  2024, Miami, Florida, USA, November 12-16, 2024},
  pages        = {7309--7319},
  publisher    = {Association for Computational Linguistics},
  year         = {2024},
  url          = {https://aclanthology.org/2024.findings-emnlp.429},
  timestamp    = {Mon, 18 Nov 2024 16:14:36 +0100},
  biburl       = {https://dblp.org/rec/conf/emnlp/WangLWLH0S24.bib},
  bibsource    = {dblp computer science bibliography, https://dblp.org}
}


@misc{yuan2023scalingrelationshiplearningmathematical,
      title={Scaling Relationship on Learning Mathematical Reasoning with Large Language Models}, 
      author={Zheng Yuan and Hongyi Yuan and Chengpeng Li and Guanting Dong and Keming Lu and Chuanqi Tan and Chang Zhou and Jingren Zhou},
      year={2023},
      eprint={2308.01825},
      archivePrefix={arXiv},
      primaryClass={cs.CL},
      url={https://arxiv.org/abs/2308.01825}, 
}

@article{neal2003slice,
  title={Slice sampling},
  author={Neal, Radford M},
  journal={The annals of statistics},
  volume={31},
  number={3},
  pages={705--767},
  year={2003},
  publisher={Institute of Mathematical Statistics}
}

@article{DBLP:journals/corr/abs-2402-10176,
  author       = {Shubham Toshniwal and
                  Ivan Moshkov and
                  Sean Narenthiran and
                  Daria Gitman and
                  Fei Jia and
                  Igor Gitman},
  title        = {OpenMathInstruct-1: {A} 1.8 Million Math Instruction Tuning Dataset},
  journal      = {CoRR},
  volume       = {abs/2402.10176},
  year         = {2024},
  url          = {https://doi.org/10.48550/arXiv.2402.10176},
  doi          = {10.48550/ARXIV.2402.10176},
  eprinttype    = {arXiv},
  eprint       = {2402.10176},
  timestamp    = {Tue, 20 Feb 2024 11:28:09 +0100},
  biburl       = {https://dblp.org/rec/journals/corr/abs-2402-10176.bib},
  bibsource    = {dblp computer science bibliography, https://dblp.org}
}

@article{DBLP:journals/corr/abs-2407-13690,
  author       = {Yuxuan Tong and
                  Xiwen Zhang and
                  Rui Wang and
                  Ruidong Wu and
                  Junxian He},
  title        = {DART-Math: Difficulty-Aware Rejection Tuning for Mathematical Problem-Solving},
  journal      = {CoRR},
  volume       = {abs/2407.13690},
  year         = {2024},
  url          = {https://doi.org/10.48550/arXiv.2407.13690},
  doi          = {10.48550/ARXIV.2407.13690},
  eprinttype    = {arXiv},
  eprint       = {2407.13690},
  timestamp    = {Thu, 22 Aug 2024 15:43:21 +0200},
  biburl       = {https://dblp.org/rec/journals/corr/abs-2407-13690.bib},
  bibsource    = {dblp computer science bibliography, https://dblp.org}
}


@article{wei2022chain,
  title={Chain-of-thought prompting elicits reasoning in large language models},
  author={Wei, Jason and Wang, Xuezhi and Schuurmans, Dale and Bosma, Maarten and Xia, Fei and Chi, Ed and Le, Quoc V and Zhou, Denny and others},
  journal={Advances in neural information processing systems},
  volume={35},
  pages={24824--24837},
  year={2022}
}

@article{yao2024tree,
  title={Tree of thoughts: Deliberate problem solving with large language models},
  author={Yao, Shunyu and Yu, Dian and Zhao, Jeffrey and Shafran, Izhak and Griffiths, Tom and Cao, Yuan and Narasimhan, Karthik},
  journal={Advances in Neural Information Processing Systems},
  volume={36},
  year={2024}
}

@article{hao2023reasoning,
  title={Reasoning with language model is planning with world model},
  author={Hao, Shibo and Gu, Yi and Ma, Haodi and Hong, Joshua Jiahua and Wang, Zhen and Wang, Daisy Zhe and Hu, Zhiting},
  journal={arXiv preprint arXiv:2305.14992},
  year={2023}
}

@article{zhang2024accessing,
  title={Accessing gpt-4 level mathematical olympiad solutions via monte carlo tree self-refine with llama-3 8b},
  author={Zhang, Di and Huang, Xiaoshui and Zhou, Dongzhan and Li, Yuqiang and Ouyang, Wanli},
  journal={arXiv preprint arXiv:2406.07394},
  year={2024}
}

@article{feng2023alphazero,
  title={Alphazero-like tree-search can guide large language model decoding and training},
  author={Feng, Xidong and Wan, Ziyu and Wen, Muning and McAleer, Stephen Marcus and Wen, Ying and Zhang, Weinan and Wang, Jun},
  journal={arXiv preprint arXiv:2309.17179},
  year={2023}
}

@article{tian2024toward,
  title={Toward Self-Improvement of LLMs via Imagination, Searching, and Criticizing},
  author={Tian, Ye and Peng, Baolin and Song, Linfeng and Jin, Lifeng and Yu, Dian and Mi, Haitao and Yu, Dong},
  journal={arXiv preprint arXiv:2404.12253},
  year={2024}
}

@article{xie2024monte,
  title={Monte Carlo Tree Search Boosts Reasoning via Iterative Preference Learning},
  author={Xie, Yuxi and Goyal, Anirudh and Zheng, Wenyue and Kan, Min-Yen and Lillicrap, Timothy P and Kawaguchi, Kenji and Shieh, Michael},
  journal={arXiv preprint arXiv:2405.00451},
  year={2024}
}

@article{DBLP:journals/corr/abs-2405-03553,
  author       = {Guoxin Chen and
                  Minpeng Liao and
                  Chengxi Li and
                  Kai Fan},
  title        = {AlphaMath Almost Zero: process Supervision without process},
  journal      = {CoRR},
  volume       = {abs/2405.03553},
  year         = {2024},
  url          = {https://doi.org/10.48550/arXiv.2405.03553},
  doi          = {10.48550/ARXIV.2405.03553},
  eprinttype    = {arXiv},
  eprint       = {2405.03553},
  timestamp    = {Fri, 07 Jun 2024 15:57:24 +0200},
  biburl       = {https://dblp.org/rec/journals/corr/abs-2405-03553.bib},
  bibsource    = {dblp computer science bibliography, https://dblp.org}
}

@article{zhang2024rest,
  title={Rest-mcts*: Llm self-training via process reward guided tree search},
  author={Zhang, Dan and Zhoubian, Sining and Hu, Ziniu and Yue, Yisong and Dong, Yuxiao and Tang, Jie},
  journal={arXiv preprint arXiv:2406.03816},
  year={2024}
}

@article{chen2024step,
  title={Step-level Value Preference Optimization for Mathematical Reasoning},
  author={Chen, Guoxin and Liao, Minpeng and Li, Chengxi and Fan, Kai},
  journal={arXiv preprint arXiv:2406.10858},
  year={2024}
}

@article{wang2024towards,
  title={Towards Self-Improvement of LLMs via MCTS: Leveraging Stepwise Knowledge with Curriculum Preference Learning},
  author={Wang, Xiyao and Song, Linfeng and Tian, Ye and Yu, Dian and Peng, Baolin and Mi, Haitao and Huang, Furong and Yu, Dong},
  journal={arXiv preprint arXiv:2410.06508},
  year={2024}
}

@inproceedings{DBLP:conf/iclr/LightmanKBEBLLS24,
  author       = {Hunter Lightman and
                  Vineet Kosaraju and
                  Yuri Burda and
                  Harrison Edwards and
                  Bowen Baker and
                  Teddy Lee and
                  Jan Leike and
                  John Schulman and
                  Ilya Sutskever and
                  Karl Cobbe},
  title        = {Let's Verify Step by Step},
  booktitle    = {The Twelfth International Conference on Learning Representations,
                  {ICLR} 2024, Vienna, Austria, May 7-11, 2024},
  publisher    = {OpenReview.net},
  year         = {2024},
  url          = {https://openreview.net/forum?id=v8L0pN6EOi},
  timestamp    = {Wed, 07 Aug 2024 17:11:53 +0200},
  biburl       = {https://dblp.org/rec/conf/iclr/LightmanKBEBLLS24.bib},
  bibsource    = {dblp computer science bibliography, https://dblp.org}
}

@article{DBLP:journals/nature/SilverHMGSDSAPL16,
  author       = {David Silver and
                  Aja Huang and
                  Chris J. Maddison and
                  Arthur Guez and
                  Laurent Sifre and
                  George van den Driessche and
                  Julian Schrittwieser and
                  Ioannis Antonoglou and
                  Vedavyas Panneershelvam and
                  Marc Lanctot and
                  Sander Dieleman and
                  Dominik Grewe and
                  John Nham and
                  Nal Kalchbrenner and
                  Ilya Sutskever and
                  Timothy P. Lillicrap and
                  Madeleine Leach and
                  Koray Kavukcuoglu and
                  Thore Graepel and
                  Demis Hassabis},
  title        = {Mastering the game of Go with deep neural networks and tree search},
  journal      = {Nat.},
  volume       = {529},
  number       = {7587},
  pages        = {484--489},
  year         = {2016},
  url          = {https://doi.org/10.1038/nature16961},
  doi          = {10.1038/NATURE16961},
  timestamp    = {Mon, 27 Sep 2021 17:38:59 +0200},
  biburl       = {https://dblp.org/rec/journals/nature/SilverHMGSDSAPL16.bib},
  bibsource    = {dblp computer science bibliography, https://dblp.org}
}

@article{DBLP:journals/nature/SilverSSAHGHBLB17,
  author       = {David Silver and
                  Julian Schrittwieser and
                  Karen Simonyan and
                  Ioannis Antonoglou and
                  Aja Huang and
                  Arthur Guez and
                  Thomas Hubert and
                  Lucas Baker and
                  Matthew Lai and
                  Adrian Bolton and
                  Yutian Chen and
                  Timothy P. Lillicrap and
                  Fan Hui and
                  Laurent Sifre and
                  George van den Driessche and
                  Thore Graepel and
                  Demis Hassabis},
  title        = {Mastering the game of Go without human knowledge},
  journal      = {Nat.},
  volume       = {550},
  number       = {7676},
  pages        = {354--359},
  year         = {2017},
  url          = {https://doi.org/10.1038/nature24270},
  doi          = {10.1038/NATURE24270},
  timestamp    = {Mon, 22 Jul 2024 08:26:52 +0200},
  biburl       = {https://dblp.org/rec/journals/nature/SilverSSAHGHBLB17.bib},
  bibsource    = {dblp computer science bibliography, https://dblp.org}
}

@article{DBLP:journals/ml/AuerCF02,
  author       = {Peter Auer and
                  Nicol{\`{o}} Cesa{-}Bianchi and
                  Paul Fischer},
  title        = {Finite-time Analysis of the Multiarmed Bandit Problem},
  journal      = {Mach. Learn.},
  volume       = {47},
  number       = {2-3},
  pages        = {235--256},
  year         = {2002},
  url          = {https://doi.org/10.1023/A:1013689704352},
  doi          = {10.1023/A:1013689704352},
  timestamp    = {Mon, 02 Mar 2020 16:28:55 +0100},
  biburl       = {https://dblp.org/rec/journals/ml/AuerCF02.bib},
  bibsource    = {dblp computer science bibliography, https://dblp.org}
}

@article{DBLP:journals/tciaig/BrownePWLCRTPSC12,
  author       = {Cameron Browne and
                  Edward Jack Powley and
                  Daniel Whitehouse and
                  Simon M. Lucas and
                  Peter I. Cowling and
                  Philipp Rohlfshagen and
                  Stephen Tavener and
                  Diego Perez Liebana and
                  Spyridon Samothrakis and
                  Simon Colton},
  title        = {A Survey of Monte Carlo Tree Search Methods},
  journal      = {{IEEE} Trans. Comput. Intell. {AI} Games},
  volume       = {4},
  number       = {1},
  pages        = {1--43},
  year         = {2012},
  url          = {https://doi.org/10.1109/TCIAIG.2012.2186810},
  doi          = {10.1109/TCIAIG.2012.2186810},
  timestamp    = {Tue, 21 Mar 2023 21:15:50 +0100},
  biburl       = {https://dblp.org/rec/journals/tciaig/BrownePWLCRTPSC12.bib},
  bibsource    = {dblp computer science bibliography, https://dblp.org}
}

@article{DBLP:journals/corr/abs-2412-15115,
  author       = {An Yang and
                  Baosong Yang and
                  Beichen Zhang and
                  Binyuan Hui and
                  Bo Zheng and
                  Bowen Yu and
                  Chengyuan Li and
                  Dayiheng Liu and
                  Fei Huang and
                  Haoran Wei and
                  Huan Lin and
                  Jian Yang and
                  Jianhong Tu and
                  Jianwei Zhang and
                  Jianxin Yang and
                  Jiaxi Yang and
                  Jingren Zhou and
                  Junyang Lin and
                  Kai Dang and
                  Keming Lu and
                  Keqin Bao and
                  Kexin Yang and
                  Le Yu and
                  Mei Li and
                  Mingfeng Xue and
                  Pei Zhang and
                  Qin Zhu and
                  Rui Men and
                  Runji Lin and
                  Tianhao Li and
                  Tingyu Xia and
                  Xingzhang Ren and
                  Xuancheng Ren and
                  Yang Fan and
                  Yang Su and
                  Yichang Zhang and
                  Yu Wan and
                  Yuqiong Liu and
                  Zeyu Cui and
                  Zhenru Zhang and
                  Zihan Qiu},
  title        = {Qwen2.5 Technical Report},
  journal      = {CoRR},
  volume       = {abs/2412.15115},
  year         = {2024},
  url          = {https://doi.org/10.48550/arXiv.2412.15115},
  doi          = {10.48550/ARXIV.2412.15115},
  eprinttype    = {arXiv},
  eprint       = {2412.15115},
  timestamp    = {Mon, 27 Jan 2025 08:08:47 +0100},
  biburl       = {https://dblp.org/rec/journals/corr/abs-2412-15115.bib},
  bibsource    = {dblp computer science bibliography, https://dblp.org}
}

@misc{aime,
  author       = {AI-MO},
  title        = {AIME Problems and Solutions},
  year         = {2023},
  howpublished = {\url{https://artofproblemsolving.com/wiki/index.php/AIME_Problems_and_Solutions}},
}

@misc{2024internlm2wqx,
    title={https://github.com/InternLM/InternLM-WQX},
    author={InternLM Team},
    howpublished = {\url{https://github.com/InternLM/InternLM-WQX}},
    year={2024}
}
@article{DBLP:journals/corr/abs-2312-07104,
  author       = {Lianmin Zheng and
                  Liangsheng Yin and
                  Zhiqiang Xie and
                  Jeff Huang and
                  Chuyue Sun and
                  Cody Hao Yu and
                  Shiyi Cao and
                  Christos Kozyrakis and
                  Ion Stoica and
                  Joseph E. Gonzalez and
                  Clark W. Barrett and
                  Ying Sheng},
  title        = {Efficiently Programming Large Language Models using SGLang},
  journal      = {CoRR},
  volume       = {abs/2312.07104},
  year         = {2023},
  url          = {https://doi.org/10.48550/arXiv.2312.07104},
  doi          = {10.48550/ARXIV.2312.07104},
  eprinttype    = {arXiv},
  eprint       = {2312.07104},
  timestamp    = {Thu, 18 Jan 2024 15:23:39 +0100},
  biburl       = {https://dblp.org/rec/journals/corr/abs-2312-07104.bib},
  bibsource    = {dblp computer science bibliography, https://dblp.org}
}

@misc{numina_math_datasets,
  author = {Jia LI and Edward Beeching and Lewis Tunstall and Ben Lipkin and Roman Soletskyi and Shengyi Costa Huang and Kashif Rasul and Longhui Yu and Albert Jiang and Ziju Shen and Zihan Qin and Bin Dong and Li Zhou and Yann Fleureau and Guillaume Lample and Stanislas Polu},
  title = {NuminaMath},
  year = {2024},
  publisher = {Numina},
  journal = {Hugging Face repository},
  howpublished = {\url{[https://huggingface.co/AI-MO/NuminaMath-CoT](https://github.com/project-numina/aimo-progress-prize/blob/main/report/numina_dataset.pdf)}}
}

@article{yu2023metamath,
  title={MetaMath: Bootstrap Your Own Mathematical Questions for Large Language Models},
  author={Yu, Longhui and Jiang, Weisen and Shi, Han and Yu, Jincheng and Liu, Zhengying and Zhang, Yu and Kwok, James T and Li, Zhenguo and Weller, Adrian and Liu, Weiyang},
  journal={arXiv preprint arXiv:2309.12284},
  year={2023}
}


@misc{ying2024internlmmathopenmathlarge,
      title={InternLM-Math: Open Math Large Language Models Toward Verifiable Reasoning}, 
      author={Huaiyuan Ying and Shuo Zhang and Linyang Li and Zhejian Zhou and Yunfan Shao and Zhaoye Fei and Yichuan Ma and Jiawei Hong and Kuikun Liu and Ziyi Wang and Yudong Wang and Zijian Wu and Shuaibin Li and Fengzhe Zhou and Hongwei Liu and Songyang Zhang and Wenwei Zhang and Hang Yan and Xipeng Qiu and Jiayu Wang and Kai Chen and Dahua Lin},
      year={2024},
      eprint={2402.06332},
      archivePrefix={arXiv},
      primaryClass={cs.CL},
      url={https://arxiv.org/abs/2402.06332}, 
}

@inproceedings{DBLP:conf/nips/RafailovSMMEF23,
  author       = {Rafael Rafailov and
                  Archit Sharma and
                  Eric Mitchell and
                  Christopher D. Manning and
                  Stefano Ermon and
                  Chelsea Finn},
  editor       = {Alice Oh and
                  Tristan Naumann and
                  Amir Globerson and
                  Kate Saenko and
                  Moritz Hardt and
                  Sergey Levine},
  title        = {Direct Preference Optimization: Your Language Model is Secretly a
                  Reward Model},
  booktitle    = {Advances in Neural Information Processing Systems 36: Annual Conference
                  on Neural Information Processing Systems 2023, NeurIPS 2023, New Orleans,
                  LA, USA, December 10 - 16, 2023},
  year         = {2023},
  url          = {http://papers.nips.cc/paper\_files/paper/2023/hash/a85b405ed65c6477a4fe8302b5e06ce7-Abstract-Conference.html},
  timestamp    = {Fri, 01 Mar 2024 16:26:20 +0100},
  biburl       = {https://dblp.org/rec/conf/nips/RafailovSMMEF23.bib},
  bibsource    = {dblp computer science bibliography, https://dblp.org}
}

@misc{lai2024stepdpostepwisepreferenceoptimization,
      title={Step-DPO: Step-wise Preference Optimization for Long-chain Reasoning of LLMs}, 
      author={Xin Lai and Zhuotao Tian and Yukang Chen and Senqiao Yang and Xiangru Peng and Jiaya Jia},
      year={2024},
      eprint={2406.18629},
      archivePrefix={arXiv},
      primaryClass={cs.LG},
      url={https://arxiv.org/abs/2406.18629}, 
}


@article{DBLP:journals/corr/abs-2110-14168,
  author       = {Karl Cobbe and
                  Vineet Kosaraju and
                  Mohammad Bavarian and
                  Mark Chen and
                  Heewoo Jun and
                  Lukasz Kaiser and
                  Matthias Plappert and
                  Jerry Tworek and
                  Jacob Hilton and
                  Reiichiro Nakano and
                  Christopher Hesse and
                  John Schulman},
  title        = {Training Verifiers to Solve Math Word Problems},
  journal      = {CoRR},
  volume       = {abs/2110.14168},
  year         = {2021},
  url          = {https://arxiv.org/abs/2110.14168},
  eprinttype    = {arXiv},
  eprint       = {2110.14168},
  timestamp    = {Mon, 12 Jun 2023 08:23:44 +0200},
  biburl       = {https://dblp.org/rec/journals/corr/abs-2110-14168.bib},
  bibsource    = {dblp computer science bibliography, https://dblp.org}
}


@misc{aime24,
  author       = {AI-MO},
  title        = {AIME Problems and Solutions},
  year         = {2024},
  howpublished = {\url{https://artofproblemsolving.com/wiki/index.php/AIME_Problems_and_Solutions}},
}

@misc{amc,
  author       = {AI-MO},
  title        = {American Mathematics Competitions},
  year         = {2023},
  howpublished = {\url{https://artofproblemsolving.com/wiki/index.php/AMC_12_Problems_and_Solutions}},
}

@article{hendrycksmath2021,
  title={Measuring Mathematical Problem Solving With the MATH Dataset},
  author={Dan Hendrycks and Collin Burns and Saurav Kadavath and Akul Arora and Steven Basart and Eric Tang and Dawn Song and Jacob Steinhardt},
  journal={NeurIPS},
  year={2021}
}

@inproceedings{DBLP:conf/acl/HeLBHTSHHHZLQL024,
  author       = {Chaoqun He and
                  Renjie Luo and
                  Yuzhuo Bai and
                  Shengding Hu and
                  Zhen Leng Thai and
                  Junhao Shen and
                  Jinyi Hu and
                  Xu Han and
                  Yujie Huang and
                  Yuxiang Zhang and
                  Jie Liu and
                  Lei Qi and
                  Zhiyuan Liu and
                  Maosong Sun},
  editor       = {Lun{-}Wei Ku and
                  Andre Martins and
                  Vivek Srikumar},
  title        = {OlympiadBench: {A} Challenging Benchmark for Promoting {AGI} with
                  Olympiad-Level Bilingual Multimodal Scientific Problems},
  booktitle    = {Proceedings of the 62nd Annual Meeting of the Association for Computational
                  Linguistics (Volume 1: Long Papers), {ACL} 2024, Bangkok, Thailand,
                  August 11-16, 2024},
  pages        = {3828--3850},
  publisher    = {Association for Computational Linguistics},
  year         = {2024},
  url          = {https://doi.org/10.18653/v1/2024.acl-long.211},
  doi          = {10.18653/V1/2024.ACL-LONG.211},
  timestamp    = {Sun, 19 Jan 2025 13:22:05 +0100},
  biburl       = {https://dblp.org/rec/conf/acl/HeLBHTSHHHZLQL024.bib},
  bibsource    = {dblp computer science bibliography, https://dblp.org}
}

@article{DBLP:journals/corr/abs-2410-07985,
  author       = {Bofei Gao and
                  Feifan Song and
                  Zhe Yang and
                  Zefan Cai and
                  Yibo Miao and
                  Qingxiu Dong and
                  Lei Li and
                  Chenghao Ma and
                  Liang Chen and
                  Runxin Xu and
                  Zhengyang Tang and
                  Benyou Wang and
                  Daoguang Zan and
                  Shanghaoran Quan and
                  Ge Zhang and
                  Lei Sha and
                  Yichang Zhang and
                  Xuancheng Ren and
                  Tianyu Liu and
                  Baobao Chang},
  title        = {Omni-MATH: {A} Universal Olympiad Level Mathematic Benchmark For Large
                  Language Models},
  journal      = {CoRR},
  volume       = {abs/2410.07985},
  year         = {2024},
  url          = {https://doi.org/10.48550/arXiv.2410.07985},
  doi          = {10.48550/ARXIV.2410.07985},
  eprinttype    = {arXiv},
  eprint       = {2410.07985},
  timestamp    = {Mon, 18 Nov 2024 14:52:18 +0100},
  biburl       = {https://dblp.org/rec/journals/corr/abs-2410-07985.bib},
  bibsource    = {dblp computer science bibliography, https://dblp.org}
}


@misc{wei2023cmath,
      title={CMATH: Can Your Language Model Pass Chinese Elementary School Math Test?}, 
      author={Tianwen Wei and Jian Luan and Wei Liu and Shuang Dong and Bin Wang},
      year={2023},
      eprint={2306.16636},
      archivePrefix={arXiv},
      primaryClass={cs.CL}
}

@inproceedings{DBLP:conf/icml/TangZWW24,
  author       = {Zhengyang Tang and
                  Xingxing Zhang and
                  Benyou Wang and
                  Furu Wei},
  title        = {MathScale: Scaling Instruction Tuning for Mathematical Reasoning},
  booktitle    = {Forty-first International Conference on Machine Learning, {ICML} 2024,
                  Vienna, Austria, July 21-27, 2024},
  publisher    = {OpenReview.net},
  year         = {2024},
  url          = {https://openreview.net/forum?id=Kjww7ZN47M},
  timestamp    = {Thu, 14 Nov 2024 09:42:52 +0100},
  biburl       = {https://dblp.org/rec/conf/icml/TangZWW24.bib},
  bibsource    = {dblp computer science bibliography, https://dblp.org}
}

@article{DBLP:journals/corr/abs-2409-12122,
  author       = {An Yang and
                  Beichen Zhang and
                  Binyuan Hui and
                  Bofei Gao and
                  Bowen Yu and
                  Chengpeng Li and
                  Dayiheng Liu and
                  Jianhong Tu and
                  Jingren Zhou and
                  Junyang Lin and
                  Keming Lu and
                  Mingfeng Xue and
                  Runji Lin and
                  Tianyu Liu and
                  Xingzhang Ren and
                  Zhenru Zhang},
  title        = {Qwen2.5-Math Technical Report: Toward Mathematical Expert Model via
                  Self-Improvement},
  journal      = {CoRR},
  volume       = {abs/2409.12122},
  year         = {2024},
  url          = {https://doi.org/10.48550/arXiv.2409.12122},
  doi          = {10.48550/ARXIV.2409.12122},
  eprinttype    = {arXiv},
  eprint       = {2409.12122},
  timestamp    = {Fri, 18 Oct 2024 08:29:21 +0200},
  biburl       = {https://dblp.org/rec/journals/corr/abs-2409-12122.bib},
  bibsource    = {dblp computer science bibliography, https://dblp.org}
}

@misc{deepseekai2025deepseekr1incentivizingreasoningcapability,
      title={DeepSeek-R1: Incentivizing Reasoning Capability in LLMs via Reinforcement Learning}, 
      author={DeepSeek-AI and Daya Guo and Dejian Yang and Haowei Zhang and Junxiao Song and Ruoyu Zhang and Runxin Xu and Qihao Zhu and Shirong Ma and Peiyi Wang and Xiao Bi and Xiaokang Zhang and Xingkai Yu and Yu Wu and Z. F. Wu and Zhibin Gou and Zhihong Shao and Zhuoshu Li and Ziyi Gao and Aixin Liu and Bing Xue and Bingxuan Wang and Bochao Wu and Bei Feng and Chengda Lu and Chenggang Zhao and Chengqi Deng and Chenyu Zhang and Chong Ruan and Damai Dai and Deli Chen and Dongjie Ji and Erhang Li and Fangyun Lin and Fucong Dai and Fuli Luo and Guangbo Hao and Guanting Chen and Guowei Li and H. Zhang and Han Bao and Hanwei Xu and Haocheng Wang and Honghui Ding and Huajian Xin and Huazuo Gao and Hui Qu and Hui Li and Jianzhong Guo and Jiashi Li and Jiawei Wang and Jingchang Chen and Jingyang Yuan and Junjie Qiu and Junlong Li and J. L. Cai and Jiaqi Ni and Jian Liang and Jin Chen and Kai Dong and Kai Hu and Kaige Gao and Kang Guan and Kexin Huang and Kuai Yu and Lean Wang and Lecong Zhang and Liang Zhao and Litong Wang and Liyue Zhang and Lei Xu and Leyi Xia and Mingchuan Zhang and Minghua Zhang and Minghui Tang and Meng Li and Miaojun Wang and Mingming Li and Ning Tian and Panpan Huang and Peng Zhang and Qiancheng Wang and Qinyu Chen and Qiushi Du and Ruiqi Ge and Ruisong Zhang and Ruizhe Pan and Runji Wang and R. J. Chen and R. L. Jin and Ruyi Chen and Shanghao Lu and Shangyan Zhou and Shanhuang Chen and Shengfeng Ye and Shiyu Wang and Shuiping Yu and Shunfeng Zhou and Shuting Pan and S. S. Li and Shuang Zhou and Shaoqing Wu and Shengfeng Ye and Tao Yun and Tian Pei and Tianyu Sun and T. Wang and Wangding Zeng and Wanjia Zhao and Wen Liu and Wenfeng Liang and Wenjun Gao and Wenqin Yu and Wentao Zhang and W. L. Xiao and Wei An and Xiaodong Liu and Xiaohan Wang and Xiaokang Chen and Xiaotao Nie and Xin Cheng and Xin Liu and Xin Xie and Xingchao Liu and Xinyu Yang and Xinyuan Li and Xuecheng Su and Xuheng Lin and X. Q. Li and Xiangyue Jin and Xiaojin Shen and Xiaosha Chen and Xiaowen Sun and Xiaoxiang Wang and Xinnan Song and Xinyi Zhou and Xianzu Wang and Xinxia Shan and Y. K. Li and Y. Q. Wang and Y. X. Wei and Yang Zhang and Yanhong Xu and Yao Li and Yao Zhao and Yaofeng Sun and Yaohui Wang and Yi Yu and Yichao Zhang and Yifan Shi and Yiliang Xiong and Ying He and Yishi Piao and Yisong Wang and Yixuan Tan and Yiyang Ma and Yiyuan Liu and Yongqiang Guo and Yuan Ou and Yuduan Wang and Yue Gong and Yuheng Zou and Yujia He and Yunfan Xiong and Yuxiang Luo and Yuxiang You and Yuxuan Liu and Yuyang Zhou and Y. X. Zhu and Yanhong Xu and Yanping Huang and Yaohui Li and Yi Zheng and Yuchen Zhu and Yunxian Ma and Ying Tang and Yukun Zha and Yuting Yan and Z. Z. Ren and Zehui Ren and Zhangli Sha and Zhe Fu and Zhean Xu and Zhenda Xie and Zhengyan Zhang and Zhewen Hao and Zhicheng Ma and Zhigang Yan and Zhiyu Wu and Zihui Gu and Zijia Zhu and Zijun Liu and Zilin Li and Ziwei Xie and Ziyang Song and Zizheng Pan and Zhen Huang and Zhipeng Xu and Zhongyu Zhang and Zhen Zhang},
      year={2025},
      eprint={2501.12948},
      archivePrefix={arXiv},
      primaryClass={cs.CL},
      url={https://arxiv.org/abs/2501.12948}, 
}

@misc{openai2024openaio1card,
      title={OpenAI o1 System Card}, 
      author={OpenAI and : and Aaron Jaech and Adam Kalai and Adam Lerer and Adam Richardson and Ahmed El-Kishky and Aiden Low and Alec Helyar and Aleksander Madry and Alex Beutel and Alex Carney and Alex Iftimie and Alex Karpenko and Alex Tachard Passos and Alexander Neitz and Alexander Prokofiev and Alexander Wei and Allison Tam and Ally Bennett and Ananya Kumar and Andre Saraiva and Andrea Vallone and Andrew Duberstein and Andrew Kondrich and Andrey Mishchenko and Andy Applebaum and Angela Jiang and Ashvin Nair and Barret Zoph and Behrooz Ghorbani and Ben Rossen and Benjamin Sokolowsky and Boaz Barak and Bob McGrew and Borys Minaiev and Botao Hao and Bowen Baker and Brandon Houghton and Brandon McKinzie and Brydon Eastman and Camillo Lugaresi and Cary Bassin and Cary Hudson and Chak Ming Li and Charles de Bourcy and Chelsea Voss and Chen Shen and Chong Zhang and Chris Koch and Chris Orsinger and Christopher Hesse and Claudia Fischer and Clive Chan and Dan Roberts and Daniel Kappler and Daniel Levy and Daniel Selsam and David Dohan and David Farhi and David Mely and David Robinson and Dimitris Tsipras and Doug Li and Dragos Oprica and Eben Freeman and Eddie Zhang and Edmund Wong and Elizabeth Proehl and Enoch Cheung and Eric Mitchell and Eric Wallace and Erik Ritter and Evan Mays and Fan Wang and Felipe Petroski Such and Filippo Raso and Florencia Leoni and Foivos Tsimpourlas and Francis Song and Fred von Lohmann and Freddie Sulit and Geoff Salmon and Giambattista Parascandolo and Gildas Chabot and Grace Zhao and Greg Brockman and Guillaume Leclerc and Hadi Salman and Haiming Bao and Hao Sheng and Hart Andrin and Hessam Bagherinezhad and Hongyu Ren and Hunter Lightman and Hyung Won Chung and Ian Kivlichan and Ian O'Connell and Ian Osband and Ignasi Clavera Gilaberte and Ilge Akkaya and Ilya Kostrikov and Ilya Sutskever and Irina Kofman and Jakub Pachocki and James Lennon and Jason Wei and Jean Harb and Jerry Twore and Jiacheng Feng and Jiahui Yu and Jiayi Weng and Jie Tang and Jieqi Yu and Joaquin Quiñonero Candela and Joe Palermo and Joel Parish and Johannes Heidecke and John Hallman and John Rizzo and Jonathan Gordon and Jonathan Uesato and Jonathan Ward and Joost Huizinga and Julie Wang and Kai Chen and Kai Xiao and Karan Singhal and Karina Nguyen and Karl Cobbe and Katy Shi and Kayla Wood and Kendra Rimbach and Keren Gu-Lemberg and Kevin Liu and Kevin Lu and Kevin Stone and Kevin Yu and Lama Ahmad and Lauren Yang and Leo Liu and Leon Maksin and Leyton Ho and Liam Fedus and Lilian Weng and Linden Li and Lindsay McCallum and Lindsey Held and Lorenz Kuhn and Lukas Kondraciuk and Lukasz Kaiser and Luke Metz and Madelaine Boyd and Maja Trebacz and Manas Joglekar and Mark Chen and Marko Tintor and Mason Meyer and Matt Jones and Matt Kaufer and Max Schwarzer and Meghan Shah and Mehmet Yatbaz and Melody Y. Guan and Mengyuan Xu and Mengyuan Yan and Mia Glaese and Mianna Chen and Michael Lampe and Michael Malek and Michele Wang and Michelle Fradin and Mike McClay and Mikhail Pavlov and Miles Wang and Mingxuan Wang and Mira Murati and Mo Bavarian and Mostafa Rohaninejad and Nat McAleese and Neil Chowdhury and Neil Chowdhury and Nick Ryder and Nikolas Tezak and Noam Brown and Ofir Nachum and Oleg Boiko and Oleg Murk and Olivia Watkins and Patrick Chao and Paul Ashbourne and Pavel Izmailov and Peter Zhokhov and Rachel Dias and Rahul Arora and Randall Lin and Rapha Gontijo Lopes and Raz Gaon and Reah Miyara and Reimar Leike and Renny Hwang and Rhythm Garg and Robin Brown and Roshan James and Rui Shu and Ryan Cheu and Ryan Greene and Saachi Jain and Sam Altman and Sam Toizer and Sam Toyer and Samuel Miserendino and Sandhini Agarwal and Santiago Hernandez and Sasha Baker and Scott McKinney and Scottie Yan and Shengjia Zhao and Shengli Hu and Shibani Santurkar and Shraman Ray Chaudhuri and Shuyuan Zhang and Siyuan Fu and Spencer Papay and Steph Lin and Suchir Balaji and Suvansh Sanjeev and Szymon Sidor and Tal Broda and Aidan Clark and Tao Wang and Taylor Gordon and Ted Sanders and Tejal Patwardhan and Thibault Sottiaux and Thomas Degry and Thomas Dimson and Tianhao Zheng and Timur Garipov and Tom Stasi and Trapit Bansal and Trevor Creech and Troy Peterson and Tyna Eloundou and Valerie Qi and Vineet Kosaraju and Vinnie Monaco and Vitchyr Pong and Vlad Fomenko and Weiyi Zheng and Wenda Zhou and Wes McCabe and Wojciech Zaremba and Yann Dubois and Yinghai Lu and Yining Chen and Young Cha and Yu Bai and Yuchen He and Yuchen Zhang and Yunyun Wang and Zheng Shao and Zhuohan Li},
      year={2024},
      eprint={2412.16720},
      archivePrefix={arXiv},
      primaryClass={cs.AI},
      url={https://arxiv.org/abs/2412.16720}, 
}