@inproceedings{Achiam2023GPT4TR,
  title={GPT-4 Technical Report},
  author={OpenAI Josh Achiam and Steven Adler and Sandhini Agarwal and Lama Ahmad and Ilge Akkaya and Florencia Leoni Aleman and Diogo Almeida and Janko Altenschmidt and Sam Altman and Shyamal Anadkat and Red Avila and Igor Babuschkin and Suchir Balaji and Valerie Balcom and Paul Baltescu and Haim-ing Bao and Mo Bavarian and Jeff Belgum and Irwan Bello and Jake Berdine and Gabriel Bernadett-Shapiro and Christopher Berner and Lenny Bogdonoff and Oleg Boiko and Madelaine Boyd and Anna-Luisa Brakman and Greg Brockman and Tim Brooks and Miles Brundage and Kevin Button and Trevor Cai and Rosie Campbell and Andrew Cann and Brittany Carey and Chelsea Carlson and Rory Carmichael and Brooke Chan and Che Chang and Fotis Chantzis and Derek Chen and Sully Chen and Ruby Chen and Jason Chen and Mark Chen and Benjamin Chess and Chester Cho and Casey Chu and Hyung Won Chung and Dave Cummings and Jeremiah Currier and Yunxing Dai and Cory Decareaux and Thomas Degry and Noah Deutsch and Damien Deville and Arka Dhar and David Dohan and Steve Dowling and Sheila Dunning and Adrien Ecoffet and Atty Eleti and Tyna Eloundou and David Farhi and Liam Fedus and Niko Felix and Sim'on Posada Fishman and Juston Forte and Is-abella Fulford and Leo Gao and Elie Georges and Christian Gibson and Vik Goel and Tarun Gogineni and Gabriel Goh and Raphael Gontijo-Lopes and Jonathan Gordon and Morgan Grafstein and Scott Gray and Ryan Greene and Joshua Gross and Shixiang Shane Gu and Yufei Guo and Chris Hallacy and Jesse Han and Jeff Harris and Yuchen He and Mike Heaton and Johannes Heidecke and Chris Hesse and Alan Hickey and Wade Hickey and Peter Hoeschele and Brandon Houghton and Kenny Hsu and Shengli Hu and Xin Hu and Joost Huizinga and Shantanu Jain and Shawn Jain and Joanne Jang and Angela Jiang and Roger Jiang and Haozhun Jin and Denny Jin and Shino Jomoto and Billie Jonn and Heewoo Jun and Tomer Kaftan and Lukasz Kaiser and Ali Kamali and Ingmar Kanitscheider and Nitish Shirish Keskar and Tabarak Khan and Logan Kilpatrick and Jong Wook Kim and Christina Kim and Yongjik Kim and Hendrik Kirchner and Jamie Ryan Kiros and Matthew Knight and Daniel Kokotajlo and Lukasz Kondraciuk and Andrew Kondrich and Aris Konstantinidis and Kyle Kosic and Gretchen Krueger and Vishal Kuo and Michael Lampe and Ikai Lan and Teddy Lee and Jan Leike and Jade Leung and Daniel Levy and Chak Ming Li and Rachel Lim and Molly Lin and Stephanie Lin and Ma-teusz Litwin and Theresa Lopez and Ryan Lowe and Patricia Lue and Anna Makanju and Kim Malfacini and Sam Manning and Todor Markov and Yaniv Markovski and Bianca Martin and Katie Mayer and Andrew Mayne and Bob McGrew and Scott Mayer McKinney and Christine McLeavey and Paul McMillan and Jake McNeil and David Medina and Aalok Mehta and Jacob Menick and Luke Metz and Andrey Mishchenko and Pamela Mishkin and Vinnie Monaco and Evan Morikawa and Daniel P. Mossing and Tong Mu and Mira Murati and Oleg Murk and David M'ely and Ashvin Nair and Reiichiro Nakano and Rajeev Nayak and Arvind Neelakantan and Richard Ngo and Hyeonwoo Noh and Ouyang Long and Cullen O'Keefe and Jakub W. Pachocki and Alex Paino and Joe Palermo and Ashley Pantuliano and Giambattista Parascandolo and Joel Parish and Emy Parparita and Alexandre Passos and Mikhail Pavlov and Andrew Peng and Adam Perelman and Filipe de Avila Belbute Peres and Michael Petrov and Henrique Pond{\'e} de Oliveira Pinto and Michael Pokorny and Michelle Pokrass and Vitchyr H. Pong and Tolly Powell and Alethea Power and Boris Power and Elizabeth Proehl and Raul Puri and Alec Radford and Jack W. Rae and Aditya Ramesh and Cameron Raymond and Francis Real and Kendra Rimbach and Carl Ross and Bob Rotsted and Henri Roussez and Nick Ryder and Mario D. Saltarelli and Ted Sanders and Shibani Santurkar and Girish Sastry and Heather Schmidt and David Schnurr and John Schulman and Daniel Selsam and Kyla Sheppard and Toki Sherbakov and Jessica Shieh and Sarah Shoker and Pranav Shyam and Szymon Sidor and Eric Sigler and Maddie Simens and Jordan Sitkin and Katarina Slama and Ian Sohl and Benjamin D. Sokolowsky and Yang Song and Natalie Staudacher and Felipe Petroski Such and Natalie Summers and Ilya Sutskever and Jie Tang and Nikolas A. Tezak and Madeleine Thompson and Phil Tillet and Amin Tootoonchian and Elizabeth Tseng and Preston Tuggle and Nick Turley and Jerry Tworek and Juan Felipe Cer'on Uribe and Andrea Vallone and Arun Vijayvergiya and Chelsea Voss and Carroll L. Wainwright and Justin Jay Wang and Alvin Wang and Ben Wang and Jonathan Ward and Jason Wei and CJ Weinmann and Akila Welihinda and Peter Welinder and Jiayi Weng and Lilian Weng and Matt Wiethoff and Dave Willner and Clemens Winter and Samuel Wolrich and Hannah Wong and Lauren Workman and Sherwin Wu and Jeff Wu and Michael Wu and Kai Xiao and Tao Xu and Sarah Yoo and Kevin Yu and Qim-ing Yuan and Wojciech Zaremba and Rowan Zellers and Chong Zhang and Marvin Zhang and Shengjia Zhao and Tianhao Zheng and Juntang Zhuang and William Zhuk and Barret Zoph},
  year={2023},
  url={https://api.semanticscholar.org/CorpusID:257532815}
}

@inproceedings{DBLP:conf/acl/WangLSXDLCWS24,
  author       = {Peiyi Wang and
                  Lei Li and
                  Zhihong Shao and
                  Runxin Xu and
                  Damai Dai and
                  Yifei Li and
                  Deli Chen and
                  Yu Wu and
                  Zhifang Sui},
  editor       = {Lun{-}Wei Ku and
                  Andre Martins and
                  Vivek Srikumar},
  title        = {Math-Shepherd: Verify and Reinforce LLMs Step-by-step without Human
                  Annotations},
  booktitle    = {Proceedings of the 62nd Annual Meeting of the Association for Computational
                  Linguistics (Volume 1: Long Papers), {ACL} 2024, Bangkok, Thailand,
                  August 11-16, 2024},
  pages        = {9426--9439},
  publisher    = {Association for Computational Linguistics},
  year         = {2024},
  url          = {https://doi.org/10.18653/v1/2024.acl-long.510},
  doi          = {10.18653/V1/2024.ACL-LONG.510},
  timestamp    = {Sun, 19 Jan 2025 13:21:37 +0100},
  biburl       = {https://dblp.org/rec/conf/acl/WangLSXDLCWS24.bib},
  bibsource    = {dblp computer science bibliography, https://dblp.org}
}

@inproceedings{DBLP:conf/emnlp/WangLWLH0S24,
  author       = {Zihan Wang and
                  Yunxuan Li and
                  Yuexin Wu and
                  Liangchen Luo and
                  Le Hou and
                  Hongkun Yu and
                  Jingbo Shang},
  editor       = {Yaser Al{-}Onaizan and
                  Mohit Bansal and
                  Yun{-}Nung Chen},
  title        = {Multi-step Problem Solving Through a Verifier: An Empirical Analysis
                  on Model-induced Process Supervision},
  booktitle    = {Findings of the Association for Computational Linguistics: {EMNLP}
                  2024, Miami, Florida, USA, November 12-16, 2024},
  pages        = {7309--7319},
  publisher    = {Association for Computational Linguistics},
  year         = {2024},
  url          = {https://aclanthology.org/2024.findings-emnlp.429},
  timestamp    = {Mon, 18 Nov 2024 16:14:36 +0100},
  biburl       = {https://dblp.org/rec/conf/emnlp/WangLWLH0S24.bib},
  bibsource    = {dblp computer science bibliography, https://dblp.org}
}

@inproceedings{DBLP:conf/iclr/0002WSLCNCZ23,
  author       = {Xuezhi Wang and
                  Jason Wei and
                  Dale Schuurmans and
                  Quoc V. Le and
                  Ed H. Chi and
                  Sharan Narang and
                  Aakanksha Chowdhery and
                  Denny Zhou},
  title        = {Self-Consistency Improves Chain of Thought Reasoning in Language Models},
  booktitle    = {The Eleventh International Conference on Learning Representations,
                  {ICLR} 2023, Kigali, Rwanda, May 1-5, 2023},
  publisher    = {OpenReview.net},
  year         = {2023},
  url          = {https://openreview.net/forum?id=1PL1NIMMrw},
  timestamp    = {Wed, 24 Jul 2024 16:50:33 +0200},
  biburl       = {https://dblp.org/rec/conf/iclr/0002WSLCNCZ23.bib},
  bibsource    = {dblp computer science bibliography, https://dblp.org}
}

@inproceedings{DBLP:conf/iclr/WangRZLLSZSZ024,
  author       = {Ke Wang and
                  Houxing Ren and
                  Aojun Zhou and
                  Zimu Lu and
                  Sichun Luo and
                  Weikang Shi and
                  Renrui Zhang and
                  Linqi Song and
                  Mingjie Zhan and
                  Hongsheng Li},
  title        = {MathCoder: Seamless Code Integration in LLMs for Enhanced Mathematical
                  Reasoning},
  booktitle    = {The Twelfth International Conference on Learning Representations,
                  {ICLR} 2024, Vienna, Austria, May 7-11, 2024},
  publisher    = {OpenReview.net},
  year         = {2024},
  url          = {https://openreview.net/forum?id=z8TW0ttBPp},
  timestamp    = {Wed, 07 Aug 2024 17:11:53 +0200},
  biburl       = {https://dblp.org/rec/conf/iclr/WangRZLLSZSZ024.bib},
  bibsource    = {dblp computer science bibliography, https://dblp.org}
}

@inproceedings{DBLP:conf/iclr/XuSZG0FTLJ24,
  author       = {Can Xu and
                  Qingfeng Sun and
                  Kai Zheng and
                  Xiubo Geng and
                  Pu Zhao and
                  Jiazhan Feng and
                  Chongyang Tao and
                  Qingwei Lin and
                  Daxin Jiang},
  title        = {WizardLM: Empowering Large Pre-Trained Language Models to Follow Complex
                  Instructions},
  booktitle    = {The Twelfth International Conference on Learning Representations,
                  {ICLR} 2024, Vienna, Austria, May 7-11, 2024},
  publisher    = {OpenReview.net},
  year         = {2024},
  url          = {https://openreview.net/forum?id=CfXh93NDgH},
  timestamp    = {Wed, 07 Aug 2024 17:11:53 +0200},
  biburl       = {https://dblp.org/rec/conf/iclr/XuSZG0FTLJ24.bib},
  bibsource    = {dblp computer science bibliography, https://dblp.org}
}

@inproceedings{DBLP:conf/iclr/YuJSYLZKLWL24,
  author       = {Longhui Yu and
                  Weisen Jiang and
                  Han Shi and
                  Jincheng Yu and
                  Zhengying Liu and
                  Yu Zhang and
                  James T. Kwok and
                  Zhenguo Li and
                  Adrian Weller and
                  Weiyang Liu},
  title        = {MetaMath: Bootstrap Your Own Mathematical Questions for Large Language
                  Models},
  booktitle    = {The Twelfth International Conference on Learning Representations,
                  {ICLR} 2024, Vienna, Austria, May 7-11, 2024},
  publisher    = {OpenReview.net},
  year         = {2024},
  url          = {https://openreview.net/forum?id=N8N0hgNDRt},
  timestamp    = {Thu, 15 Aug 2024 07:54:36 +0200},
  biburl       = {https://dblp.org/rec/conf/iclr/YuJSYLZKLWL24.bib},
  bibsource    = {dblp computer science bibliography, https://dblp.org}
}

@article{DBLP:journals/corr/abs-2306-02707,
  author       = {Subhabrata Mukherjee and
                  Arindam Mitra and
                  Ganesh Jawahar and
                  Sahaj Agarwal and
                  Hamid Palangi and
                  Ahmed Awadallah},
  title        = {Orca: Progressive Learning from Complex Explanation Traces of {GPT-4}},
  journal      = {CoRR},
  volume       = {abs/2306.02707},
  year         = {2023},
  url          = {https://doi.org/10.48550/arXiv.2306.02707},
  doi          = {10.48550/ARXIV.2306.02707},
  eprinttype    = {arXiv},
  eprint       = {2306.02707},
  timestamp    = {Fri, 01 Dec 2023 16:01:12 +0100},
  biburl       = {https://dblp.org/rec/journals/corr/abs-2306-02707.bib},
  bibsource    = {dblp computer science bibliography, https://dblp.org}
}

@article{DBLP:journals/corr/abs-2309-05653,
  author       = {Xiang Yue and
                  Xingwei Qu and
                  Ge Zhang and
                  Yao Fu and
                  Wenhao Huang and
                  Huan Sun and
                  Yu Su and
                  Wenhu Chen},
  title        = {MAmmoTH: Building Math Generalist Models through Hybrid Instruction
                  Tuning},
  journal      = {CoRR},
  volume       = {abs/2309.05653},
  year         = {2023},
  url          = {https://doi.org/10.48550/arXiv.2309.05653},
  doi          = {10.48550/ARXIV.2309.05653},
  eprinttype    = {arXiv},
  eprint       = {2309.05653},
  timestamp    = {Fri, 15 Sep 2023 12:26:52 +0200},
  biburl       = {https://dblp.org/rec/journals/corr/abs-2309-05653.bib},
  bibsource    = {dblp computer science bibliography, https://dblp.org}
}

@article{DBLP:journals/corr/abs-2402-10176,
  author       = {Shubham Toshniwal and
                  Ivan Moshkov and
                  Sean Narenthiran and
                  Daria Gitman and
                  Fei Jia and
                  Igor Gitman},
  title        = {OpenMathInstruct-1: {A} 1.8 Million Math Instruction Tuning Dataset},
  journal      = {CoRR},
  volume       = {abs/2402.10176},
  year         = {2024},
  url          = {https://doi.org/10.48550/arXiv.2402.10176},
  doi          = {10.48550/ARXIV.2402.10176},
  eprinttype    = {arXiv},
  eprint       = {2402.10176},
  timestamp    = {Tue, 20 Feb 2024 11:28:09 +0100},
  biburl       = {https://dblp.org/rec/journals/corr/abs-2402-10176.bib},
  bibsource    = {dblp computer science bibliography, https://dblp.org}
}

@article{DBLP:journals/corr/abs-2403-04706,
  author       = {Chen Li and
                  Weiqi Wang and
                  Jingcheng Hu and
                  Yixuan Wei and
                  Nanning Zheng and
                  Han Hu and
                  Zheng Zhang and
                  Houwen Peng},
  title        = {Common 7B Language Models Already Possess Strong Math Capabilities},
  journal      = {CoRR},
  volume       = {abs/2403.04706},
  year         = {2024},
  url          = {https://doi.org/10.48550/arXiv.2403.04706},
  doi          = {10.48550/ARXIV.2403.04706},
  eprinttype    = {arXiv},
  eprint       = {2403.04706},
  timestamp    = {Sun, 21 Jul 2024 18:16:16 +0200},
  biburl       = {https://dblp.org/rec/journals/corr/abs-2403-04706.bib},
  bibsource    = {dblp computer science bibliography, https://dblp.org}
}

@article{DBLP:journals/corr/abs-2405-03553,
  author       = {Guoxin Chen and
                  Minpeng Liao and
                  Chengxi Li and
                  Kai Fan},
  title        = {AlphaMath Almost Zero: process Supervision without process},
  journal      = {CoRR},
  volume       = {abs/2405.03553},
  year         = {2024},
  url          = {https://doi.org/10.48550/arXiv.2405.03553},
  doi          = {10.48550/ARXIV.2405.03553},
  eprinttype    = {arXiv},
  eprint       = {2405.03553},
  timestamp    = {Fri, 07 Jun 2024 15:57:24 +0200},
  biburl       = {https://dblp.org/rec/journals/corr/abs-2405-03553.bib},
  bibsource    = {dblp computer science bibliography, https://dblp.org}
}

@article{DBLP:journals/corr/abs-2406-06592,
  author       = {Liangchen Luo and
                  Yinxiao Liu and
                  Rosanne Liu and
                  Samrat Phatale and
                  Harsh Lara and
                  Yunxuan Li and
                  Lei Shu and
                  Yun Zhu and
                  Lei Meng and
                  Jiao Sun and
                  Abhinav Rastogi},
  title        = {Improve Mathematical Reasoning in Language Models by Automated Process
                  Supervision},
  journal      = {CoRR},
  volume       = {abs/2406.06592},
  year         = {2024},
  url          = {https://doi.org/10.48550/arXiv.2406.06592},
  doi          = {10.48550/ARXIV.2406.06592},
  eprinttype    = {arXiv},
  eprint       = {2406.06592},
  timestamp    = {Sun, 19 Jan 2025 13:42:17 +0100},
  biburl       = {https://dblp.org/rec/journals/corr/abs-2406-06592.bib},
  bibsource    = {dblp computer science bibliography, https://dblp.org}
}

@article{DBLP:journals/corr/abs-2407-13690,
  author       = {Yuxuan Tong and
                  Xiwen Zhang and
                  Rui Wang and
                  Ruidong Wu and
                  Junxian He},
  title        = {DART-Math: Difficulty-Aware Rejection Tuning for Mathematical Problem-Solving},
  journal      = {CoRR},
  volume       = {abs/2407.13690},
  year         = {2024},
  url          = {https://doi.org/10.48550/arXiv.2407.13690},
  doi          = {10.48550/ARXIV.2407.13690},
  eprinttype    = {arXiv},
  eprint       = {2407.13690},
  timestamp    = {Thu, 22 Aug 2024 15:43:21 +0200},
  biburl       = {https://dblp.org/rec/journals/corr/abs-2407-13690.bib},
  bibsource    = {dblp computer science bibliography, https://dblp.org}
}

@article{feng2023alphazero,
  title={Alphazero-like tree-search can guide large language model decoding and training},
  author={Feng, Xidong and Wan, Ziyu and Wen, Muning and McAleer, Stephen Marcus and Wen, Ying and Zhang, Weinan and Wang, Jun},
  journal={arXiv preprint arXiv:2309.17179},
  year={2023}
}

@article{hao2023reasoning,
  title={Reasoning with language model is planning with world model},
  author={Hao, Shibo and Gu, Yi and Ma, Haodi and Hong, Joshua Jiahua and Wang, Zhen and Wang, Daisy Zhe and Hu, Zhiting},
  journal={arXiv preprint arXiv:2305.14992},
  year={2023}
}

@article{neal2003slice,
  title={Slice sampling},
  author={Neal, Radford M},
  journal={The annals of statistics},
  volume={31},
  number={3},
  pages={705--767},
  year={2003},
  publisher={Institute of Mathematical Statistics}
}

@article{tian2024toward,
  title={Toward Self-Improvement of LLMs via Imagination, Searching, and Criticizing},
  author={Tian, Ye and Peng, Baolin and Song, Linfeng and Jin, Lifeng and Yu, Dian and Mi, Haitao and Yu, Dong},
  journal={arXiv preprint arXiv:2404.12253},
  year={2024}
}

@article{wang2024towards,
  title={Towards Self-Improvement of LLMs via MCTS: Leveraging Stepwise Knowledge with Curriculum Preference Learning},
  author={Wang, Xiyao and Song, Linfeng and Tian, Ye and Yu, Dian and Peng, Baolin and Mi, Haitao and Huang, Furong and Yu, Dong},
  journal={arXiv preprint arXiv:2410.06508},
  year={2024}
}

@article{wei2022chain,
  title={Chain-of-thought prompting elicits reasoning in large language models},
  author={Wei, Jason and Wang, Xuezhi and Schuurmans, Dale and Bosma, Maarten and Xia, Fei and Chi, Ed and Le, Quoc V and Zhou, Denny and others},
  journal={Advances in neural information processing systems},
  volume={35},
  pages={24824--24837},
  year={2022}
}

@article{xie2024monte,
  title={Monte Carlo Tree Search Boosts Reasoning via Iterative Preference Learning},
  author={Xie, Yuxi and Goyal, Anirudh and Zheng, Wenyue and Kan, Min-Yen and Lillicrap, Timothy P and Kawaguchi, Kenji and Shieh, Michael},
  journal={arXiv preprint arXiv:2405.00451},
  year={2024}
}

@article{yao2024tree,
  title={Tree of thoughts: Deliberate problem solving with large language models},
  author={Yao, Shunyu and Yu, Dian and Zhao, Jeffrey and Shafran, Izhak and Griffiths, Tom and Cao, Yuan and Narasimhan, Karthik},
  journal={Advances in Neural Information Processing Systems},
  volume={36},
  year={2024}
}

@misc{yuan2023scalingrelationshiplearningmathematical,
      title={Scaling Relationship on Learning Mathematical Reasoning with Large Language Models}, 
      author={Zheng Yuan and Hongyi Yuan and Chengpeng Li and Guanting Dong and Keming Lu and Chuanqi Tan and Chang Zhou and Jingren Zhou},
      year={2023},
      eprint={2308.01825},
      archivePrefix={arXiv},
      primaryClass={cs.CL},
      url={https://arxiv.org/abs/2308.01825}, 
}

@article{zhang2024accessing,
  title={Accessing gpt-4 level mathematical olympiad solutions via monte carlo tree self-refine with llama-3 8b},
  author={Zhang, Di and Huang, Xiaoshui and Zhou, Dongzhan and Li, Yuqiang and Ouyang, Wanli},
  journal={arXiv preprint arXiv:2406.07394},
  year={2024}
}

@article{zhang2024rest,
  title={Rest-mcts*: Llm self-training via process reward guided tree search},
  author={Zhang, Dan and Zhoubian, Sining and Hu, Ziniu and Yue, Yisong and Dong, Yuxiao and Tang, Jie},
  journal={arXiv preprint arXiv:2406.03816},
  year={2024}
}

