@inproceedings{aprlisbon,
  title={BUGFIX: towards a common language and framework for the AutomaticProgram Repair community},
  author={Meyer, Bertrand and Kananchuk, Viktoryia and Huang, Li},
  booktitle={APR Workshop at ICSE 2024 (International Conference on Software Engineering), Lisbon, 14-20 April 2024},
  year={2024},
  organization={ACM and IEEE},
  url= {https://arxiv.org/abs/2402.14471}
}

@inproceedings{biswas2019boa,
  title={Boa meets python: A boa dataset of data science software in python language},
  author={Biswas, Sumon and Islam, Md Johirul and Huang, Yijia and Rajan, Hridesh},
  booktitle={2019 IEEE/ACM 16th International Conference on Mining Software Repositories (MSR)},
  pages={577--581},
  year={2019},
  organization={IEEE}
}

@inproceedings{campos2017common,
  title={Common bug-fix patterns: A large-scale observational study},
  author={Campos, Eduardo Cunha and de Almeida Maia, Marcelo},
  booktitle={2017 ACM/IEEE International Symposium on Empirical Software Engineering and Measurement (ESEM)},
  pages={404--413},
  year={2017},
  organization={IEEE}
}

@article{catolino2019not,
  title={Not all bugs are the same: Understanding, characterizing, and classifying bug types},
  author={Catolino, Gemma and Palomba, Fabio and Zaidman, Andy and Ferrucci, Filomena},
  journal={Journal of Systems and Software},
  volume={152},
  pages={165--181},
  year={2019},
  publisher={Elsevier}
}

@article{clem2021static,
  title={Static analysis at github: An experience report},
  author={Clem, Timothy and Thomson, Patrick},
  journal={Queue},
  volume={19},
  number={4},
  pages={42--67},
  year={2021},
  publisher={ACM New York, NY, USA}
}

@article{duraes2006emulation,
  title={Emulation of software faults: A field data study and a practical approach},
  author={Duraes, Joao A and Madeira, Henrique S},
  journal={Ieee transactions on software engineering},
  volume={32},
  number={11},
  pages={849--867},
  year={2006},
  publisher={IEEE}
}

@article{dyer2015boa,
  title={Boa: Ultra-large-scale software repository and source-code mining},
  author={Dyer, Robert and Nguyen, Hoan Anh and Rajan, Hridesh and Nguyen, Tien N},
  journal={ACM Transactions on Software Engineering and Methodology (TOSEM)},
  volume={25},
  number={1},
  pages={1--34},
  year={2015},
  publisher={ACM New York, NY, USA}
}

@inproceedings{keshk2023method,
  title={Method chaining redux: an empirical study of method chaining in Java, Kotlin, and Python},
  author={Keshk, Ali M and Dyer, Robert},
  booktitle={2023 IEEE/ACM 20th International Conference on Mining Software Repositories (MSR)},
  pages={546--557},
  year={2023},
  organization={IEEE}
}

@inproceedings{latif2023comparison,
  title={Comparison of Leading Language Parsers--ANTLR, JavaCC, SableCC, Tree-sitter, Yacc, Bison},
  author={Latif, Afshan and Azam, Farooque and Anwar, Muhammad Waseem and Zafar, Amina},
  booktitle={2023 13th International Conference on Software Technology and Engineering (ICSTE)},
  pages={7--13},
  year={2023},
  organization={IEEE}
}

@inproceedings{le2022hyperast,
  title={HyperAST: Enabling efficient analysis of software histories at scale},
  author={Le Dilavrec, Quentin and Khelladi, Djamel Eddine and Blouin, Arnaud and J{\'e}z{\'e}quel, Jean-Marc},
  booktitle={Proceedings of the 37th IEEE/ACM International Conference on Automated Software Engineering},
  pages={1--12},
  year={2022}
}

@inproceedings{lin2017quixbugs,
  title={QuixBugs: A multi-lingual program repair benchmark set based on the Quixey Challenge},
  author={Lin, Derrick and Koppel, James and Chen, Angela and Solar-Lezama, Armando},
  booktitle={Proceedings Companion of the 2017 ACM SIGPLAN international conference on systems, programming, languages, and applications: software for humanity},
  pages={55--56},
  year={2017}
}

@article{livshits2005dynamine,
  title={Dynamine: finding common error patterns by mining software revision histories},
  author={Livshits, Benjamin and Zimmermann, Thomas},
  journal={ACM SIGSOFT Software Engineering Notes},
  volume={30},
  number={5},
  pages={296--305},
  year={2005},
  publisher={ACM New York, NY, USA}
}

@article{nielebock2019programmers,
  title={Programmers do not favor lambda expressions for concurrent object-oriented code},
  author={Nielebock, Sebastian and Heum{\"u}ller, Robert and Ortmeier, Frank},
  journal={Empirical Software Engineering},
  volume={24},
  pages={103--138},
  year={2019},
  publisher={Springer}
}

@article{parr1995antlr,
  title={ANTLR: A predicated-LL (k) parser generator},
  author={Parr, Terence J. and Quong, Russell W.},
  journal={Software: Practice and Experience},
  volume={25},
  number={7},
  pages={789--810},
  year={1995},
  publisher={Wiley Online Library}
}

@software{rix2024semantic,
  title={Semantic},
  version={ad281b52e3a399ff88126e3d06063c48eb245135},
  author={Rix, Rob and Vera, Josh and others},
  year={2024},
  month= may,
  publisher={GitHub},
  url={https://github.com/github/semantic/tree/ad281b52e3a399ff88126e3d06063c48eb245135}
}

@inproceedings{sigurdson2024boidae,
  title={Boidae: Your Personal Mining Platform},
  author={Sigurdson, Brian and Flint, Samuel W and Dyer, Robert},
  booktitle={Proceedings of the 2024 IEEE/ACM 46th International Conference on Software Engineering: Companion Proceedings},
  pages={40--43},
  year={2024}
}

@inproceedings{sobreira2018dissection,
  title={Dissection of a bug dataset: Anatomy of 395 patches from defects4j},
  author={Sobreira, Victor and Durieux, Thomas and Madeiral, Fernanda and Monperrus, Martin and de Almeida Maia, Marcelo},
  booktitle={2018 IEEE 25th International Conference on Software Analysis, Evolution and Reengineering (SANER)},
  pages={130--140},
  year={2018},
  organization={IEEE}
}

@inproceedings{soto2016deeper,
  title={A deeper look into bug fixes: patterns, replacements, deletions, and additions},
  author={Soto, Mauricio and Thung, Ferdian and Wong, Chu-Pan and Le Goues, Claire and Lo, David},
  booktitle={Proceedings of the 13th International Conference on Mining Software Repositories},
  pages={512--515},
  year={2016}
}

@inproceedings{sun2017empirical,
  title={An empirical study on real bugs for machine learning programs},
  author={Sun, Xiaobing and Zhou, Tianchi and Li, Gengjie and Hu, Jiajun and Yang, Hui and Li, Bin},
  booktitle={2017 24th Asia-Pacific Software Engineering Conference (APSEC)},
  pages={348--357},
  year={2017},
  organization={IEEE}
}

@software{tree-sitter,
  author       = {Max Brunsfeld and
                  Amaan Qureshi and
                  Andrew Hlynskyi and
                  Patrick Thomson and
                  Josh Vera and
                  ObserverOfTime and
                  Phil Turnbull and
                  dundargoc and
                  Timothy Clem and
                  Douglas Creager and
                  Andrew Helwer and
                  Rob Rix and
                  Daumantas Kavolis and
                  Hendrik van Antwerpen and
                  Michael Davis and
                  Ika and
                  Tuấn-Anh Nguyễn and
                  Amin Yahyaabadi and
                  Stafford Brunk and
                  Matt Massicotte and
                  bfredl and
                  Niranjan Hasabnis and
                  Christian Clason and
                  Mingkai Dong and
                  Samuel Moelius and
                  Steven Kalt and
                  Will Lillis and
                  Segev Finer and
                  Kolja},
  title        = {tree-sitter/tree-sitter: v0.23.0},
  month        = aug,
  year         = 2024,
  publisher    = {Zenodo},
  version      = {v0.23.0},
  doi          = {10.5281/zenodo.13375512},
  url          = {https://doi.org/10.5281/zenodo.13375512}
}

@article{williams2005automatic,
  title={Automatic mining of source code repositories to improve bug finding techniques},
  author={Williams, Chadd C and Hollingsworth, Jeffrey K},
  journal={IEEE Transactions on Software Engineering},
  volume={31},
  number={6},
  pages={466--480},
  year={2005},
  publisher={IEEE}
}

