@article{Deng2023omni,
  title={Omni-Seg: A Scale-Aware Dynamic Network for Renal Pathological Image Segmentation},
  author={Ruining Deng and Quan Liu and Can Cui and Tianyuan Yao and Jun Long and Zuhayr Asad},
  journal={IEEE Transactions on Biomedical Engineering},
  volume={70},
  number={9},
  pages={2636--2644},
  year={2023},
  publisher={IEEE}
}

@inproceedings{azad2021deep,
  title={Deep frequency re-calibration u-net for medical image segmentation},
  author={Azad, Reza and Bozorgpour, Afshin and Asadi-Aghbolaghi, Maryam and Merhof, Dorit and Escalera, Sergio},
  booktitle={Proceedings of the IEEE/CVF International Conference on Computer Vision},
  pages={3274--3283},
  year={2021}
}

@inproceedings{azad2022smu,
  title={SMU-Net: Style matching U-Net for brain tumor segmentation with missing modalities},
  author={Azad, Reza and Khosravi, Nika and Merhof, Dorit},
  booktitle={International Conference on Medical Imaging with Deep Learning},
  pages={48--62},
  year={2022},
  organization={PMLR}
}

@article{bouteldja2021deep,
  title={Deep learning--based segmentation and quantification in experimental kidney histopathology},
  author={Bouteldja, Nassim and Klinkhammer, Barbara M and B{\"u}low, Roman D and Droste, Patrick and Otten, Simon W and Von Stillfried, Saskia Freifrau and Moellmann, Julia and Sheehan, Susan M and Korstanje, Ron and Menzel, Sylvia and others},
  journal={Journal of the American Society of Nephrology},
  volume={32},
  number={1},
  pages={52--68},
  year={2021},
  publisher={LWW}
}

@article{bueno2020glomerulosclerosis,
  title={Glomerulosclerosis identification in whole slide images using semantic segmentation},
  author={Bueno, Gloria and Fernandez-Carrobles, M Milagro and Gonzalez-Lopez, Lucia and Deniz, Oscar},
  journal={Computer methods and programs in biomedicine},
  volume={184},
  pages={105273},
  year={2020},
  publisher={Elsevier}
}

@article{fan2020ma,
  title={Ma-net: A multi-scale attention network for liver and tumor segmentation},
  author={Fan, Tongle and Wang, Guanglei and Li, Yan and Wang, Hongrui},
  journal={IEEE Access},
  volume={8},
  pages={179656--179665},
  year={2020},
  publisher={IEEE}
}

@article{feng2023artificial,
  title={Artificial intelligence in renal pathology: current status and future},
  author={Feng, Chunyue and Liu, Fei},
  journal={Biomolecules and Biomedicine},
  volume={23},
  number={2},
  pages={225},
  year={2023},
  publisher={Association of Basic Medical Sciences of Federation of Bosnia and Herzegovina}
}

@inproceedings{guo2021sa,
  title={Sa-unet: Spatial attention u-net for retinal vessel segmentation},
  author={Guo, Changlu and Szemenyei, M{\'a}rton and Yi, Yugen and Wang, Wenle and Chen, Buer and Fan, Changqi},
  booktitle={2020 25th international conference on pattern recognition (ICPR)},
  pages={1236--1242},
  year={2021},
  organization={IEEE}
}

@article{hara2022evaluating,
  title={Evaluating tubulointerstitial compartments in renal biopsy specimens using a deep learning-based approach for classifying normal and abnormal tubules},
  author={Hara, Satoshi and Haneda, Emi and Kawakami, Masaki and Morita, Kento and Nishioka, Ryo and Zoshima, Takeshi and Kometani, Mitsuhiro and Yoneda, Takashi and Kawano, Mitsuhiro and Karashima, Shigehiro and others},
  journal={PloS one},
  volume={17},
  number={7},
  pages={e0271161},
  year={2022},
  publisher={Public Library of Science San Francisco, CA USA}
}

@article{lutnick2019integrated,
  title={An integrated iterative annotation technique for easing neural network training in medical image analysis},
  author={Lutnick, Brendon and Ginley, Brandon and Govind, Darshana and McGarry, Sean D and LaViolette, Peter S and Yacoub, Rabi and Jain, Sanjay and Tomaszewski, John E and Jen, Kuang-Yu and Sarder, Pinaki},
  journal={Nature machine intelligence},
  volume={1},
  number={2},
  pages={112--119},
  year={2019},
  publisher={Nature Publishing Group UK London}
}

@article{oktay2018attention,
  title={Attention u-net: Learning where to look for the pancreas},
  author={Oktay, Ozan and Schlemper, Jo and Folgoc, Loic Le and Lee, Matthew and Heinrich, Mattias and Misawa, Kazunari and Mori, Kensaku and McDonagh, Steven and Hammerla, Nils Y and Kainz, Bernhard and others},
  journal={arXiv preprint arXiv:1804.03999},
  year={2018}
}

@article{salvi2021automated,
  title={Automated assessment of glomerulosclerosis and tubular atrophy using deep learning},
  author={Salvi, Massimo and Mogetta, Alessandro and Gambella, Alessandro and Molinaro, Luca and Barreca, Antonella and Papotti, Mauro and Molinari, Filippo},
  journal={Computerized Medical Imaging and Graphics},
  volume={90},
  pages={101930},
  year={2021},
  publisher={Elsevier}
}

@inproceedings{zhou2018unet++,
  title={Unet++: A nested u-net architecture for medical image segmentation},
  author={Zhou, Zongwei and Rahman Siddiquee, Md Mahfuzur and Tajbakhsh, Nima and Liang, Jianming},
  booktitle={Deep Learning in Medical Image Analysis and Multimodal Learning for Clinical Decision Support: 4th International Workshop, DLMIA 2018, and 8th International Workshop, ML-CDS 2018, Held in Conjunction with MICCAI 2018, Granada, Spain, September 20, 2018, Proceedings 4},
  pages={3--11},
  year={2018},
  organization={Springer}
}

