@article{mounier2002cortical,
  title={Cortical thickness: an early morphological marker of atherosclerotic renal disease},
  author={Mounier-Vehier, Claire and Lions, Christophe and Devos, Patrick and Jaboureck, Olivier and Willoteaux, Serge and Carre, Alain and Beregi, Jean-Paul},
  journal={Kidney international},
  volume={61},
  number={2},
  pages={591--598},
  year={2002},
  publisher={Elsevier}
}


@article{jimenez2006mast,
  title={Mast cell quantification in normal peritoneum and during peritoneal dialysis treatment},
  author={Jim{\'e}nez-Heffernan, Jos{\'e}A and Bajo, M Auxiliadora and Perna, Cristian and del Peso, Gloria and Larrubia, Juan R and Gamallo, Carlos and S{\'a}nchez-Tomero, Jos{\'e}A and L{\'o}pez-Cabrera, Manuel and Selgas, Rafael},
  journal={Archives of pathology \& laboratory medicine},
  volume={130},
  number={8},
  pages={1188--1192},
  year={2006}
}

@inproceedings{cciccek20163d,
  title={3D U-Net: learning dense volumetric segmentation from sparse annotation},
  author={{\c{C}}i{\c{c}}ek, {\"O}zg{\"u}n and Abdulkadir, Ahmed and Lienkamp, Soeren S and Brox, Thomas and Ronneberger, Olaf},
  booktitle={Medical Image Computing and Computer-Assisted Intervention--MICCAI 2016: 19th International Conference, Athens, Greece, October 17-21, 2016, Proceedings, Part II 19},
  pages={424--432},
  year={2016},
  organization={Springer}
}

@inproceedings{xiao2018weighted,
  title={Weighted res-unet for high-quality retina vessel segmentation},
  author={Xiao, Xiao and Lian, Shen and Luo, Zhiming and Li, Shaozi},
  booktitle={2018 9th international conference on information technology in medicine and education (ITME)},
  pages={327--331},
  year={2018},
  organization={IEEE}
}


@article{bueno2020glomerulosclerosis,
  title={Glomerulosclerosis identification in whole slide images using semantic segmentation},
  author={Bueno, Gloria and Fernandez-Carrobles, M Milagro and Gonzalez-Lopez, Lucia and Deniz, Oscar},
  journal={Computer methods and programs in biomedicine},
  volume={184},
  pages={105273},
  year={2020},
  publisher={Elsevier}
}


@article{deng2021omni,
  title={Omni-seg: A single dynamic network for multi-label renal pathology image segmentation using partially labeled data},
  author={Deng, Ruining and Liu, Quan and Cui, Can and Asad, Zuhayr and Yang, Haichun and Huo, Yuankai},
  journal={arXiv preprint arXiv:2112.12665},
  year={2021}
}


@article{salvi2020karpinski,
  title={Karpinski score under digital investigation: a fully automated segmentation algorithm to identify vascular and stromal injury of Donors’ Kidneys},
  author={Salvi, Massimo and Mogetta, Alessandro and Meiburger, Kristen M and Gambella, Alessandro and Molinaro, Luca and Barreca, Antonella and Papotti, Mauro and Molinari, Filippo},
  journal={Electronics},
  volume={9},
  number={10},
  pages={1644},
  year={2020},
  publisher={MDPI}
}

@inproceedings{hatamizadeh2021swin,
  title={Swin unetr: Swin transformers for semantic segmentation of brain tumors in mri images},
  author={Hatamizadeh, Ali and Nath, Vishwesh and Tang, Yucheng and Yang, Dong and Roth, Holger R and Xu, Daguang},
  booktitle={International MICCAI brainlesion workshop},
  pages={272--284},
  year={2021},
  organization={Springer}
}

@ARTICLE{Omni-seg,
  author={Deng, Ruining and Liu, Quan and Cui, Can and Yao, Tianyuan and Long, Jun and Asad, Zuhayr and Womick, R. Michael and Zhu, Zheyu and Fogo, Agnes B. and Zhao, Shilin and Yang, Haichun and Huo, Yuankai},
  journal={IEEE Transactions on Biomedical Engineering}, 
  title={Omni-Seg: A Scale-Aware Dynamic Network for Renal Pathological Image Segmentation}, 
  year={2023},
  volume={70},
  number={9},
  pages={2636-2644},
  keywords={Image segmentation;Pathology;Neural networks;Task analysis;Head;Kidney;Image coding;Renal pathology;image segmentation;multi-label;multi-scale;semi-supervised learning},
  doi={10.1109/TBME.2023.3260739}}

@article{lutnick2019integrated,
  title={An integrated iterative annotation technique for easing neural network training in medical image analysis},
  author={Lutnick, Brendon and Ginley, Brandon and Govind, Darshana and McGarry, Sean D and LaViolette, Peter S and Yacoub, Rabi and Jain, Sanjay and Tomaszewski, John E and Jen, Kuang-Yu and Sarder, Pinaki},
  journal={Nature machine intelligence},
  volume={1},
  number={2},
  pages={112--119},
  year={2019},
  publisher={Nature Publishing Group UK London}
}

@article{jayapandian2021development,
  title={Development and evaluation of deep learning--based segmentation of histologic structures in the kidney cortex with multiple histologic stains},
  author={Jayapandian, Catherine P and Chen, Yijiang and Janowczyk, Andrew R and Palmer, Matthew B and Cassol, Clarissa A and Sekulic, Miroslav and Hodgin, Jeffrey B and Zee, Jarcy and Hewitt, Stephen M and O’Toole, John and others},
  journal={Kidney international},
  volume={99},
  number={1},
  pages={86--101},
  year={2021},
  publisher={Elsevier}
}

@inproceedings{butoi2023universeg,
  title={Universeg: Universal medical image segmentation},
  author={Butoi, Victor Ion and Ortiz, Jose Javier Gonzalez and Ma, Tianyu and Sabuncu, Mert R and Guttag, John and Dalca, Adrian V},
  booktitle={Proceedings of the IEEE/CVF International Conference on Computer Vision},
  pages={21438--21451},
  year={2023}
}


@article{huo2021ai,
  title={AI applications in renal pathology},
  author={Huo, Yuankai and Deng, Ruining and Liu, Quan and Fogo, Agnes B and Yang, Haichun},
  journal={Kidney international},
  volume={99},
  number={6},
  pages={1309--1320},
  year={2021},
  publisher={Elsevier}
}

@article{gomes2021building,
  title={Building robust pathology image analyses with uncertainty quantification},
  author={Gomes, Jeremias and Kong, Jun and Kurc, Tahsin and Melo, Alba CMA and Ferreira, Renato and Saltz, Joel H and Teodoro, George},
  journal={Computer Methods and Programs in Biomedicine},
  volume={208},
  pages={106291},
  year={2021},
  publisher={Elsevier}
}

@article{marti2021digital,
  title={Digital pathology: accurate technique for quantitative assessment of histological features in metabolic-associated fatty liver disease},
  author={Marti-Aguado, David and Rodr{\'\i}guez-Ortega, Alejandro and Mestre-Alagarda, Claudia and Bauza, M{\'o}nica and Valero-P{\'e}rez, Elena and Alfaro-Cervello, Clara and Benlloch, Salvador and P{\'e}rez-Rojas, Judith and Ferr{\'a}ndez, Antonio and Alemany-Monraval, Pilar and others},
  journal={Alimentary Pharmacology \& Therapeutics},
  volume={53},
  number={1},
  pages={160--171},
  year={2021},
  publisher={Wiley Online Library}
}

@article{he2020dense,
  title={Dense biased networks with deep priori anatomy and hard region adaptation: Semi-supervised learning for fine renal artery segmentation},
  author={He, Yuting and Yang, Guanyu and Yang, Jian and Chen, Yang and Kong, Youyong and Wu, Jiasong and Tang, Lijun and Zhu, Xiaomei and Dillenseger, Jean-Louis and Shao, Pengfei and others},
  journal={Medical image analysis},
  volume={63},
  pages={101722},
  year={2020},
  publisher={Elsevier}
}

@article{lutnick2021mo077,
  title={MO077 AUTOMATIC SEGMENTATION OF ARTERIES, ARTERIOLES AND GLOMERULI IN NATIVE BIOPSIES WITH THROMBOTIC MICROANGIOPATHY AND OTHER VASCULAR DISEASES},
  author={Lutnick, Brendon and Moos, Katharina and Seshan, Surya V and Kers, Jesper and Roelofs, Joris and Hellmich, Martin and Sciascia, Savino and Cicalese, Pietro Antonio and Ginley, Brandon and Sarder, Pinaki and others},
  journal={Nephrology Dialysis Transplantation},
  volume={36},
  number={Supplement\_1},
  pages={gfab078--0013},
  year={2021},
  publisher={Oxford University Press}
}

@article{xu2023hybrid,
  title={A hybrid approach to full-scale reconstruction of renal arterial network},
  author={Xu, Peidi and Holstein-Rathlou, Niels-Henrik and S{\o}gaard, Stinne Byrholdt and Gundlach, Carsten and S{\o}rensen, Charlotte Mehlin and Erleben, Kenny and Sosnovtseva, Olga and Darkner, Sune},
  journal={Scientific Reports},
  volume={13},
  number={1},
  pages={7569},
  year={2023},
  publisher={Nature Publishing Group UK London}
}

@article{he2021meta,
  title={Meta grayscale adaptive network for 3D integrated renal structures segmentation},
  author={He, Yuting and Yang, Guanyu and Yang, Jian and Ge, Rongjun and Kong, Youyong and Zhu, Xiaomei and Zhang, Shaobo and Shao, Pengfei and Shu, Huazhong and Dillenseger, Jean-Louis and others},
  journal={Medical image analysis},
  volume={71},
  pages={102055},
  year={2021},
  publisher={Elsevier}
}

@article{Wang2022An,
title={An evaluation of U-Net in Renal Structure Segmentation},
author={Haoyu Wang and Ziyan Huang and Jin Ye and Can Tu and Yuncheng Yang and Shiyi Du and Zhongying Deng and Chenglong Ma and Jingqi Niu and Junjun He},
journal={ArXiv},
year={2022},
volume={abs/2209.02247},
doi={10.48550/arXiv.2209.02247}
}

@article{oktay2018attention,
  title={Attention u-net: Learning where to look for the pancreas},
  author={Oktay, Ozan and Schlemper, Jo and Folgoc, Loic Le and Lee, Matthew and Heinrich, Mattias and Misawa, Kazunari and Mori, Kensaku and McDonagh, Steven and Hammerla, Nils Y and Kainz, Bernhard and others},
  journal={arXiv preprint arXiv:1804.03999},
  year={2018}
}

@inproceedings{huang2020unet,
  title={Unet 3+: A full-scale connected unet for medical image segmentation},
  author={Huang, Huimin and Lin, Lanfen and Tong, Ruofeng and Hu, Hongjie and Zhang, Qiaowei and Iwamoto, Yutaro and Han, Xianhua and Chen, Yen-Wei and Wu, Jian},
  booktitle={ICASSP 2020-2020 IEEE international conference on acoustics, speech and signal processing (ICASSP)},
  pages={1055--1059},
  year={2020},
  organization={IEEE}
}

@article{bellomo2012acute,
  title={Acute kidney injury},
  author={Bellomo, Rinaldo and Kellum, John A and Ronco, Claudio},
  journal={The Lancet},
  volume={380},
  number={9843},
  pages={756--766},
  year={2012},
  publisher={Elsevier}
}

@inproceedings{ronneberger2015u,
  title={U-net: Convolutional networks for biomedical image segmentation},
  author={Ronneberger, Olaf and Fischer, Philipp and Brox, Thomas},
  booktitle={Medical image computing and computer-assisted intervention--MICCAI 2015: 18th international conference, Munich, Germany, October 5-9, 2015, proceedings, part III 18},
  pages={234--241},
  year={2015},
  organization={Springer}
}

@inproceedings{cciccek20163d,
  title={3D U-Net: learning dense volumetric segmentation from sparse annotation},
  author={{\c{C}}i{\c{c}}ek, {\"O}zg{\"u}n and Abdulkadir, Ahmed and Lienkamp, Soeren S and Brox, Thomas and Ronneberger, Olaf},
  booktitle={Medical Image Computing and Computer-Assisted Intervention--MICCAI 2016: 19th International Conference, Athens, Greece, October 17-21, 2016, Proceedings, Part II 19},
  pages={424--432},
  year={2016},
  organization={Springer}
}

@inproceedings{xiao2018weighted,
  title={Weighted res-unet for high-quality retina vessel segmentation},
  author={Xiao, Xiao and Lian, Shen and Luo, Zhiming and Li, Shaozi},
  booktitle={2018 9th international conference on information technology in medicine and education (ITME)},
  pages={327--331},
  year={2018},
  organization={IEEE}
}

@inproceedings{zhou2018unet++,
  title={Unet++: A nested u-net architecture for medical image segmentation},
  author={Zhou, Zongwei and Rahman Siddiquee, Md Mahfuzur and Tajbakhsh, Nima and Liang, Jianming},
  booktitle={Deep Learning in Medical Image Analysis and Multimodal Learning for Clinical Decision Support: 4th International Workshop, DLMIA 2018, and 8th International Workshop, ML-CDS 2018, Held in Conjunction with MICCAI 2018, Granada, Spain, September 20, 2018, Proceedings 4},
  pages={3--11},
  year={2018},
  organization={Springer}
}


@article{deng2021omni,
  title={Omni-seg: A single dynamic network for multi-label renal pathology image segmentation using partially labeled data},
  author={Deng, Ruining and Liu, Quan and Cui, Can and Asad, Zuhayr and Yang, Haichun and Huo, Yuankai},
  journal={arXiv preprint arXiv:2112.12665},
  year={2021}
}


@article{matos2024cpp,
  title={CPP-UNet: Combined Pyramid Pooling Modules in the U-Net Network for Kidney, Tumor and Cyst Segmentation},
  author={Matos, Caio Eduardo Falc{\~a}o and Junior, Geraldo Braz and de Almeida, Jo{\~a}o Dallyson Sousa and de Paiva, Anselmo Cardoso},
  journal={IEEE Latin America Transactions},
  volume={22},
  number={8},
  pages={642--650},
  year={2024},
  publisher={IEEE}
}

@inproceedings{cai2022ma,
  title={Ma-unet: An improved version of unet based on multi-scale and attention mechanism for medical image segmentation},
  author={Cai, Yutong and Wang, Yong},
  booktitle={Third international conference on electronics and communication; network and computer technology (ECNCT 2021)},
  volume={12167},
  pages={205--211},
  year={2022},
  organization={SPIE}
}

@article{cao2024rasnet,
  title={RASNet: Renal automatic segmentation using an improved U-Net with multi-scale perception and attention unit},
  author={Cao, Gaoyu and Sun, Zhanquan and Wang, Chaoli and Geng, Hongquan and Fu, Hongliang and Yin, Zhong and Pan, Minlan},
  journal={Pattern Recognition},
  volume={150},
  pages={110336},
  year={2024},
  publisher={Elsevier}
}

@article{feng2023artificial,
  title={Artificial intelligence in renal pathology: current status and future},
  author={Feng, Chunyue and Liu, Fei},
  journal={Biomolecules and Biomedicine},
  volume={23},
  number={2},
  pages={225},
  year={2023},
  publisher={Association of Basic Medical Sciences of Federation of Bosnia and Herzegovina}
}

@article{hara2022evaluating,
  title={Evaluating tubulointerstitial compartments in renal biopsy specimens using a deep learning-based approach for classifying normal and abnormal tubules},
  author={Hara, Satoshi and Haneda, Emi and Kawakami, Masaki and Morita, Kento and Nishioka, Ryo and Zoshima, Takeshi and Kometani, Mitsuhiro and Yoneda, Takashi and Kawano, Mitsuhiro and Karashima, Shigehiro and others},
  journal={PloS one},
  volume={17},
  number={7},
  pages={e0271161},
  year={2022},
  publisher={Public Library of Science San Francisco, CA USA}
}

@article{salvi2021automated,
  title={Automated assessment of glomerulosclerosis and tubular atrophy using deep learning},
  author={Salvi, Massimo and Mogetta, Alessandro and Gambella, Alessandro and Molinaro, Luca and Barreca, Antonella and Papotti, Mauro and Molinari, Filippo},
  journal={Computerized Medical Imaging and Graphics},
  volume={90},
  pages={101930},
  year={2021},
  publisher={Elsevier}
}

@article{bouteldja2021deep,
  title={Deep learning--based segmentation and quantification in experimental kidney histopathology},
  author={Bouteldja, Nassim and Klinkhammer, Barbara M and B{\"u}low, Roman D and Droste, Patrick and Otten, Simon W and Von Stillfried, Saskia Freifrau and Moellmann, Julia and Sheehan, Susan M and Korstanje, Ron and Menzel, Sylvia and others},
  journal={Journal of the American Society of Nephrology},
  volume={32},
  number={1},
  pages={52--68},
  year={2021},
  publisher={LWW}
}

@inproceedings{azad2022smu,
  title={SMU-Net: Style matching U-Net for brain tumor segmentation with missing modalities},
  author={Azad, Reza and Khosravi, Nika and Merhof, Dorit},
  booktitle={International Conference on Medical Imaging with Deep Learning},
  pages={48--62},
  year={2022},
  organization={PMLR}
}

@article{fan2020ma,
  title={Ma-net: A multi-scale attention network for liver and tumor segmentation},
  author={Fan, Tongle and Wang, Guanglei and Li, Yan and Wang, Hongrui},
  journal={IEEE Access},
  volume={8},
  pages={179656--179665},
  year={2020},
  publisher={IEEE}
}

@inproceedings{guo2021sa,
  title={Sa-unet: Spatial attention u-net for retinal vessel segmentation},
  author={Guo, Changlu and Szemenyei, M{\'a}rton and Yi, Yugen and Wang, Wenle and Chen, Buer and Fan, Changqi},
  booktitle={2020 25th international conference on pattern recognition (ICPR)},
  pages={1236--1242},
  year={2021},
  organization={IEEE}
}

@inproceedings{azad2021deep,
  title={Deep frequency re-calibration u-net for medical image segmentation},
  author={Azad, Reza and Bozorgpour, Afshin and Asadi-Aghbolaghi, Maryam and Merhof, Dorit and Escalera, Sergio},
  booktitle={Proceedings of the IEEE/CVF International Conference on Computer Vision},
  pages={3274--3283},
  year={2021}
}

@article{Deng2023omni,
  title={Omni-Seg: A Scale-Aware Dynamic Network for Renal Pathological Image Segmentation},
  author={Ruining Deng and Quan Liu and Can Cui and Tianyuan Yao and Jun Long and Zuhayr Asad},
  journal={IEEE Transactions on Biomedical Engineering},
  volume={70},
  number={9},
  pages={2636--2644},
  year={2023},
  publisher={IEEE}
}
