@article{barnett1994outliers,
  title={Outliers in statistical data},
  author={Barnett, V},
  journal={John Wiley \& Sons google schola},
  volume={2},
  pages={705--708},
  year={1994}
}

@article{bergman2020deep,
  title={Deep nearest neighbor anomaly detection},
  author={Bergman, Liron and Cohen, Niv and Hoshen, Yedid},
  journal={arXiv preprint arXiv:2002.10445},
  year={2020}
}

@inproceedings{breunig2000lof,
  title={LOF: identifying density-based local outliers},
  author={Breunig, Markus M and Kriegel, Hans-Peter and Ng, Raymond T and Sander, J{\"o}rg},
  booktitle={Proceedings of the 2000 ACM SIGMOD international conference on Management of data},
  pages={93--104},
  year={2000}
}

@article{chalapathy2019deep,
  title={Deep learning for anomaly detection: A survey},
  author={Chalapathy, Raghavendra and Chawla, Sanjay},
  journal={arXiv preprint arXiv:1901.03407},
  year={2019}
}

@article{chen2019valid,
  title={Valid inference corrected for outlier removal},
  author={Chen, Shuxiao and Bien, Jacob},
  journal={Journal of Computational and Graphical Statistics},
  pages={1--12},
  year={2019},
  publisher={Taylor \& Francis}
}

@inproceedings{daikivalid,
  title={Valid P-Value for Deep Learning-driven Salient Region},
  author={Daiki, Miwa and Le Duy, Vo Nguyen and Takeuchi, Ichiro},
  booktitle={The Eleventh International Conference on Learning Representations}
}

@article{das2021fast,
title   = {Fast and More Powerful Selective Inference for Sparse High-order Interaction Model},
  author  = {Das, Diptesh and Duy, Vo Nguyen Le and Hanada, Hiroyuki and Tsuda, Koji and Takeuchi, Ichiro},
  journal = {arXiv preprint arXiv:2106.04929},
  year    = {2021}
}

@inproceedings{duy2020computing,
  title={Computing Valid p-value for Optimal Changepoint by Selective Inference using Dynamic Programming},
  author={Duy, Vo Nguyen Le and Toda, Hiroki and Sugiyama, Ryota and Takeuchi, Ichiro},
  booktitle={Advances in Neural Information Processing Systems},
  pages = {11356--11367},
  year={2020}
}

@article{duy2020quantifying,
  title={Quantifying Statistical Significance of Neural Network-based Image Segmentation by Selective Inference},
  author={Duy, Vo Nguyen Le and Iwazaki, Shogo and Takeuchi, Ichiro},
  journal={Advances in Neural Information Processing Systems},
  year={2022}
}

@article{gao2022selective,
  title     = {Selective inference for hierarchical clustering},
  author    = {Gao, Lucy L and Bien, Jacob and Witten, Daniela},
  journal   = {Journal of the American Statistical Association},
  pages     = {1--11},
  year      = {2022},
  publisher = {Taylor \& Francis}
}

@article{hyun2018exact,
  title     = {Exact post-selection inference for the generalized lasso path},
  author    = {Hyun, Sangwon and G’sell, Max and Tibshirani, Ryan J},
  journal   = {Electronic Journal of Statistics},
  volume    = {12},
  number    = {1},
  pages     = {1053--1097},
  year      = {2018},
  publisher = {Institute of Mathematical Statistics and Bernoulli Society}
}

@article{hyun2021post,
  title={Post-selection inference for changepoint detection algorithms with application to copy number variation data},
  author={Hyun, Sangwon and Lin, Kevin Z and G'Sell, Max and Tibshirani, Ryan J},
  journal={Biometrics},
  volume={77},
  number={3},
  pages={1037--1049},
  year={2021},
  publisher={Wiley Online Library}
}

@article{jewell2022testing,
  title={Testing for a change in mean after changepoint detection},
  author={Jewell, Sean and Fearnhead, Paul and Witten, Daniela},
  journal={Journal of the Royal Statistical Society Series B: Statistical Methodology},
  volume={84},
  number={4},
  pages={1082--1104},
  year={2022},
  publisher={Oxford University Press}
}

@article{katsuoka2024statistical,
  title={Statistical Test for Generated Hypotheses by Diffusion Models},
  author={Katsuoka, Teruyuki and Shiraishi, Tomohiro and Miwa, Daiki and Duy, Vo Nguyen Le and Takeuchi, Ichiro},
  journal={arXiv preprint arXiv:2402.11789},
  year={2024}
}

@inproceedings{le2024cad,
  title        = {CAD-DA: Controllable Anomaly Detection after Domain Adaptation by Statistical Inference},
  author       = {Le Duy, Vo Nguyen and Lin, Hsuan-Tien and Takeuchi, Ichiro},
  booktitle    = {International Conference on Artificial Intelligence and Statistics},
  pages        = {1828--1836},
  year         = {2024},
  organization = {PMLR}
}

@article{lee2015evaluating,
  title   = {Evaluating the statistical significance of biclusters},
  author  = {Lee, Jason D and Sun, Yuekai and Taylor, Jonathan E},
  journal = {Advances in neural information processing systems},
  volume  = {28},
  year    = {2015}
}

@inproceedings{li2021cutpaste,
  title={Cutpaste: Self-supervised learning for anomaly detection and localization},
  author={Li, Chun-Liang and Sohn, Kihyuk and Yoon, Jinsung and Pfister, Tomas},
  booktitle={Proceedings of the IEEE/CVF conference on computer vision and pattern recognition},
  pages={9664--9674},
  year={2021}
}

@inproceedings{liu2008isolation,
  title={Isolation forest},
  author={Liu, Fei Tony and Ting, Kai Ming and Zhou, Zhi-Hua},
  booktitle={2008 eighth ieee international conference on data mining},
  pages={413--422},
  year={2008},
  organization={IEEE}
}

@book{mehrotra2017anomaly,
  title={Anomaly detection},
  author={Mehrotra, Kishan G and Mohan, Chilukuri K and Huang, HuaMing and Mehrotra, Kishan G and Mohan, Chilukuri K and Huang, HuaMing},
  year={2017},
  publisher={Springer}
}

@article{miwa2024statistical,
  title={Statistical Test for Anomaly Detections by Variational Auto-Encoders},
  author={Miwa, Daiki and Shiraishi, Tomohiro and Duy, Vo Nguyen Le and Katsuoka, Teruyuki and Takeuchi, Ichiro},
  journal={arXiv preprint arXiv:2402.03724},
  year={2024}
}

@book{montgomery2020introduction,
  title={Introduction to statistical quality control},
  author={Montgomery, Douglas C},
  year={2020},
  publisher={John wiley \& sons}
}

@inproceedings{ramaswamy2000efficient,
  title={Efficient algorithms for mining outliers from large data sets},
  author={Ramaswamy, Sridhar and Rastogi, Rajeev and Shim, Kyuseok},
  booktitle={Proceedings of the 2000 ACM SIGMOD international conference on Management of data},
  pages={427--438},
  year={2000}
}

@article{rugamer2020inference,
  title     = {Inference for L 2-boosting},
  author    = {R{\"u}gamer, David and Greven, Sonja},
  journal   = {Statistics and computing},
  volume    = {30},
  number    = {2},
  pages     = {279--289},
  year      = {2020},
  publisher = {Springer}
}

@article{rugamer2022selective,
  title     = {Selective inference for additive and linear mixed models},
  author    = {R{\"u}gamer, David and Baumann, Philipp FM and Greven, Sonja},
  journal   = {Computational Statistics \& Data Analysis},
  volume    = {167},
  pages     = {107350},
  year      = {2022},
  publisher = {Elsevier}
}

@article{scholkopf2001estimating,
  title={Estimating the support of a high-dimensional distribution},
  author={Sch{\"o}lkopf, Bernhard and Platt, John C and Shawe-Taylor, John and Smola, Alex J and Williamson, Robert C},
  journal={Neural computation},
  volume={13},
  number={7},
  pages={1443--1471},
  year={2001},
  publisher={MIT Press One Rogers Street, Cambridge, MA 02142-1209, USA journals-info~…}
}

@article{shiraishi2024selective,
  title={Selective Inference for Change Point Detection by Recurrent Neural Network},
  author={Shiraishi, Tomohiro and Miwa, Daiki and Le Duy, Vo Nguyen and Takeuchi, Ichiro},
  journal={Neural Computation},
  volume={37},
  number={1},
  pages={160--192},
  year={2024},
  publisher={MIT Press 255 Main Street, 9th Floor, Cambridge, Massachusetts 02142, USA~…}
}

@InProceedings{shiraishi2024statistical,
  title = 	 {Statistical Test for Attention Maps in Vision Transformers},
  author =       {Shiraishi, Tomohiro and Miwa, Daiki and Katsuoka, Teruyuki and Duy, Vo Nguyen Le and Taji, Kouichi and Takeuchi, Ichiro},
  booktitle = 	 {Proceedings of the 41st International Conference on Machine Learning},
  year = 	 {2024},
  series = 	 {Proceedings of Machine Learning Research},
}

@inproceedings{suzumura2017selective,
  title        = {Selective inference for sparse high-order interaction models},
  author       = {Suzumura, Shinya and Nakagawa, Kazuya and Umezu, Yuta and Tsuda, Koji and Takeuchi, Ichiro},
  booktitle    = {Proceedings of the 34th International Conference on Machine Learning-Volume 70},
  pages        = {3338--3347},
  year         = {2017},
  organization = {JMLR. org}
}

@inproceedings{tanizaki2020computing,
  title     = {Computing valid p-values for image segmentation by selective inference},
  author    = {Tanizaki, Kosuke and Hashimoto, Noriaki and Inatsu, Yu and Hontani, Hidekata and Takeuchi, Ichiro},
  booktitle = {Proceedings of the IEEE/CVF Conference on Computer Vision and Pattern Recognition},
  pages     = {9553--9562},
  year      = {2020}
}

@article{tsukurimichi2022conditional,
  title={Conditional selective inference for robust regression and outlier detection using piecewise-linear homotopy continuation},
  author={Tsukurimichi, Toshiaki and Inatsu, Yu and Duy, Vo Nguyen Le and Takeuchi, Ichiro},
  journal={Annals of the Institute of Statistical Mathematics},
  volume={74},
  number={6},
  pages={1197--1228},
  year={2022},
  publisher={Springer}
}

@inproceedings{yang2016selective,
  title     = {Selective inference for group-sparse linear models},
  author    = {Yang, Fan and Barber, Rina Foygel and Jain, Prateek and Lafferty, John},
  booktitle = {Advances in Neural Information Processing Systems},
  pages     = {2469--2477},
  year      = {2016}
}

