@article{bergmann2021mvtec,
  title={The MVTec anomaly detection dataset: a comprehensive real-world dataset for unsupervised anomaly detection},
  author={Bergmann, Paul and Batzner, Kilian and Fauser, Michael and Sattlegger, David and Steger, Carsten},
  journal={International Journal of Computer Vision},
  volume={129},
  number={4},
  pages={1038--1059},
  year={2021},
  publisher={Springer}
}

@inproceedings{bergmann2019mvtec,
  title={MVTec AD--A comprehensive real-world dataset for unsupervised anomaly detection},
  author={Bergmann, Paul and Fauser, Michael and Sattlegger, David and Steger, Carsten},
  booktitle={Proceedings of the IEEE/CVF conference on computer vision and pattern recognition},
  pages={9592--9600},
  year={2019}
}

@book{mehrotra2017anomaly,
  title={Anomaly detection},
  author={Mehrotra, Kishan G and Mohan, Chilukuri K and Huang, HuaMing and Mehrotra, Kishan G and Mohan, Chilukuri K and Huang, HuaMing},
  year={2017},
  publisher={Springer}
}

@inproceedings{ramaswamy2000efficient,
  title={Efficient algorithms for mining outliers from large data sets},
  author={Ramaswamy, Sridhar and Rastogi, Rajeev and Shim, Kyuseok},
  booktitle={Proceedings of the 2000 ACM SIGMOD international conference on Management of data},
  pages={427--438},
  year={2000}
}

@inproceedings{breunig2000lof,
  title={LOF: identifying density-based local outliers},
  author={Breunig, Markus M and Kriegel, Hans-Peter and Ng, Raymond T and Sander, J{\"o}rg},
  booktitle={Proceedings of the 2000 ACM SIGMOD international conference on Management of data},
  pages={93--104},
  year={2000}
}

@article{barnett1994outliers,
  title={Outliers in statistical data},
  author={Barnett, V},
  journal={John Wiley \& Sons google schola},
  volume={2},
  pages={705--708},
  year={1994}
}

@article{chandola2009anomaly,
  title={Anomaly detection: A survey},
  author={Chandola, Varun and Banerjee, Arindam and Kumar, Vipin},
  journal={ACM computing surveys (CSUR)},
  volume={41},
  number={3},
  pages={1--58},
  year={2009},
  publisher={ACM New York, NY, USA}
}

@book{montgomery2020introduction,
  title={Introduction to statistical quality control},
  author={Montgomery, Douglas C},
  year={2020},
  publisher={John wiley \& sons}
}

@article{breiman1992little,
  title={The little bootstrap and other methods for dimensionality selection in regression: X-fixed prediction error},
  author={Breiman, Leo},
  journal={Journal of the American Statistical Association},
  volume={87},
  number={419},
  pages={738--754},
  year={1992},
  publisher={Taylor \& Francis}
}


@article{kriegeskorte2009circular,
  title={Circular analysis in systems neuroscience: the dangers of double dipping},
  author={Kriegeskorte, Nikolaus and Simmons, W Kyle and Bellgowan, Patrick SF and Baker, Chris I},
  journal={Nature neuroscience},
  volume={12},
  number={5},
  pages={535--540},
  year={2009},
  publisher={Nature Publishing Group US New York}
}

@article{benjamini2020selective,
  title={Selective inference: The silent killer of replicability},
  author={Benjamini, Yoav},
  year={2020},
}

@article{fithian2014optimal,
  title={Optimal inference after model selection},
  author={Fithian, William and Sun, Dennis and Taylor, Jonathan},
  journal={arXiv preprint arXiv:1410.2597},
  year={2014}
}

@article{taylor2015statistical,
  title={Statistical learning and selective inference},
  author={Taylor, Jonathan and Tibshirani, Robert J},
  journal={Proceedings of the National Academy of Sciences},
  volume={112},
  number={25},
  pages={7629--7634},
  year={2015},
  publisher={National Acad Sciences}
}

@article{lee2016exact,
  title={Exact post-selection inference, with application to the lasso},
  author={Lee, Jason D and Sun, Dennis L and Sun, Yuekai and Taylor, Jonathan E},
  year={2016}
}

@article{tibshirani2016exact,
  title={Exact post-selection inference for sequential regression procedures},
  author={Tibshirani, Ryan J and Taylor, Jonathan and Lockhart, Richard and Tibshirani, Robert},
  journal={Journal of the American Statistical Association},
  volume={111},
  number={514},
  pages={600--620},
  year={2016},
  publisher={Taylor \& Francis}
}

@article{duy2022more,
  title={More powerful conditional selective inference for generalized lasso by parametric programming},
  author={Duy, Vo Nguyen Le and Takeuchi, Ichiro},
  journal={The Journal of Machine Learning Research},
  volume={23},
  number={1},
  pages={13544--13580},
  year={2022},
  publisher={JMLRORG}
}

@article{chalapathy2019deep,
  title={Deep learning for anomaly detection: A survey},
  author={Chalapathy, Raghavendra and Chawla, Sanjay},
  journal={arXiv preprint arXiv:1901.03407},
  year={2019}
}

@article{bergman2020deep,
  title={Deep nearest neighbor anomaly detection},
  author={Bergman, Liron and Cohen, Niv and Hoshen, Yedid},
  journal={arXiv preprint arXiv:2002.10445},
  year={2020}
}

@inproceedings{li2021cutpaste,
  title={Cutpaste: Self-supervised learning for anomaly detection and localization},
  author={Li, Chun-Liang and Sohn, Kihyuk and Yoon, Jinsung and Pfister, Tomas},
  booktitle={Proceedings of the IEEE/CVF conference on computer vision and pattern recognition},
  pages={9664--9674},
  year={2021}
}

@article{liu2018more,
  title={More powerful post-selection inference, with application to the lasso},
  author={Liu, Keli and Markovic, Jelena and Tibshirani, Robert},
  journal={arXiv preprint arXiv:1801.09037},
  year={2018}
}

@inproceedings{sugiyama2020more,
  title={More Powerful and General Selective Inference for Stepwise Feature Selection using the Homotopy Continuation Approach},
  author={Sugiyama, Kazuya and Duy, Vo Nguyen Le and Takeuchi, Ichiro},
  booktitle={Proceedings of the 38th International Conference on Machine Learning},
  year={2021}
}

@article{katsuoka2025si4onnx,
  title={si4onnx: A Python package for Selective Inference in Deep Learning Models},
  author={Katsuoka, Teruyuki and Shiraishi, Tomohiro and Miwa, Daiki and Nishino, Shuichi and Takeuchi, Ichiro},
  journal={arXiv preprint arXiv:2501.17415},
  year={2025}
}

@article{scholkopf2001estimating,
  title={Estimating the support of a high-dimensional distribution},
  author={Sch{\"o}lkopf, Bernhard and Platt, John C and Shawe-Taylor, John and Smola, Alex J and Williamson, Robert C},
  journal={Neural computation},
  volume={13},
  number={7},
  pages={1443--1471},
  year={2001},
  publisher={MIT Press One Rogers Street, Cambridge, MA 02142-1209, USA journals-info~…}
}

@inproceedings{liu2008isolation,
  title={Isolation forest},
  author={Liu, Fei Tony and Ting, Kai Ming and Zhou, Zhi-Hua},
  booktitle={2008 eighth ieee international conference on data mining},
  pages={413--422},
  year={2008},
  organization={IEEE}
}

@article{chen2019valid,
  title={Valid inference corrected for outlier removal},
  author={Chen, Shuxiao and Bien, Jacob},
  journal={Journal of Computational and Graphical Statistics},
  pages={1--12},
  year={2019},
  publisher={Taylor \& Francis}
}

@article{tsukurimichi2022conditional,
  title={Conditional selective inference for robust regression and outlier detection using piecewise-linear homotopy continuation},
  author={Tsukurimichi, Toshiaki and Inatsu, Yu and Duy, Vo Nguyen Le and Takeuchi, Ichiro},
  journal={Annals of the Institute of Statistical Mathematics},
  volume={74},
  number={6},
  pages={1197--1228},
  year={2022},
  publisher={Springer}
}



@inproceedings{duy2020computing,
  title={Computing Valid p-value for Optimal Changepoint by Selective Inference using Dynamic Programming},
  author={Duy, Vo Nguyen Le and Toda, Hiroki and Sugiyama, Ryota and Takeuchi, Ichiro},
  booktitle={Advances in Neural Information Processing Systems},
  pages = {11356--11367},
  year={2020}
}

@article{hyun2021post,
  title={Post-selection inference for changepoint detection algorithms with application to copy number variation data},
  author={Hyun, Sangwon and Lin, Kevin Z and G'Sell, Max and Tibshirani, Ryan J},
  journal={Biometrics},
  volume={77},
  number={3},
  pages={1037--1049},
  year={2021},
  publisher={Wiley Online Library}
}

@article{jewell2022testing,
  title={Testing for a change in mean after changepoint detection},
  author={Jewell, Sean and Fearnhead, Paul and Witten, Daniela},
  journal={Journal of the Royal Statistical Society Series B: Statistical Methodology},
  volume={84},
  number={4},
  pages={1082--1104},
  year={2022},
  publisher={Oxford University Press}
}

@article{shiraishi2024selective,
  title={Selective Inference for Change Point Detection by Recurrent Neural Network},
  author={Shiraishi, Tomohiro and Miwa, Daiki and Le Duy, Vo Nguyen and Takeuchi, Ichiro},
  journal={Neural Computation},
  volume={37},
  number={1},
  pages={160--192},
  year={2024},
  publisher={MIT Press 255 Main Street, 9th Floor, Cambridge, Massachusetts 02142, USA~…}
}

@article{duy2020quantifying,
  title={Quantifying Statistical Significance of Neural Network-based Image Segmentation by Selective Inference},
  author={Duy, Vo Nguyen Le and Iwazaki, Shogo and Takeuchi, Ichiro},
  journal={Advances in Neural Information Processing Systems},
  year={2022}
}

@inproceedings{daikivalid,
  title={Valid P-Value for Deep Learning-driven Salient Region},
  author={Daiki, Miwa and Le Duy, Vo Nguyen and Takeuchi, Ichiro},
  booktitle={The Eleventh International Conference on Learning Representations}
}

@InProceedings{shiraishi2024statistical,
  title = 	 {Statistical Test for Attention Maps in Vision Transformers},
  author =       {Shiraishi, Tomohiro and Miwa, Daiki and Katsuoka, Teruyuki and Duy, Vo Nguyen Le and Taji, Kouichi and Takeuchi, Ichiro},
  booktitle = 	 {Proceedings of the 41st International Conference on Machine Learning},
  year = 	 {2024},
  series = 	 {Proceedings of Machine Learning Research},
}

@article{katsuoka2024statistical,
  title={Statistical Test for Generated Hypotheses by Diffusion Models},
  author={Katsuoka, Teruyuki and Shiraishi, Tomohiro and Miwa, Daiki and Duy, Vo Nguyen Le and Takeuchi, Ichiro},
  journal={arXiv preprint arXiv:2402.11789},
  year={2024}
}

@article{miwa2024statistical,
  title={Statistical Test for Anomaly Detections by Variational Auto-Encoders},
  author={Miwa, Daiki and Shiraishi, Tomohiro and Duy, Vo Nguyen Le and Katsuoka, Teruyuki and Takeuchi, Ichiro},
  journal={arXiv preprint arXiv:2402.03724},
  year={2024}
}

@article{lee2015evaluating,
  title   = {Evaluating the statistical significance of biclusters},
  author  = {Lee, Jason D and Sun, Yuekai and Taylor, Jonathan E},
  journal = {Advances in neural information processing systems},
  volume  = {28},
  year    = {2015}
}

@inproceedings{yang2016selective,
  title     = {Selective inference for group-sparse linear models},
  author    = {Yang, Fan and Barber, Rina Foygel and Jain, Prateek and Lafferty, John},
  booktitle = {Advances in Neural Information Processing Systems},
  pages     = {2469--2477},
  year      = {2016}
}

@inproceedings{suzumura2017selective,
  title        = {Selective inference for sparse high-order interaction models},
  author       = {Suzumura, Shinya and Nakagawa, Kazuya and Umezu, Yuta and Tsuda, Koji and Takeuchi, Ichiro},
  booktitle    = {Proceedings of the 34th International Conference on Machine Learning-Volume 70},
  pages        = {3338--3347},
  year         = {2017},
  organization = {JMLR. org}
}

@article{hyun2018exact,
  title     = {Exact post-selection inference for the generalized lasso path},
  author    = {Hyun, Sangwon and G’sell, Max and Tibshirani, Ryan J},
  journal   = {Electronic Journal of Statistics},
  volume    = {12},
  number    = {1},
  pages     = {1053--1097},
  year      = {2018},
  publisher = {Institute of Mathematical Statistics and Bernoulli Society}
}

@article{rugamer2020inference,
  title     = {Inference for L 2-boosting},
  author    = {R{\"u}gamer, David and Greven, Sonja},
  journal   = {Statistics and computing},
  volume    = {30},
  number    = {2},
  pages     = {279--289},
  year      = {2020},
  publisher = {Springer}
}

@inproceedings{tanizaki2020computing,
  title     = {Computing valid p-values for image segmentation by selective inference},
  author    = {Tanizaki, Kosuke and Hashimoto, Noriaki and Inatsu, Yu and Hontani, Hidekata and Takeuchi, Ichiro},
  booktitle = {Proceedings of the IEEE/CVF Conference on Computer Vision and Pattern Recognition},
  pages     = {9553--9562},
  year      = {2020}
}

@article{das2021fast,
title   = {Fast and More Powerful Selective Inference for Sparse High-order Interaction Model},
  author  = {Das, Diptesh and Duy, Vo Nguyen Le and Hanada, Hiroyuki and Tsuda, Koji and Takeuchi, Ichiro},
  journal = {arXiv preprint arXiv:2106.04929},
  year    = {2021}
}

@article{rugamer2022selective,
  title     = {Selective inference for additive and linear mixed models},
  author    = {R{\"u}gamer, David and Baumann, Philipp FM and Greven, Sonja},
  journal   = {Computational Statistics \& Data Analysis},
  volume    = {167},
  pages     = {107350},
  year      = {2022},
  publisher = {Elsevier}
}

@article{gao2022selective,
  title     = {Selective inference for hierarchical clustering},
  author    = {Gao, Lucy L and Bien, Jacob and Witten, Daniela},
  journal   = {Journal of the American Statistical Association},
  pages     = {1--11},
  year      = {2022},
  publisher = {Taylor \& Francis}
}

@inproceedings{le2024cad,
  title        = {CAD-DA: Controllable Anomaly Detection after Domain Adaptation by Statistical Inference},
  author       = {Le Duy, Vo Nguyen and Lin, Hsuan-Tien and Takeuchi, Ichiro},
  booktitle    = {International Conference on Artificial Intelligence and Statistics},
  pages        = {1828--1836},
  year         = {2024},
  organization = {PMLR}
}




% zzz


@article{CORTEZ2009547,
title = {Modeling wine preferences by data mining from physicochemical properties},
journal = {Decision Support Systems},
volume = {47},
number = {4},
pages = {547-553},
year = {2009},
note = {Smart Business Networks: Concepts and Empirical Evidence},
issn = {0167-9236},
doi = {https://doi.org/10.1016/j.dss.2009.05.016},
url = {https://www.sciencedirect.com/science/article/pii/S0167923609001377},
author = {Paulo Cortez and António Cerdeira and Fernando Almeida and Telmo Matos and José Reis},
keywords = {Sensory preferences, Regression, Variable selection, Model selection, Support vector machines, Neural networks},
abstract = {We propose a data mining approach to predict human wine taste preferences that is based on easily available analytical tests at the certification step. A large dataset (when compared to other studies in this domain) is considered, with white and red vinho verde samples (from Portugal). Three regression techniques were applied, under a computationally efficient procedure that performs simultaneous variable and model selection. The support vector machine achieved promising results, outperforming the multiple regression and neural network methods. Such model is useful to support the oenologist wine tasting evaluations and improve wine production. Furthermore, similar techniques can help in target marketing by modeling consumer tastes from niche markets.}
}

@article{yeh1998modeling,
  title={Modeling of strength of high-performance concrete using artificial neural networks},
  author={Yeh, I-C},
  journal={Cement and Concrete research},
  volume={28},
  number={12},
  pages={1797--1808},
  year={1998},
  publisher={Elsevier}
}

@article{pace1997sparse,
  title={Sparse spatial autoregressions},
  author={Pace, R Kelley and Barry, Ronald},
  journal={Statistics \& Probability Letters},
  volume={33},
  number={3},
  pages={291--297},
  year={1997},
  publisher={Elsevier}
}

@article{baydin2018automatic,
  title={Automatic differentiation in machine learning: a survey},
  author={Baydin, Atilim Gunes and Pearlmutter, Barak A and Radul, Alexey Andreyevich and Siskind, Jeffrey Mark},
  journal={Journal of Marchine Learning Research},
  volume={18},
  pages={1--43},
  year={2018},
  publisher={Microtome Publishing}
}

@inproceedings{le2021parametric,
  title={Parametric programming approach for more powerful and general lasso selective inference},
  author={Le Duy, Vo Nguyen and Takeuchi, Ichiro},
  booktitle={International conference on artificial intelligence and statistics},
  pages={901--909},
  year={2021},
  organization={PMLR}
}

@inproceedings{sugiyama2021more,
  title={More powerful and general selective inference for stepwise feature selection using homotopy method},
  author={Sugiyama, Kazuya and Le Duy, Vo Nguyen and Takeuchi, Ichiro},
  booktitle={International conference on machine learning},
  pages={9891--9901},
  year={2021},
  organization={PMLR}
}

% ============== intro ==============

@inproceedings{ribeiro2016should,
  title={" Why should I trust you?" Explaining the predictions of any classifier},
  author={Ribeiro, Marco Tulio and Singh, Sameer and Guestrin, Carlos},
  booktitle={Proceedings of the 22nd ACM SIGKDD international conference on knowledge discovery and data mining},
  pages={1135--1144},
  year={2016}
}


@article{bach2015pixel,
  title={On pixel-wise explanations for non-linear classifier decisions by layer-wise relevance propagation},
  author={Bach, Sebastian and Binder, Alexander and Montavon, Gr{\'e}goire and Klauschen, Frederick and M{\"u}ller, Klaus-Robert and Samek, Wojciech},
  journal={PloS one},
  volume={10},
  number={7},
  pages={e0130140},
  year={2015},
  publisher={Public Library of Science}
}

@article{doshi2017towards,
  title={Towards a rigorous science of interpretable machine learning},
  author={Doshi-Velez, Finale and Kim, Been},
  journal={arXiv preprint arXiv:1702.08608},
  year={2017}
}



@article{otsu1979threshold,
  title={A threshold selection method from gray-level histograms},
  author={Otsu, Nobuyuki},
  journal={IEEE transactions on systems, man, and cybernetics},
  volume={9},
  number={1},
  pages={62--66},
  year={1979},
  publisher={IEEE}
}


@article{dhanachandra2015image,
  title={Image segmentation using K-means clustering algorithm and subtractive clustering algorithm},
  author={Dhanachandra, Nameirakpam and Manglem, Khumanthem and Chanu, Yambem Jina},
  journal={Procedia Computer Science},
  volume={54},
  pages={764--771},
  year={2015},
  publisher={Elsevier}
}


@article{nock2004statistical,
  title={Statistical region merging},
  author={Nock, Richard and Nielsen, Frank},
  journal={IEEE Transactions on pattern analysis and machine intelligence},
  volume={26},
  number={11},
  pages={1452--1458},
  year={2004},
  publisher={IEEE}
}



@article{boykov2006graph,
  title={Graph cuts and efficient ND image segmentation},
  author={Boykov, Yuri and Funka-Lea, Gareth},
  journal={International journal of computer vision},
  volume={70},
  number={2},
  pages={109--131},
  year={2006},
  publisher={Springer}
}


@inproceedings{boykov2001interactive,
  title={Interactive graph cuts for optimal boundary \& region segmentation of objects in ND images},
  author={Boykov, Yuri Y and Jolly, M-P},
  booktitle={Proceedings eighth IEEE international conference on computer vision. ICCV 2001},
  volume={1},
  pages={105--112},
  year={2001},
  organization={IEEE}
}


@inproceedings{long2015fully,
  title={Fully convolutional networks for semantic segmentation},
  author={Long, Jonathan and Shelhamer, Evan and Darrell, Trevor},
  booktitle={Proceedings of the IEEE conference on computer vision and pattern recognition},
  pages={3431--3440},
  year={2015}
}



@article{badrinarayanan2017segnet,
  title={Segnet: A deep convolutional encoder-decoder architecture for image segmentation},
  author={Badrinarayanan, Vijay and Kendall, Alex and Cipolla, Roberto},
  journal={IEEE transactions on pattern analysis and machine intelligence},
  volume={39},
  number={12},
  pages={2481--2495},
  year={2017},
  publisher={IEEE}
}

@inproceedings{ronneberger2015u,
  title={U-net: Convolutional networks for biomedical image segmentation},
  author={Ronneberger, Olaf and Fischer, Philipp and Brox, Thomas},
  booktitle={International Conference on Medical image computing and computer-assisted intervention},
  pages={234--241},
  year={2015},
  organization={Springer}
}






% ============== SI ==============

@misc{lee2014MS,
  doi = {10.48550/ARXIV.1402.5596},
  
  url = {https://arxiv.org/abs/1402.5596},
  
  author = {Lee, Jason D and Taylor, Jonathan E},
  
  keywords = {Methodology (stat.ME), Machine Learning (cs.LG), Statistics Theory (math.ST), Machine Learning (stat.ML), FOS: Computer and information sciences, FOS: Computer and information sciences, FOS: Mathematics, FOS: Mathematics},
  
  title = {Exact Post Model Selection Inference for Marginal Screening},
  
  publisher = {arXiv},
  
  year = {2014},
  
  copyright = {arXiv.org perpetual, non-exclusive license}
}


@article{liu2018more,
  title={More powerful post-selection inference, with application to the lasso},
  author={Liu, Keli and Markovic, Jelena and Tibshirani, Robert},
  journal={arXiv preprint arXiv:1801.09037},
  year={2018}
}

@article{bachoc2014valid,
  title={Valid confidence intervals for post-model-selection predictors},
  author={Bachoc, Fran{\c{c}}ois and Leeb, Hannes and P{\"o}tscher, Benedikt M},
  journal={arXiv preprint arXiv:1412.4605},
  year={2014}
}


@article{fithian2015selective,
  title={Selective sequential model selection},
  author={Fithian, William and Taylor, Jonathan and Tibshirani, Robert and Tibshirani, Ryan},
  journal={arXiv preprint arXiv:1512.02565},
  year={2015}
}

@article{choi2017selecting,
  title={Selecting the number of principal components: Estimation of the true rank of a noisy matrix},
  author={Choi, Yunjin and Taylor, Jonathan and Tibshirani, Robert},
  journal={The Annals of Statistics},
  volume={45},
  number={6},
  pages={2590--2617},
  year={2017},
  publisher={Institute of Mathematical Statistics}
}


@article{tian2018selective,
  title={Selective inference with a randomized response},
  author={Tian, Xiaoying and Taylor, Jonathan},
  journal={The Annals of Statistics},
  volume={46},
  number={2},
  pages={679--710},
  year={2018},
  publisher={Institute of Mathematical Statistics}
}



@article{bachoc2018post,
  title={On the post selection inference constant under restricted isometry properties},
  author={Bachoc, Fran{\c{c}}ois and Blanchard, Gilles and Neuvial, Pierre},
  journal={Electronic Journal of Statistics},
  volume={12},
  number={2},
  pages={3736--3757},
  year={2018},
  publisher={The Institute of Mathematical Statistics and the Bernoulli Society}
}

@article{loftus2014significance,
  title={A significance test for forward stepwise model selection},
  author={Loftus, Joshua R and Taylor, Jonathan E},
  journal={arXiv preprint arXiv:1405.3920},
  year={2014}
}

@article{loftus2015selective,
  title={Selective inference after cross-validation},
  author={Loftus, Joshua R},
  journal={arXiv preprint arXiv:1511.08866},
  year={2015}
}

@article{panigrahi2016bayesian,
  title={Bayesian post-selection inference in the linear model},
  author={Panigrahi, Snigdha and Taylor, Jonathan and Weinstein, Asaf},
  journal={arXiv preprint arXiv:1605.08824},
  volume={28},
  year={2016}
}




% ============== posthoc ==============


@inproceedings{mahendran2015understanding,
  title={Understanding deep image representations by inverting them},
  author={Mahendran, Aravindh and Vedaldi, Andrea},
  booktitle={Proceedings of the IEEE conference on computer vision and pattern recognition},
  pages={5188--5196},
  year={2015}
}


@inproceedings{zeiler2014visualizing,
  title={Visualizing and understanding convolutional networks},
  author={Zeiler, Matthew D and Fergus, Rob},
  booktitle={European conference on computer vision},
  pages={818--833},
  year={2014},
  organization={Springer}
}

@inproceedings{dosovitskiy2016inverting,
  title={Inverting visual representations with convolutional networks},
  author={Dosovitskiy, Alexey and Brox, Thomas},
  booktitle={Proceedings of the IEEE conference on computer vision and pattern recognition},
  pages={4829--4837},
  year={2016}
}

@article{simonyan2013deep,
  title={Deep inside convolutional networks: Visualising image classification models and saliency maps},
  author={Simonyan, Karen and Vedaldi, Andrea and Zisserman, Andrew},
  journal={arXiv preprint arXiv:1312.6034},
  year={2013}
}


% ============== saliency map for discirimation ==============

@inproceedings{selvaraju2017grad,
  title={Grad-cam: Visual explanations from deep networks via gradient-based localization},
  author={Selvaraju, Ramprasaath R and Cogswell, Michael and Das, Abhishek and Vedantam, Ramakrishna and Parikh, Devi and Batra, Dhruv},
  booktitle={Proceedings of the IEEE international conference on computer vision},
  pages={618--626},
  year={2017}
}


@inproceedings{fong2017interpretable,
  title={Interpretable explanations of black boxes by meaningful perturbation},
  author={Fong, Ruth C and Vedaldi, Andrea},
  booktitle={Proceedings of the IEEE International Conference on Computer Vision},
  pages={3429--3437},
  year={2017}
}

@inproceedings{zhou2016learning,
  title={Learning deep features for discriminative localization},
  author={Zhou, Bolei and Khosla, Aditya and Lapedriza, Agata and Oliva, Aude and Torralba, Antonio},
  booktitle={Proceedings of the IEEE conference on computer vision and pattern recognition},
  pages={2921--2929},
  year={2016}
}


@inproceedings{lundberg2017unified,
  title={A unified approach to interpreting model predictions},
  author={Lundberg, Scott M and Lee, Su-In},
  booktitle={Advances in neural information processing systems},
  pages={4765--4774},
  year={2017}
}

% ============== stability issue of explanation and interpretation (by Takeuchi)  ==============

@article{kindermans2017reliability,
  title={The (un) reliability of saliency methods},
  author={Kindermans, Pieter-Jan and Hooker, Sara and Adebayo, Julius and Alber, Maximilian and Sch{\"u}tt, Kristof T and D{\"a}hne, Sven and Erhan, Dumitru and Kim, Been},
  journal={arXiv preprint arXiv:1711.00867},
  year={2017}
}

@inproceedings{ghorbani2019interpretation,
  title={Interpretation of neural networks is fragile},
  author={Ghorbani, Amirata and Abid, Abubakar and Zou, James},
  booktitle={Proceedings of the AAAI Conference on Artificial Intelligence},
  volume={33},
  pages={3681--3688},
  year={2019}
}

@inproceedings{melis2018towards,
  title={Towards robust interpretability with self-explaining neural networks},
  author={Melis, David Alvarez and Jaakkola, Tommi},
  booktitle={Advances in Neural Information Processing Systems},
  pages={7775--7784},
  year={2018}
}

@inproceedings{zhang2020interpretable,
  title={Interpretable deep learning under fire},
  author={Zhang, Xinyang and Wang, Ningfei and Shen, Hua and Ji, Shouling and Luo, Xiapu and Wang, Ting},
  booktitle={29th $\{$USENIX$\}$ Security Symposium ($\{$USENIX$\}$ Security 20)},
  year={2020}
}

@inproceedings{dombrowski2019explanations,
  title={Explanations can be manipulated and geometry is to blame},
  author={Dombrowski, Ann-Kathrin and Alber, Maximillian and Anders, Christopher and Ackermann, Marcel and M{\"u}ller, Klaus-Robert and Kessel, Pan},
  booktitle={Advances in Neural Information Processing Systems},
  pages={13589--13600},
  year={2019}
}

@inproceedings{heo2019fooling,
  title={Fooling neural network interpretations via adversarial model manipulation},
  author={Heo, Juyeon and Joo, Sunghwan and Moon, Taesup},
  booktitle={Advances in Neural Information Processing Systems},
  pages={2925--2936},
  year={2019}
}

% ============== p-hacking (by Takeuchi)  ==============

@article{ioannidis2005most,
  title={Why most published research findings are false},
  author={Ioannidis, John PA},
  journal={PLoS medicine},
  volume={2},
  number={8},
  pages={e124},
  year={2005},
  publisher={Public Library of Science}
}

@article{head2015extent,
  title={The extent and consequences of p-hacking in science},
  author={Head, Megan L and Holman, Luke and Lanfear, Rob and Kahn, Andrew T and Jennions, Michael D},
  journal={PLoS Biol},
  volume={13},
  number={3},
  pages={e1002106},
  year={2015},
  publisher={Public Library of Science}
}


@misc{wasserstein2016asa,
  title={The ASA statement on p-values: context, process, and purpose},
  author={Wasserstein, Ronald L and Lazar, Nicole A},
  year={2016},
  publisher={Taylor \& Francis}
}


@article{buda2019association,
  title={Association of genomic subtypes of lower-grade gliomas with shape features automatically extracted by a deep learning algorithm},
  author={Buda, Mateusz and Saha, Ashirbani and Mazurowski, Maciej A},
  journal={Computers in biology and medicine},
  volume={109},
  pages={218--225},
  year={2019},
  publisher={Elsevier}
}


@article{duy2021more,
  title={More Powerful Conditional Selective Inference for Generalized Lasso by Parametric Programming},
  author={Duy, Vo Nguyen Le and Takeuchi, Ichiro},
  journal={arXiv preprint arXiv:2105.04920},
  year={2021}
}

@article{sugiyama2021valid,
  title={Valid and Exact Statistical Inference for Multi-dimensional Multiple Change-Points by Selective Inference},
  author={Sugiyama, Ryota and Toda, Hiroki and Duy, Vo Nguyen Le and Inatsu, Yu and Takeuchi, Ichiro},
  journal={arXiv preprint arXiv:2110.08989},
  year={2021}
}



@article{duy2022exact,
  title={Exact Statistical Inference for Time Series Similarity using Dynamic Time Warping by Selective Inference},
  author={Duy, Vo Nguyen Le and Takeuchi, Ichiro},
  journal={arXiv preprint arXiv:2202.06593},
  year={2022}
}

@inproceedings{burns2020interpreting,
  title={Interpreting black box models via hypothesis testing},
  author={Burns, Collin and Thomason, Jesse and Tansey, Wesley},
  booktitle={Proceedings of the 2020 ACM-IMS on Foundations of Data Science Conference},
  pages={47--57},
  year={2020}
}

@article{angelopoulos2021learn,
  title={Learn then test: Calibrating predictive algorithms to achieve risk control},
  author={Angelopoulos, Anastasios N and Bates, Stephen and Cand{\`e}s, Emmanuel J and Jordan, Michael I and Lei, Lihua},
  journal={arXiv preprint arXiv:2110.01052},
  year={2021}
}

@article{liao2002use,
  title={Use of k-nearest neighbor classifier for intrusion detection},
  author={Liao, Yihua and Vemuri, V Rao},
  journal={Computers \& security},
  volume={21},
  number={5},
  pages={439--448},
  year={2002},
  publisher={Elsevier}
}

@article{he2007fault,
  title={Fault detection using the k-nearest neighbor rule for semiconductor manufacturing processes},
  author={He, Q Peter and Wang, Jin},
  journal={IEEE transactions on semiconductor manufacturing},
  volume={20},
  number={4},
  pages={345--354},
  year={2007},
  publisher={IEEE}
}



