@inproceedings{desai2013impact,
  author = {Desai, Munjal and Kaniarasu, Poornima and Medvedev, Mikhail and Steinfeld, Aaron and Yanco, Holly},
  title = {Impact of robot failures and feedback on real-time trust},
  booktitle = {Proceedings of the 8th ACM/IEEE international conference on Human-robot interaction},
  pages = {251--258},
  year = {2013}
}

@inproceedings{kwon2018expressing,
  author = {Kwon, Minae and Huang, Sandy H. and Dragan, Anca D.},
  title = {Expressing robot incapability},
  booktitle = {Proceedings of the 2018 ACM/IEEE International Conference on Human-Robot Interaction},
  pages = {87--95},
  year = {2018}
}

@inproceedings{liu2023reflect,
  author = {Liu, Zeyi and Bahety, Arpit and Song, Shuran},
  title = {REFLECT: Summarizing Robot Experiences for Failure Explanation and Correction},
  booktitle = {Conference on Robot Learning (CoRL)},
  year = {2023}
}

@article{mirnig2017understanding,
  author = {Mirnig, Nicole and Stollnberger, Gerald and Miksch, Markus and Stadler, Susanne and Giuliani, Manuel and Tscheligi, Manfred},
  title = {To err is robot: How humans assess and act toward an erroneous social robot},
  journal = {Frontiers in Robotics and AI},
  volume = {4},
  pages = {21},
  year = {2017}
}

@inproceedings{salem2015err,
  author = {Salem, Maha and Lakatos, Gabriella and Amirabdollahian, Farshid and Dautenhahn, Kerstin},
  title = {Would you trust a (faulty) robot? Effects of error, task type and personality on human-robot cooperation and trust},
  booktitle = {2015 10th ACM/IEEE International Conference on Human-Robot Interaction (HRI)},
  pages = {1--8},
  year = {2015}
}

@inproceedings{spitale2024err,
  author = {Spitale, Micol and others}

@inproceedings{stiber2023react,
  author = {Stiber, Marius and Zhao, Fangkai and Lohan, Katrin Solveig},
  title = {REACT: A Dataset for Robot Error Analysis and Correction Through Human-Robot Interaction},
  booktitle = {Proceedings of the 2023 ACM/IEEE International Conference on Human-Robot Interaction},
  year = {2023}
}

@article{tabrez2019reactive,
  author = {Tabrez, Aaquib and Luebbers, Matthew B. and Hayes, Bradley},
  title = {A survey of mental modeling techniques in humanâ€“robot teaming},
  journal = {Current Robotics Reports},
  volume = {1},
  number = {4},
  pages = {259--267},
  year = {2019}
}

@inproceedings{thielstrom2020generating,
  author = {Thielstrom, Ryan and Roque, Antonio and Chita-Tegmark, Meia and Scheutz, Matthias},
  title = {Generating explanations of action failures in a cognitive robotic architecture},
  booktitle = {Proceedings of the 2nd Workshop on Interactive Natural Language Technology for Explainable Artificial Intelligence},
  pages = {67--72},
  year = {2020}
}

@inproceedings{wang2016impact,
  author = {Wang, Ning and Pynadath, David V. and Hill, Susan G.},
  title = {The impact of pomdp-generated explanations on trust and performance in human-robot teams},
  booktitle = {Proceedings of the 2016 international conference on autonomous agents \& multiagent systems},
  pages = {997--1005},
  year = {2016}
}

