@ARTICLE{10816047,
  author={Chen, Weinan},
  journal={IEEE Robotics and Automation Letters}, 
  title={P2d-DO: Degeneracy Optimization for LiDAR SLAM with Point-to-distribution Detection Factors}, 
  year={2024},
  volume={},
  number={},
  pages={1-8},
  keywords={Point cloud compression;Laser radar;Feature extraction;Simultaneous localization and mapping;Accuracy;Optimization;Pose estimation;Robustness;Noise;Uncertainty;LiDAR SLAM;degeneracy detection;degeneracy optimization;accuracy and robustness improvement},
  doi={10.1109/LRA.2024.3522839}}

@article{lee2024switch,
  title={Switch-slam: Switching-based lidar-inertial-visual slam for degenerate environments},
  author={Lee, Junwoon},
  journal={IEEE Robotics and Automation Letters},
  year={2024},
  publisher={IEEE}
}

@article{li2022intensity,
  title={An intensity-augmented LiDAR-inertial SLAM for solid-state LiDARs in degenerated environments},
  author={Li, Haisong},
  journal={IEEE Transactions on Instrumentation and Measurement},
  volume={71},
  pages={1--10},
  year={2022},
  publisher={IEEE}
}

@article{tuna2023x,
  title={X-icp: Localizability-aware lidar registration for robust localization in extreme environments},
  author={Tuna, Turcan and Nubert, Julian and Nava, Yoshua and Khattak, Shehryar and Hutter, Marco},
  journal={IEEE Transactions on Robotics},
  year={2023},
  publisher={IEEE}
}

@inproceedings{zhang2016degeneracy,
  title={On degeneracy of optimization-based state estimation problems},
  author={Zhang, Ji and Kaess, Michael and Singh, Sanjiv},
  booktitle={2016 IEEE international conference on robotics and automation (ICRA)},
  pages={809--816},
  year={2016},
  organization={IEEE}
}

@inproceedings{zhang2023graph,
  title={A Graph-Based SLAM Method Assisted by Visual Marker in the Degenerate Scenes},
  author={Zhang, Jieqingxin},
  booktitle={2023 International Conference on Advanced Robotics and Mechatronics (ICARM)},
  pages={1--6},
  year={2023},
  organization={IEEE}
}

@article{zhang2024lvio,
  title={LVIO-Fusion: Tightly-Coupled LiDAR-Visual-Inertial Odometry and Mapping in Degenerate Environments},
  author={Zhang, Hongkai},
  journal={IEEE Robotics and Automation Letters},
  year={2024},
  publisher={IEEE}
}

@article{zhou2020lidar,
  title={Lidar/UWB fusion based SLAM with anti-degeneration capability},
  author={Zhou, Haoyu},
  journal={IEEE Transactions on Vehicular Technology},
  volume={70},
  number={1},
  pages={820--830},
  year={2020},
  publisher={IEEE}
}

