#camera-slam
@inproceedings{engel2014lsd,
  title={LSD-SLAM: Large-scale direct monocular SLAM},
  author={Engel, Jakob},
  booktitle={European conference on computer vision},
  pages={834--849},
  year={2014},
  organization={Springer}
}
@inproceedings{forster2014svo,
  title={SVO: Fast semi-direct monocular visual odometry},
  author={Forster, Christian},
  booktitle={2014 IEEE international conference on robotics and automation (ICRA)},
  pages={15--22},
  year={2014},
  organization={IEEE}
}
@inproceedings{pumarola2017pl,
  title={PL-SLAM: Real-time monocular visual SLAM with points and lines},
  author={Pumarola, Albert},
  booktitle={2017 IEEE international conference on robotics and automation (ICRA)},
  pages={4503--4508},
  year={2017},
  organization={IEEE}
}
@article{mur2015orb,
  title={ORB-SLAM: a versatile and accurate monocular SLAM system},
  author={Mur-Artal, Raul},
  journal={IEEE transactions on robotics},
  volume={31},
  number={5},
  pages={1147--1163},
  year={2015},
  publisher={IEEE}
}
@article{mur2017orb,
  title={Orb-slam2: An open-source slam system for monocular, stereo, and rgb-d cameras},
  author={Mur-Artal, Raul},
  journal={IEEE transactions on robotics},
  volume={33},
  number={5},
  pages={1255--1262},
  year={2017},
  publisher={IEEE}
}
@article{campos2021orb,
  title={Orb-slam3: An accurate open-source library for visual, visual--inertial, and multimap slam},
  author={Campos, Carlos},
  journal={IEEE Transactions on Robotics},
  volume={37},
  number={6},
  pages={1874--1890},
  year={2021},
  publisher={IEEE}
}

#lidar-slam
@inproceedings{zhang2014loam,
  title={LOAM: Lidar odometry and mapping in real-time.},
  author={Zhang, Ji},
  booktitle={Robotics: Science and systems},
  volume={2},
  number={9},
  pages={1--9},
  year={2014},
  organization={Berkeley, CA}
}
@inproceedings{shan2018lego,
  title={Lego-loam: Lightweight and ground-optimized lidar odometry and mapping on variable terrain},
  author={Shan, Tixiao},
  booktitle={2018 IEEE/RSJ International Conference on Intelligent Robots and Systems (IROS)},
  pages={4758--4765},
  year={2018},
  organization={IEEE}
}
@inproceedings{shan2020lio,
  title={Lio-sam: Tightly-coupled lidar inertial odometry via smoothing and mapping},
  author={Shan, Tixiao},
  booktitle={2020 IEEE/RSJ international conference on intelligent robots and systems (IROS)},
  pages={5135--5142},
  year={2020},
  organization={IEEE}
}

@inproceedings{wang2021f,
  title={F-loam: Fast lidar odometry and mapping},
  author={Wang, Han},
  booktitle={2021 IEEE/RSJ International Conference on Intelligent Robots and Systems (IROS)},
  pages={4390--4396},
  year={2021},
  organization={IEEE}
}
@INPROCEEDINGS{9981107,
  author={Zheng, Chunran},
  booktitle={2022 IEEE/RSJ International Conference on Intelligent Robots and Systems (IROS)}, 
  title={FAST-LIVO: Fast and Tightly-coupled Sparse-Direct LiDAR-Inertial-Visual Odometry}, 
  year={2022},
  volume={},
  number={},
  pages={4003-4009},
  keywords={Visualization;Laser radar;Simultaneous localization and mapping;Program processors;Image edge detection;Feature extraction;Systems support},
  doi={10.1109/IROS47612.2022.9981107}}
@article{lee2024switch,
  title={Switch-slam: Switching-based lidar-inertial-visual slam for degenerate environments},
  author={Lee, Junwoon},
  journal={IEEE Robotics and Automation Letters},
  year={2024},
  publisher={IEEE}
}
@article{tuna2023x,
  title={X-icp: Localizability-aware lidar registration for robust localization in extreme environments},
  author={Tuna, Turcan and Nubert, Julian and Nava, Yoshua and Khattak, Shehryar and Hutter, Marco},
  journal={IEEE Transactions on Robotics},
  year={2023},
  publisher={IEEE}
}
@inproceedings{zhang2016degeneracy,
  title={On degeneracy of optimization-based state estimation problems},
  author={Zhang, Ji and Kaess, Michael and Singh, Sanjiv},
  booktitle={2016 IEEE international conference on robotics and automation (ICRA)},
  pages={809--816},
  year={2016},
  organization={IEEE}
}
@article{zhou2020lidar,
  title={Lidar/UWB fusion based SLAM with anti-degeneration capability},
  author={Zhou, Haoyu},
  journal={IEEE Transactions on Vehicular Technology},
  volume={70},
  number={1},
  pages={820--830},
  year={2020},
  publisher={IEEE}
}
@ARTICLE{10816047,
  author={Chen, Weinan},
  journal={IEEE Robotics and Automation Letters}, 
  title={P2d-DO: Degeneracy Optimization for LiDAR SLAM with Point-to-distribution Detection Factors}, 
  year={2024},
  volume={},
  number={},
  pages={1-8},
  keywords={Point cloud compression;Laser radar;Feature extraction;Simultaneous localization and mapping;Accuracy;Optimization;Pose estimation;Robustness;Noise;Uncertainty;LiDAR SLAM;degeneracy detection;degeneracy optimization;accuracy and robustness improvement},
  doi={10.1109/LRA.2024.3522839}}
#kang tui hua
@article{li2022intensity,
  title={An intensity-augmented LiDAR-inertial SLAM for solid-state LiDARs in degenerated environments},
  author={Li, Haisong},
  journal={IEEE Transactions on Instrumentation and Measurement},
  volume={71},
  pages={1--10},
  year={2022},
  publisher={IEEE}
}
@article{zhang2024lvio,
  title={LVIO-Fusion: Tightly-Coupled LiDAR-Visual-Inertial Odometry and Mapping in Degenerate Environments},
  author={Zhang, Hongkai},
  journal={IEEE Robotics and Automation Letters},
  year={2024},
  publisher={IEEE}
}
@inproceedings{zhang2023graph,
  title={A Graph-Based SLAM Method Assisted by Visual Marker in the Degenerate Scenes},
  author={Zhang, Jieqingxin},
  booktitle={2023 International Conference on Advanced Robotics and Mechatronics (ICARM)},
  pages={1--6},
  year={2023},
  organization={IEEE}
}
#paticle filter SLAM
@article{montemerlo2002fastslam,
  title={FastSLAM: A Factored Solution to the Simultaneous Localization and Mapping Problem},
  author={Montemerlo, Michael},
  journal={Proc. of AAAI02},
  year={2002}
}
@article{grisetti2007improved,
  title={Improved techniques for grid mapping with rao-blackwellized particle filters},
  author={Grisetti, Giorgio},
  journal={IEEE transactions on Robotics},
  volume={23},
  number={1},
  pages={34--46},
  year={2007},
  publisher={IEEE}
}
@misc{grupp2017evo,
  title={evo: Python package for the evaluation of odometry and SLAM.},
  author={Grupp, Michael},
  howpublished={\url{https://github.com/MichaelGrupp/evo}},
  year={2017}
}


