@inproceedings{bruna2013spectral,
  title={Spectral networks and locally connected networks on graphs},
  author={Bruna, Joan and Zaremba, Wojciech and Szlam, Arthur and LeCun, Yann},
  booktitle={2nd International Conference on Learning Representations, ICLR 2014},
  year={2013},
pages={},
numpages={},
publisher={Curran Associates Inc.},
address={Red Hook; NY; United States}
}

@article{chen2020iterative,
  title={Iterative deep graph learning for graph neural networks: Better and robust node embeddings},
  author={Chen, Yu and Wu, Lingfei and Zaki, Mohammed},
  journal={Advances in Neural Information Processing Systems},
  volume={33},
  pages={19314--19326},
  year={2020}
}

@article{chen2023bias,
  title={Bias and debias in recommender system: A survey and future directions},
  author={Chen, Jiawei and Dong, Hande and Wang, Xiang and Feng, Fuli and Wang, Meng and He, Xiangnan},
  journal={ACM Transactions on Information Systems},
  volume={41},
  number={3},
  pages={1--39},
  year={2023},
  publisher={ACM New York, NY}
}

@article{defferrard2016convolutional,
  title={Convolutional neural networks on graphs with fast localized spectral filtering},
  author={Defferrard, Micha{\"e}l and Bresson, Xavier and Vandergheynst, Pierre},
  journal={Advances in Neural Information Processing Systems},
  volume={29},
  year={2016},
pages={},
numpages={},
}

@article{ding2022sketch,
  title={Sketch-GNN: Scalable graph neural networks with sublinear training complexity},
  author={Ding, Mucong and Rabbani, Tahseen and An, Bang and Wang, Evan and Huang, Furong},
  journal={Advances in Neural Information Processing Systems},
  volume={35},
  pages={2930--2943},
  year={2022}
}

@inproceedings{duan2024structural,
  title={Structural Entropy Based Graph Structure Learning for Node Classification},
  author={Duan, Liang and Chen, Xiang and Liu, Wenjie and Liu, Daliang and Yue, Kun and Li, Angsheng},
  booktitle={Proceedings of the AAAI Conference on Artificial Intelligence},
  volume={38},
  pages={8372--8379},
  year={2024},
publisher={{AAAI} Press},
address={Washington DC,USA}
}

@inproceedings{franceschi2019learning,
  title={Learning discrete structures for graph neural networks},
  author={Franceschi, Luca and Niepert, Mathias and Pontil, Massimiliano and He, Xiao},
  booktitle={International Conference on Machine Learning},
  pages={1972--1982},
  year={2019},
  organization={PMLR},
  publisher={Curran Associates Inc.},
  address={Long Beach, California, USA}
}

@article{geisler2021robustness,
  title={Robustness of graph neural networks at scale},
  author={Geisler, Simon and Schmidt, Tobias and {\c{S}}irin, Hakan and Z{\"u}gner, Daniel and Bojchevski, Aleksandar and G{\"u}nnemann, Stephan},
  journal={Advances in Neural Information Processing Systems},
  volume={34},
  pages={7637--7649},
  year={2021}
}

@inproceedings{gilmer2017neural,
  title={Neural message passing for quantum chemistry},
  author={Gilmer, Justin and Schoenholz, Samuel S and Riley, Patrick F and Vinyals, Oriol and Dahl, George E},
  booktitle={International Conference on Machine Learning},
  pages={1263--1272},
  year={2017},
  organization={PMLR},
  publisher={	
JMLR.org},
  address={Sydney NSW Australia}
}

@article{gui2024joint,
  title={Joint learning of label and environment causal independence for graph out-of-distribution generalization},
  author={Gui, Shurui and Liu, Meng and Li, Xiner and Luo, Youzhi and Ji, Shuiwang},
  journal={Advances in Neural Information Processing Systems},
  volume={36},
  year={2024}
}

@article{he2022convolutional,
  title={Convolutional neural networks on graphs with chebyshev approximation, revisited},
  author={He, Mingguo and Wei, Zhewei and Wen, Ji-Rong},
  journal={Advances in Neural Information Processing Systems},
  volume={35},
  pages={7264--7276},
  year={2022}
}

@article{hsu2022makes,
  title={What makes graph neural networks miscalibrated?},
  author={Hsu, Hans Hao-Hsun and Shen, Yuesong and Tomani, Christian and Cremers, Daniel},
  journal={Advances in Neural Information Processing Systems},
  volume={35},
  pages={13775--13786},
  year={2022}
}

@article{hullermeier2021aleatoric,
  title={Aleatoric and epistemic uncertainty in machine learning: An introduction to concepts and methods},
  author={H{\"u}llermeier, Eyke and Waegeman, Willem},
  journal={Machine learning},
  volume={110},
  number={3},
  pages={457--506},
  year={2021},
  publisher={Springer}
}

@inproceedings{in2024self,
  title={Self-Guided Robust Graph Structure Refinement},
  author={In, Yeonjun and Yoon, Kanghoon and Kim, Kibum and Shin, Kijung and Park, Chanyoung},
  booktitle={Proceedings of the ACM on Web Conference 2024},
  pages={697--708},
  year={2024},
publisher = {Association for Computing Machinery},
address = {New York, NY, USA}
}

@inproceedings{jin2020graph,
  title={Graph structure learning for robust graph neural networks},
  author={Jin, Wei and Ma, Yao and Liu, Xiaorui and Tang, Xianfeng and Wang, Suhang and Tang, Jiliang},
  booktitle={Proceedings of the 26th ACM SIGKDD International Conference on Knowledge Discovery \& Data mining},
  pages={66--74},
  year={2020},
publisher = {Association for Computing Machinery},
address = {New York, NY, USA}
}

@inproceedings{li2021dimensionwise,
  title={Dimensionwise separable 2-D graph convolution for unsupervised and semi-supervised learning on graphs},
  author={Li, Qimai and Zhang, Xiaotong and Liu, Han and Dai, Quanyu and Wu, Xiao-Ming},
  booktitle={Proceedings of the 27th ACM SIGKDD Conference on Knowledge Discovery \& Data Mining},
  pages={953--963},
  year={2021},
publisher = {Association for Computing Machinery},
address = {New York, NY, USA}
}

@inproceedings{li2022reliable,
  title={Reliable representations make a stronger defender: Unsupervised structure refinement for robust gnn},
  author={Li, Kuan and Liu, Yang and Ao, Xiang and Chi, Jianfeng and Feng, Jinghua and Yang, Hao and He, Qing},
  booktitle={Proceedings of the 28th ACM SIGKDD Conference on Knowledge Discovery and Data Mining},
  pages={925--935},
  year={2022}
}

@inproceedings{liu2022compact,
  title={Compact graph structure learning via mutual information compression},
  author={Liu, Nian and Wang, Xiao and Wu, Lingfei and Chen, Yu and Guo, Xiaojie and Shi, Chuan},
  booktitle={Proceedings of the ACM Web Conference 2022},
  pages={1601--1610},
  year={2022},
publisher = {Association for Computing Machinery},
address = {New York, NY, USA}
}

@article{lu2024latent,
  title={Latent graph inference with limited supervision},
  author={Lu, Jianglin and Xu, Yi and Wang, Huan and Bai, Yue and Fu, Yun},
  journal={Advances in Neural Information Processing Systems},
  volume={36},
  year={2024},
  pages={},
  numpages={}
}

@inproceedings{song2022towards,
  title={Towards an optimal asymmetric graph structure for robust semi-supervised node classification},
  author={Song, Zixing and Zhang, Yifei and King, Irwin},
  booktitle={Proceedings of the 28th ACM SIGKDD Conference on Knowledge Discovery and Data Dining},
  pages={1656--1665},
  year={2022},
publisher = {Association for Computing Machinery},
address = {New York, NY, USA}
}

@article{song2024optimal,
  title={Optimal block-wise asymmetric graph construction for graph-based semi-supervised learning},
  author={Song, Zixing and Zhang, Yifei and King, Irwin},
  journal={Advances in Neural Information Processing Systems},
  volume={36},
  year={2024},
  pages={},
  numpages={}
}

@article{stadler2021graph,
  title={Graph posterior network: Bayesian predictive uncertainty for node classification},
  author={Stadler, Maximilian and Charpentier, Bertrand and Geisler, Simon and Z{\"u}gner, Daniel and G{\"u}nnemann, Stephan},
  journal={Advances in Neural Information Processing Systems},
  volume={34},
  pages={18033--18048},
  year={2021}
}

@article{wang2021confident,
  title={Be confident! towards trustworthy graph neural networks via confidence calibration},
  author={Wang, Xiao and Liu, Hongrui and Shi, Chuan and Yang, Cheng},
  journal={Advances in Neural Information Processing Systems},
  volume={34},
  pages={23768--23779},
  year={2021}
}

@inproceedings{wang2021graph,
  title={Graph structure estimation neural networks},
  author={Wang, Ruijia and Mou, Shuai and Wang, Xiao and Xiao, Wanpeng and Ju, Qi and Shi, Chuan and Xie, Xing},
  booktitle={Proceedings of the Web Conference 2021},
  pages={342--353},
  year={2021},
  address={New York, NY, USA},
  publisher={Association for Computing Machinery}
}

@inproceedings{wang2023prose,
  title={Prose: Graph structure learning via progressive strategy},
  author={Wang, Huizhao and Fu, Yao and Yu, Tao and Hu, Linghui and Jiang, Weihao and Pu, Shiliang},
  booktitle={Proceedings of the 29th ACM SIGKDD Conference on Knowledge Discovery and Data Mining},
  pages={2337--2348},
  year={2023},
publisher = {Association for Computing Machinery},
address = {New York, NY, USA}
}

@inproceedings{wu2019simplifying,
  title={Simplifying graph convolutional networks},
  author={Wu, Felix and Souza, Amauri and Zhang, Tianyi and Fifty, Christopher and Yu, Tao and Weinberger, Kilian},
  booktitle={International Conference on Machine Learning},
  pages={6861--6871},
  year={2019},
  organization={PMLR},
  address={Long Beach, California, USA},
  publisher = {Curran Associates, Inc.}
}

@inproceedings{wu2021disenkgat,
  title={DisenKGAT: knowledge graph embedding with disentangled graph attention network},
  author={Wu, Junkang and Shi, Wentao and Cao, Xuezhi and Chen, Jiawei and Lei, Wenqiang and Zhang, Fuzheng and Wu, Wei and He, Xiangnan},
  booktitle={Proceedings of the 30th ACM International Conference on Information \& Knowledge Management},
  pages={2140--2149},
  year={2021},
  publisher={	
Association for Computing Machinery},
  address={New York,NY,United States}
}

@inproceedings{yu2021graph,
  title={Graph-revised convolutional network},
  author={Yu, Donghan and Zhang, Ruohong and Jiang, Zhengbao and Wu, Yuexin and Yang, Yiming},
  booktitle={Machine Learning and Knowledge Discovery in Databases: European Conference, ECML PKDD 2020, Ghent, Belgium, September 14--18, 2020, Proceedings, Part III},
  pages={378--393},
  year={2021},
  organization={Springer},
  address={Berlin, Heidelberg},
  publisher={Springer-Verlag},
}

@inproceedings{yu2023uncertainty,
  title={Uncertainty-aware Graph-based Hyperspectral Image Classification},
  author={Yu, Linlin and Lou, Yifei and Chen, Feng},
  booktitle={The Twelfth International Conference on Learning Representations},
  year={2023},
  pages={},
  numpages={},
  publisher= {OpenReview.net},
  address={Vienna, Austria}
}

@article{zhao2020uncertainty,
  title={Uncertainty aware semi-supervised learning on graph data},
  author={Zhao, Xujiang and Chen, Feng and Hu, Shu and Cho, Jin-Hee},
  journal={Advances in Neural Information Processing Systems},
  volume={33},
  numpages = {10},
  pages={12827--12836},
  year={2020}
}

@inproceedings{zou2023se,
  title={Se-gsl: A general and effective graph structure learning framework through structural entropy optimization},
  author={Zou, Dongcheng and Peng, Hao and Huang, Xiang and Yang, Renyu and Li, Jianxin and Wu, Jia and Liu, Chunyang and Yu, Philip S},
  booktitle={Proceedings of the ACM Web Conference 2023},
  pages={499--510},
publisher = {Association for Computing Machinery},
address = {New York, NY, USA},
  year={2023}
}

