@inproceedings{
kipf2017semisupervised,
title={Semi-Supervised Classification with Graph Convolutional Networks},
author={Thomas N. Kipf and Max Welling},
booktitle={International Conference on Learning Representations},
year={2017},
pages={},
numpages={},
address={Red Hook; NY; United States},
publisher={Curran Associates, Inc.},
url={https://openreview.net/forum?id=SJU4ayYgl}
},
@inproceedings{gilmer2017neural,
  title={Neural message passing for quantum chemistry},
  author={Gilmer, Justin and Schoenholz, Samuel S and Riley, Patrick F and Vinyals, Oriol and Dahl, George E},
  booktitle={International Conference on Machine Learning},
  pages={1263--1272},
  year={2017},
  organization={PMLR},
  publisher={	
JMLR.org},
  address={Sydney NSW Australia}
}
@inproceedings{wu2019simplifying,
  title={Simplifying graph convolutional networks},
  author={Wu, Felix and Souza, Amauri and Zhang, Tianyi and Fifty, Christopher and Yu, Tao and Weinberger, Kilian},
  booktitle={International Conference on Machine Learning},
  pages={6861--6871},
  year={2019},
  organization={PMLR},
  address={Long Beach, California, USA},
  publisher = {Curran Associates, Inc.}
}
@inproceedings{
liu2024scalable,
title={Scalable and Effective Implicit Graph Neural Networks on Large Graphs},
author={Juncheng Liu and Bryan Hooi and Kenji Kawaguchi and Yiwei Wang and Chaosheng Dong and Xiaokui Xiao},
booktitle={The Twelfth International Conference on Learning Representations},
year={2024},
publisher = {Curran Associates, Inc.},
address={Red Hook; NY; United States},
pages={},
numpages={},
url={https://openreview.net/forum?id=QcMdPYBwTu}
}
@inproceedings{
deng2024polynormer,
title={Polynormer: Polynomial-Expressive Graph Transformer in Linear Time},
author={Chenhui Deng and Zichao Yue and Zhiru Zhang},
booktitle={The Twelfth International Conference on Learning Representations},
year={2024},
pages={},
numpages={},
address={Red Hook; NY; United States},
publisher={Curran Associates Inc.},
url={https://openreview.net/forum?id=hmv1LpNfXa}
}
@inproceedings{zheng2020robust,
  title={Robust graph representation learning via neural sparsification},
  author={Zheng, Cheng and Zong, Bo and Cheng, Wei and Song, Dongjin and Ni, Jingchao and Yu, Wenchao and Chen, Haifeng and Wang, Wei},
  booktitle={International Conference on Machine Learning},
  pages={11458--11468},
  year={2020},
  organization={PMLR}
}
@inproceedings{
zhou2023opengsl,
title={Open{GSL}: A Comprehensive Benchmark for Graph Structure Learning},
author={Zhiyao Zhou and Sheng Zhou and Bochao Mao and Xuanyi Zhou and Jiawei Chen and Qiaoyu Tan and Daochen Zha and Yan Feng and Chun Chen and Can Wang},
booktitle={Thirty-seventh Conference on Neural Information Processing Systems Datasets and Benchmarks Track},
year={2023},
pages={},
publisher={Curran Associates Inc.},
address={Red Hook, NY, USA},
url={https://openreview.net/forum?id=yXLyhKvK4D}
}
@inproceedings{
li2023gslb,
title={{GSLB}: The Graph Structure Learning Benchmark},
author={Zhixun Li and Liang Wang and Xin Sun and Yifan Luo and Yanqiao Zhu and Dingshuo Chen and Yingtao Luo and Xiangxin Zhou and Qiang Liu and Shu Wu and Liang Wang and Jeffrey Xu Yu},
booktitle={Thirty-seventh Conference on Neural Information Processing Systems Datasets and Benchmarks Track},
year={2023},
publisher={Curran Associates Inc.},
address={Red Hook; NY; United States},
pages={},
numpages={},
url={https://openreview.net/forum?id=xT3i5GS3zU}
}
@inproceedings{
um2023confidencebased,
title={Confidence-Based Feature Imputation for Graphs with Partially Known Features},
author={Daeho Um and Jiwoong Park and Seulki Park and Jin young Choi},
booktitle={The Eleventh International Conference on Learning Representations },
year={2023},
pages={},
numpages={},
publisher = {Curran Associates, Inc.},
address={Red Hook; NY; United States},
url={https://openreview.net/forum?id=YPKBIILy-Kt}
}
@article{zhang2018link,
  title={Link prediction based on graph neural networks},
  author={Zhang, Muhan and Chen, Yixin},
  journal={Advances in Neural Information Processing Systems},
  volume={31},
  year={2018}
}
@article{liao2019efficient,
  title={Efficient graph generation with graph recurrent attention networks},
  author={Liao, Renjie and Li, Yujia and Song, Yang and Wang, Shenlong and Hamilton, Will and Duvenaud, David K and Urtasun, Raquel and Zemel, Richard},
  journal={Advances in Neural Information Processing Systems},
  volume={32},
  year={2019}
}
@inproceedings{wang2021graph,
  title={Graph structure estimation neural networks},
  author={Wang, Ruijia and Mou, Shuai and Wang, Xiao and Xiao, Wanpeng and Ju, Qi and Shi, Chuan and Xie, Xing},
  booktitle={Proceedings of the Web Conference 2021},
  pages={342--353},
  year={2021},
  address={New York, NY, USA},
  publisher={Association for Computing Machinery}
}
@inproceedings{liu2022compact,
  title={Compact graph structure learning via mutual information compression},
  author={Liu, Nian and Wang, Xiao and Wu, Lingfei and Chen, Yu and Guo, Xiaojie and Shi, Chuan},
  booktitle={Proceedings of the ACM Web Conference 2022},
  pages={1601--1610},
  year={2022},
publisher = {Association for Computing Machinery},
address = {New York, NY, USA}
}
@inproceedings{in2024self,
  title={Self-Guided Robust Graph Structure Refinement},
  author={In, Yeonjun and Yoon, Kanghoon and Kim, Kibum and Shin, Kijung and Park, Chanyoung},
  booktitle={Proceedings of the ACM on Web Conference 2024},
  pages={697--708},
  year={2024},
publisher = {Association for Computing Machinery},
address = {New York, NY, USA}
}
@article{fatemi2021slaps,
  title={Slaps: Self-supervision improves structure learning for graph neural networks},
  author={Fatemi, Bahare and El Asri, Layla and Kazemi, Seyed Mehran},
  journal={Advances in Neural Information Processing Systems},
  volume={34},
  pages={22667--22681},
  year={2021}
}
@article{chen2020iterative,
  title={Iterative deep graph learning for graph neural networks: Better and robust node embeddings},
  author={Chen, Yu and Wu, Lingfei and Zaki, Mohammed},
  journal={Advances in Neural Information Processing Systems},
  volume={33},
  pages={19314--19326},
  year={2020}
}
@article{lu2024latent,
  title={Latent graph inference with limited supervision},
  author={Lu, Jianglin and Xu, Yi and Wang, Huan and Bai, Yue and Fu, Yun},
  journal={Advances in Neural Information Processing Systems},
  volume={36},
  year={2024},
  pages={},
  numpages={}
}
@inproceedings{yu2021graph,
  title={Graph-revised convolutional network},
  author={Yu, Donghan and Zhang, Ruohong and Jiang, Zhengbao and Wu, Yuexin and Yang, Yiming},
  booktitle={Machine Learning and Knowledge Discovery in Databases: European Conference, ECML PKDD 2020, Ghent, Belgium, September 14--18, 2020, Proceedings, Part III},
  pages={378--393},
  year={2021},
  organization={Springer},
  address={Berlin, Heidelberg},
  publisher={Springer-Verlag},
}
@inproceedings{wang2023prose,
  title={Prose: Graph structure learning via progressive strategy},
  author={Wang, Huizhao and Fu, Yao and Yu, Tao and Hu, Linghui and Jiang, Weihao and Pu, Shiliang},
  booktitle={Proceedings of the 29th ACM SIGKDD Conference on Knowledge Discovery and Data Mining},
  pages={2337--2348},
  year={2023},
publisher = {Association for Computing Machinery},
address = {New York, NY, USA}
}
@article{wu2022nodeformer,
  title={Nodeformer: A scalable graph structure learning transformer for node classification},
  author={Wu, Qitian and Zhao, Wentao and Li, Zenan and Wipf, David P and Yan, Junchi},
  journal={Advances in Neural Information Processing Systems},
  volume={35},
  pages={27387--27401},
  year={2022}
}
@inproceedings{liu2022towards,
  title={Towards unsupervised deep graph structure learning},
  author={Liu, Yixin and Zheng, Yu and Zhang, Daokun and Chen, Hongxu and Peng, Hao and Pan, Shirui},
  booktitle={Proceedings of the ACM Web Conference 2022},
  pages={1392--1403},
  year={2022},
publisher = {Association for Computing Machinery},
address = {New York, NY, USA}
}
@inproceedings{li2022reliable,
  title={Reliable representations make a stronger defender: Unsupervised structure refinement for robust gnn},
  author={Li, Kuan and Liu, Yang and Ao, Xiang and Chi, Jianfeng and Feng, Jinghua and Yang, Hao and He, Qing},
  booktitle={Proceedings of the 28th ACM SIGKDD Conference on Knowledge Discovery and Data Mining},
  pages={925--935},
  year={2022}
}
@inproceedings{jin2020graph,
  title={Graph structure learning for robust graph neural networks},
  author={Jin, Wei and Ma, Yao and Liu, Xiaorui and Tang, Xianfeng and Wang, Suhang and Tang, Jiliang},
  booktitle={Proceedings of the 26th ACM SIGKDD International Conference on Knowledge Discovery \& Data mining},
  pages={66--74},
  year={2020},
publisher = {Association for Computing Machinery},
address = {New York, NY, USA}
}
@inproceedings{song2022towards,
  title={Towards an optimal asymmetric graph structure for robust semi-supervised node classification},
  author={Song, Zixing and Zhang, Yifei and King, Irwin},
  booktitle={Proceedings of the 28th ACM SIGKDD Conference on Knowledge Discovery and Data Dining},
  pages={1656--1665},
  year={2022},
publisher = {Association for Computing Machinery},
address = {New York, NY, USA}
}
@article{song2024optimal,
  title={Optimal block-wise asymmetric graph construction for graph-based semi-supervised learning},
  author={Song, Zixing and Zhang, Yifei and King, Irwin},
  journal={Advances in Neural Information Processing Systems},
  volume={36},
  year={2024},
  pages={},
  numpages={}
}
@inproceedings{
lee2024entropy,
title={Entropy is not Enough for Test-Time Adaptation: From the Perspective of Disentangled Factors},
author={Jonghyun Lee and Dahuin Jung and Saehyung Lee and Junsung Park and Juhyeon Shin and Uiwon Hwang and Sungroh Yoon},
booktitle={The Twelfth International Conference on Learning Representations},
year={2024},
url={https://openreview.net/forum?id=9w3iw8wDuE}
}
@inproceedings{
li2023confidence,
title={Confidence Estimation Using Unlabeled Data},
author={Chen Li and Xiaoling Hu and Chao Chen},
booktitle={The Eleventh International Conference on Learning Representations },
year={2023},
url={https://openreview.net/forum?id=sOXU-PEJSgQ}
}
@inproceedings{DBLP:conf/nips/CuiYD022,
  author={Peng Cui and Yang Yue and Zhijie Deng and Jun Zhu},
  title={Confidence-based Reliable Learning under Dual Noises},
  year={2022},
  cdate={1640995200000},
  url={http://papers.nips.cc/paper_files/paper/2022/hash/e444859b2a22df6b56af9381ad1e9480-Abstract-Conference.html},
  booktitle={NeurIPS},
}
@inproceedings{luo2021learning,
  title={Learning to drop: Robust graph neural network via topological denoising},
  author={Luo, Dongsheng and Cheng, Wei and Yu, Wenchao and Zong, Bo and Ni, Jingchao and Chen, Haifeng and Zhang, Xiang},
  booktitle={Proceedings of the 14th ACM International Conference on Web Search and Data Mining},
  pages={779--787},
  year={2021}
}
@inproceedings{franceschi2019learning,
  title={Learning discrete structures for graph neural networks},
  author={Franceschi, Luca and Niepert, Mathias and Pontil, Massimiliano and He, Xiao},
  booktitle={International Conference on Machine Learning},
  pages={1972--1982},
  year={2019},
  organization={PMLR},
  publisher={Curran Associates Inc.},
  address={Long Beach, California, USA}
}
@inproceedings{
huang2024selfdriven,
title={Self-Driven Entropy Aggregation for Byzantine-Robust Heterogeneous Federated Learning},
author={Wenke Huang and Zekun Shi and Mang Ye and He Li and Bo Du},
booktitle={Forty-first International Conference on Machine Learning},
year={2024},
url={https://openreview.net/forum?id=k2axqNsVVO}
}
@inproceedings{nair2010rectified,
  title={Rectified linear units improve restricted boltzmann machines},
  author={Nair, Vinod and Hinton, Geoffrey E},
  booktitle={Proceedings of the 27th international conference on machine learning (ICML-10)},
  pages={807--814},
  year={2010}
}
@inproceedings{bruna2013spectral,
  title={Spectral networks and locally connected networks on graphs},
  author={Bruna, Joan and Zaremba, Wojciech and Szlam, Arthur and LeCun, Yann},
  booktitle={2nd International Conference on Learning Representations, ICLR 2014},
  year={2013},
pages={},
numpages={},
publisher={Curran Associates Inc.},
address={Red Hook; NY; United States}
}
@article{defferrard2016convolutional,
  title={Convolutional neural networks on graphs with fast localized spectral filtering},
  author={Defferrard, Micha{\"e}l and Bresson, Xavier and Vandergheynst, Pierre},
  journal={Advances in Neural Information Processing Systems},
  volume={29},
  year={2016},
pages={},
numpages={},
}
@inproceedings{yang2022new,
  title={A new perspective on the effects of spectrum in graph neural networks},
  author={Yang, Mingqi and Shen, Yanming and Li, Rui and Qi, Heng and Zhang, Qiang and Yin, Baocai},
  booktitle={International Conference on Machine Learning},
  pages={25261--25279},
  year={2022},
  organization={PMLR}
}
@article{he2022convolutional,
  title={Convolutional neural networks on graphs with chebyshev approximation, revisited},
  author={He, Mingguo and Wei, Zhewei and Wen, Ji-Rong},
  journal={Advances in Neural Information Processing Systems},
  volume={35},
  pages={7264--7276},
  year={2022}
}
@article{he2021bernnet,
  title={Bernnet: Learning arbitrary graph spectral filters via bernstein approximation},
  author={He, Mingguo and Wei, Zhewei and Xu, Hongteng and others},
  journal={Advances in Neural Information Processing Systems},
  volume={34},
  pages={14239--14251},
  year={2021}
}
@article{chien2020adaptive,
  title={Adaptive universal generalized pagerank graph neural network},
  author={Chien, Eli and Peng, Jianhao and Li, Pan and Milenkovic, Olgica},
  journal={ArXiv preprint arXiv:2006.07988},
  year={2020}
}
@inproceedings{li2021dimensionwise,
  title={Dimensionwise separable 2-D graph convolution for unsupervised and semi-supervised learning on graphs},
  author={Li, Qimai and Zhang, Xiaotong and Liu, Han and Dai, Quanyu and Wu, Xiao-Ming},
  booktitle={Proceedings of the 27th ACM SIGKDD Conference on Knowledge Discovery \& Data Mining},
  pages={953--963},
  year={2021},
publisher = {Association for Computing Machinery},
address = {New York, NY, USA}
}
@inproceedings{
veličković2018graph,
title={Graph Attention Networks},
author={Petar Veličković and Guillem Cucurull and Arantxa Casanova and Adriana Romero and Pietro Liò and Yoshua Bengio},
booktitle={International Conference on Learning Representations},
year={2018},
publisher = {Curran Associates, Inc.},
address = {Red Hook; NY; United States},
pages = {},
numpages = {},
url={https://openreview.net/forum?id=rJXMpikCZ},
}
@article{ding2022sketch,
  title={Sketch-GNN: Scalable graph neural networks with sublinear training complexity},
  author={Ding, Mucong and Rabbani, Tahseen and An, Bang and Wang, Evan and Huang, Furong},
  journal={Advances in Neural Information Processing Systems},
  volume={35},
  pages={2930--2943},
  year={2022}
}
@inproceedings{
zhang2022cglb,
title={{CGLB}: Benchmark Tasks for Continual Graph Learning},
author={Xikun Zhang and Dongjin Song and Dacheng Tao},
booktitle={Thirty-sixth Conference on Neural Information Processing Systems Datasets and Benchmarks Track},
year={2022},
url={https://openreview.net/forum?id=5wNiiIDynDF}
}
@article{gui2024joint,
  title={Joint learning of label and environment causal independence for graph out-of-distribution generalization},
  author={Gui, Shurui and Liu, Meng and Li, Xiner and Luo, Youzhi and Ji, Shuiwang},
  journal={Advances in Neural Information Processing Systems},
  volume={36},
  year={2024}
}
@inproceedings{
wang2024gnnboundary,
title={{GNNB}oundary: Towards Explaining Graph Neural Networks through the Lens of Decision Boundaries},
author={Xiaoqi Wang and Han Wei Shen},
booktitle={The Twelfth International Conference on Learning Representations},
year={2024},
url={https://openreview.net/forum?id=WIzzXCVYiH}
}
@article{geisler2021robustness,
  title={Robustness of graph neural networks at scale},
  author={Geisler, Simon and Schmidt, Tobias and {\c{S}}irin, Hakan and Z{\"u}gner, Daniel and Bojchevski, Aleksandar and G{\"u}nnemann, Stephan},
  journal={Advances in Neural Information Processing Systems},
  volume={34},
  pages={7637--7649},
  year={2021}
}
@inproceedings{zou2023se,
  title={Se-gsl: A general and effective graph structure learning framework through structural entropy optimization},
  author={Zou, Dongcheng and Peng, Hao and Huang, Xiang and Yang, Renyu and Li, Jianxin and Wu, Jia and Liu, Chunyang and Yu, Philip S},
  booktitle={Proceedings of the ACM Web Conference 2023},
  pages={499--510},
publisher = {Association for Computing Machinery},
address = {New York, NY, USA},
  year={2023}
}
@inproceedings{yu2023uncertainty,
  title={Uncertainty-aware Graph-based Hyperspectral Image Classification},
  author={Yu, Linlin and Lou, Yifei and Chen, Feng},
  booktitle={The Twelfth International Conference on Learning Representations},
  year={2023},
  pages={},
  numpages={},
  publisher= {OpenReview.net},
  address={Vienna, Austria}
}
@article{zhao2020uncertainty,
  title={Uncertainty aware semi-supervised learning on graph data},
  author={Zhao, Xujiang and Chen, Feng and Hu, Shu and Cho, Jin-Hee},
  journal={Advances in Neural Information Processing Systems},
  volume={33},
  numpages = {10},
  pages={12827--12836},
  year={2020}
}
@article{stadler2021graph,
  title={Graph posterior network: Bayesian predictive uncertainty for node classification},
  author={Stadler, Maximilian and Charpentier, Bertrand and Geisler, Simon and Z{\"u}gner, Daniel and G{\"u}nnemann, Stephan},
  journal={Advances in Neural Information Processing Systems},
  volume={34},
  pages={18033--18048},
  year={2021}
}
@article{wang2021confident,
  title={Be confident! towards trustworthy graph neural networks via confidence calibration},
  author={Wang, Xiao and Liu, Hongrui and Shi, Chuan and Yang, Cheng},
  journal={Advances in Neural Information Processing Systems},
  volume={34},
  pages={23768--23779},
  year={2021}
}
@article{hsu2022makes,
  title={What makes graph neural networks miscalibrated?},
  author={Hsu, Hans Hao-Hsun and Shen, Yuesong and Tomani, Christian and Cremers, Daniel},
  journal={Advances in Neural Information Processing Systems},
  volume={35},
  pages={13775--13786},
  year={2022}
}
@article{
wang2024uncertainty,
title={Uncertainty in Graph Neural Networks: A Survey},
author={Fangxin Wang and Yuqing Liu and Kay Liu and Yibo Wang and Sourav Medya and Philip S. Yu},
journal={Transactions on Machine Learning Research},
issn={2835-8856},
year={2024},
url={https://openreview.net/forum?id=0e1Kn76HM1},
nummber={},
volume={},
pages={},
numpages={}
}
@article{hullermeier2021aleatoric,
  title={Aleatoric and epistemic uncertainty in machine learning: An introduction to concepts and methods},
  author={H{\"u}llermeier, Eyke and Waegeman, Willem},
  journal={Machine learning},
  volume={110},
  number={3},
  pages={457--506},
  year={2021},
  publisher={Springer}
}
@inproceedings{
gasteiger2018combining,
title={Combining Neural Networks with Personalized PageRank for Classification on Graphs},
author={Johannes Gasteiger and Aleksandar Bojchevski and Stephan Günnemann},
booktitle={International Conference on Learning Representations},
year={2019},
pages={},
numpages={},
publisher={Curran Associates Inc.},
address={Red Hook; NY; United States},
url={https://openreview.net/forum?id=H1gL-2A9Ym},
}
@inproceedings{xu2018representation,
  title={Representation learning on graphs with jumping knowledge networks},
  author={Xu, Keyulu and Li, Chengtao and Tian, Yonglong and Sonobe, Tomohiro and Kawarabayashi, Ken-ichi and Jegelka, Stefanie},
  booktitle={International Conference on Machine Learning},
  pages={5453--5462},
  year={2018},
  organization={PMLR},
  address={Stockholm, Sweden},
  publisher={Curran Associates, Inc.}
}

@article{sen2008collective,
  title={Collective classification in network data},
  author={Sen, Prithviraj and Namata, Galileo and Bilgic, Mustafa and Getoor, Lise and Galligher, Brian and Eliassi-Rad, Tina},
  journal={AI magazine},
  volume={29},
  number={3},
  pages={93--93},
  year={2008}
}

@inproceedings{huang2017label,
  title={Label informed attributed network embedding},
  author={Huang, Xiao and Li, Jundong and Hu, Xia},
  booktitle={Proceedings of the tenth ACM International Conference on Web Search and Data Mining},
  pages={731--739},
  year={2017},
publisher = {Association for Computing Machinery},
address = {New York, NY, USA}
}

@inproceedings{platonov2023critical,
  title={A critical look at the evaluation of GNNs under heterophily: Are we really making progress?},
  author={Platonov, Oleg and Kuznedelev, Denis and Diskin, Michael and Babenko, Artem and Prokhorenkova, Liudmila},
  booktitle={The Eleventh International Conference on Learning Representations},
  year={2023},
  number={},
  volume = {},
  pages = {},
  numpages= {},
  address = {Kigali, Rwanda},
  publisher={Curran Associates, Inc.}
}
@inproceedings{
ma2022is,
title={Is Homophily a Necessity for Graph Neural Networks?},
author={Yao Ma and Xiaorui Liu and Neil Shah and Jiliang Tang},
booktitle={International Conference on Learning Representations},
year={2022},
pages={},
numpages={},
publisher = {Curran Associates, Inc.},
address={Austria},
url={https://openreview.net/forum?id=ucASPPD9GKN}
}
@article{abdar2021review,
  title={A review of uncertainty quantification in deep learning: Techniques, applications and challenges},
  author={Abdar, Moloud and Pourpanah, Farhad and Hussain, Sadiq and Rezazadegan, Dana and Liu, Li and Ghavamzadeh, Mohammad and Fieguth, Paul and Cao, Xiaochun and Khosravi, Abbas and Acharya, U Rajendra and others},
  journal={Information Fusion},
  volume={76},
  pages={243--297},
  year={2021},
  publisher={Elsevier}
}

@inproceedings{duan2024structural,
  title={Structural Entropy Based Graph Structure Learning for Node Classification},
  author={Duan, Liang and Chen, Xiang and Liu, Wenjie and Liu, Daliang and Yue, Kun and Li, Angsheng},
  booktitle={Proceedings of the AAAI Conference on Artificial Intelligence},
  volume={38},
  pages={8372--8379},
  year={2024},
publisher={{AAAI} Press},
address={Washington DC,USA}
}

@article{csiszar2004information,
  title={Information theory and statistics: A tutorial},
  author={Csisz{\'a}r, Imre and Shields, Paul C and others},
  journal={Foundations and Trends{\textregistered} in Communications and Information Theory},
  volume={1},
  number={4},
  pages={417--528},
  year={2004},
  publisher={Now Publishers, Inc.}
}
@article{NoisyGL,
  author       = {Zhonghao Wang and
                  Danyu Sun and
                  Sheng Zhou and
                  Haobo Wang and
                  Jiapei Fan and
                  Longtao Huang and
                  Jiajun Bu},
  title        = {NoisyGL: {A} Comprehensive Benchmark for Graph Neural Networks under
                  Label Noise},
  journal      = {CoRR},
  volume       = {abs/2406.04299},
  year         = {2024},
  url          = {https://doi.org/10.48550/arXiv.2406.04299},
  doi          = {10.48550/ARXIV.2406.04299},
  eprinttype    = {arXiv},
  eprint       = {2406.04299},
  timestamp    = {Tue, 23 Jul 2024 08:24:23 +0200},
  biburl       = {https://dblp.org/rec/journals/corr/abs-2406-04299.bib},
  bibsource    = {dblp computer science bibliography, https://dblp.org}
}
@inproceedings{OGB,
  author       = {Weihua Hu and
                  Matthias Fey and
                  Marinka Zitnik and
                  Yuxiao Dong and
                  Hongyu Ren and
                  Bowen Liu and
                  Michele Catasta and
                  Jure Leskovec},
  editor       = {Hugo Larochelle and
                  Marc'Aurelio Ranzato and
                  Raia Hadsell and
                  Maria{-}Florina Balcan and
                  Hsuan{-}Tien Lin},
  title        = {Open Graph Benchmark: Datasets for Machine Learning on Graphs},
  booktitle    = {Advances in Neural Information Processing Systems 33: Annual Conference
                  on Neural Information Processing Systems 2020, NeurIPS 2020, December
                  6-12, 2020, virtual},
  year         = {2020},
  url          = {https://proceedings.neurips.cc/paper/2020/hash/fb60d411a5c5b72b2e7d3527cfc84fd0-Abstract.html},
  timestamp    = {Tue, 19 Jan 2021 15:57:06 +0100},
  biburl       = {https://dblp.org/rec/conf/nips/HuFZDRLCL20.bib},
  bibsource    = {dblp computer science bibliography, https://dblp.org},
pages={},
numpages={},
publisher={Curran Associates Inc.},
address={Red Hook; NY; United States}
}
@article{chen2023bias,
  title={Bias and debias in recommender system: A survey and future directions},
  author={Chen, Jiawei and Dong, Hande and Wang, Xiang and Feng, Fuli and Wang, Meng and He, Xiangnan},
  journal={ACM Transactions on Information Systems},
  volume={41},
  number={3},
  pages={1--39},
  year={2023},
  publisher={ACM New York, NY}
}

@inproceedings{wu2021disenkgat,
  title={DisenKGAT: knowledge graph embedding with disentangled graph attention network},
  author={Wu, Junkang and Shi, Wentao and Cao, Xuezhi and Chen, Jiawei and Lei, Wenqiang and Zhang, Fuzheng and Wu, Wei and He, Xiangnan},
  booktitle={Proceedings of the 30th ACM International Conference on Information \& Knowledge Management},
  pages={2140--2149},
  year={2021},
  publisher={	
Association for Computing Machinery},
  address={New York,NY,United States}
}
@inproceedings{dong2021equivalence,
  title={On the equivalence of decoupled graph convolution network and label propagation},
  author={Dong, Hande and Chen, Jiawei and Feng, Fuli and He, Xiangnan and Bi, Shuxian and Ding, Zhaolin and Cui, Peng},
  booktitle={Proceedings of the Web Conference 2021},
  pages={3651--3662},
  year={2021},
  publisher={	
Association for Computing Machinery},
  address={New York,NY,United States}
}
@inproceedings{wang2024distributionally,
  title={Distributionally Robust Graph-based Recommendation System},
  author={Wang, Bohao and Chen, Jiawei and Li, Changdong and Zhou, Sheng and Shi, Qihao and Gao, Yang and Feng, Yan and Chen, Chun and Wang, Can},
  booktitle={Proceedings of the ACM on Web Conference 2024},
  pages={3777--3788},
  year={2024},
publisher = {Association for Computing Machinery},
address = {New York, NY, USA}
}
@inproceedings{chen2024sigformer,
  title={SIGformer: Sign-aware Graph Transformer for Recommendation},
  author={Chen, Sirui and Chen, Jiawei and Zhou, Sheng and Wang, Bohao and Han, Shen and Su, Chanfei and Yuan, Yuqing and Wang, Can},
  booktitle={Proceedings of the 47th International ACM SIGIR Conference on Research and Development in Information Retrieval},
  pages={1274--1284},
  year={2024},
publisher = {Association for Computing Machinery},
address = {New York, NY, USA}
}
@inproceedings{chen2024macro,
  title={Macro graph neural networks for online billion-scale recommender systems},
  author={Chen, Hao and Bei, Yuanchen and Shen, Qijie and Xu, Yue and Zhou, Sheng and Huang, Wenbing and Huang, Feiran and Wang, Senzhang and Huang, Xiao},
  booktitle={Proceedings of the ACM on Web Conference 2024},
  pages={3598--3608},
  year={2024},
publisher = {Association for Computing Machinery},
address = {New York, NY, USA}
}

@article{zhang2021hierarchical,
  title={Hierarchical multi-view graph pooling with structure learning},
  author={Zhang, Zhen and Bu, Jiajun and Ester, Martin and Zhang, Jianfeng and Li, Zhao and Yao, Chengwei and Dai, Huifen and Yu, Zhi and Wang, Can},
  journal={IEEE Transactions on Knowledge and Data Engineering},
  volume={35},
  number={1},
  pages={545--559},
  year={2021},
  publisher={IEEE}
}