@misc{amazonstaff2020,
  title = {Statement by {{Jeff Bezos}} to the {{U}}.{{S}}. {{House Committee}} on the {{Judiciary}}},
  author = {Amazon Staff},
  year = {2020},
  month = jul,
  journal = {About Amazon},
  urldate = {2024-07-23},
  howpublished = {https://www.aboutamazon.com/news/policy-news-views/statement-by-jeff-bezos-to-the-u-s-house-committee-on-the-judiciary},
  langid = {english}
}

@article{bloomberg2024,
  title = {Amazon {{Prime Memberships}} in {{US Gain}} 8\% to {{New High After Lull}}},
  author = {Soper, Spencer},
  year = {2024},
  month = apr,
  journal = {Bloomberg.com},
  urldate = {2024-07-23},
  langid = {english},
  howpublished={\url{https://www.bloomberg.com/news/articles/2024-04-16/amazon-prime-memberships-in-us-gain-8-to-new-high-after-lull}}
}

@misc{cnbcPillPack2019,
  title = {The inside Story of Why {{Amazon}} Bought {{PillPack}} in Its Effort to Crack the \$500 Billion Prescription Market},
  author = {Farr, Christina},
  year = {2019},
  month = may,
  journal = {CNBC},
  urldate = {2024-07-24},
  chapter = {Technology},
  howpublished = {https://www.cnbc.com/2019/05/10/why-amazon-bought-pillpack-for-753-million-and-what-happens-next.html},
  langid = {english}
}

@article{deMontjoye2015,
  title = {Unique in the Shopping Mall: {{On}} the Reidentifiability of Credit Card Metadata},
  shorttitle = {Unique in the Shopping Mall},
  author = {{de Montjoye}, Yves-Alexandre and Radaelli, Laura and Singh, Vivek Kumar and Pentland, Alex ``Sandy''},
  year = {2015},
  month = jan,
  journal = {Science},
  volume = {347},
  number = {6221},
  pages = {536--539},
  publisher = {American Association for the Advancement of Science},
  doi = {10.1126/science.1256297},
  urldate = {2023-12-30},
  file = {/Users/aberke/Zotero/storage/N7U52PI5/de Montjoye et al. - 2015 - Unique in the shopping mall On the reidentifiabil.pdf}
}

@article{dominici2021,
  title = {Determinants of Online Food Purchasing: {{The}} Impact of Socio-Demographic and Situational Factors},
  shorttitle = {Determinants of Online Food Purchasing},
  author = {Dominici, Andrea and Boncinelli, Fabio and Gerini, Francesca and Marone, Enrico},
  year = {2021},
  month = may,
  journal = {Journal of Retailing and Consumer Services},
  volume = {60},
  pages = {102473},
  issn = {0969-6989},
  doi = {10.1016/j.jretconser.2021.102473},
  urldate = {2024-07-30},
  keywords = {E-Commerce,E-Grocery,Italian consumers,Online attitudes,Online shopping}
}

@article{hamad2019,
  title = {The {{Impact}} of {{Demographic Variables}} and {{Consumer Shopping Orientations}} on the {{Purchasing Preference}} for {{Different Product Categories}} in the {{Context}} of {{Online Grocery Shopping}}},
  author = {Hamad, Haseba and Schmitz, Martin},
  year = {2019},
  month = jan,
  journal = {Journal of Marketing and Consumer Research},
  volume = {52},
  issn = {2422-8451},
  doi = {10.7176/JMCR}
}

@misc{hipaa,
  type = {Text},
  title = {The {{HIPAA Privacy Rule}}},
  author = {{The US Department of Health {and} Human Services}},
  year = {2008},
  month = may,
  urldate = {2024-07-24},
  howpublished = {https://www.hhs.gov/hipaa/for-professionals/privacy/index.html},
  langid = {english},
  annotation = {Last Modified: 2024-07-22T14:39:19-0400}
}

@article{hood2020,
  title = {Sociodemographic and Spatial Disaggregation of E-Commerce Channel Use in the Grocery Market in {{Great Britain}}},
  author = {Hood, Nick and Urquhart, Ryan and Newing, Andy and Heppenstall, Alison},
  year = {2020},
  month = jul,
  journal = {Journal of Retailing and Consumer Services},
  volume = {55},
  pages = {102076},
  issn = {0969-6989},
  doi = {10.1016/j.jretconser.2020.102076},
  urldate = {2024-07-30},
  keywords = {click and collect,consumer behaviour,e-commerce,grocery,home delivery,spatial analysis}
}

@article{islam2022,
  title = {The Usefulness of Socio-Demographic Variables in Predicting Purchase Decisions: {{Evidence}} from Machine Learning Procedures},
  shorttitle = {The Usefulness of Socio-Demographic Variables in Predicting Purchase Decisions},
  author = {Islam, Towhidul and Meade, Nigel and Carson, Richard T. and Louviere, Jordan J. and Wang, Juan},
  year = {2022},
  month = nov,
  journal = {Journal of Business Research},
  volume = {151},
  pages = {324--338},
  issn = {0148-2963},
  doi = {10.1016/j.jbusres.2022.07.004},
  urldate = {2024-07-30},
  keywords = {Buy-no buy,Consumer targeting,Machine learning,Propensity score,Socio-demographic variables}
}

@inproceedings{jiang2019,
  title = {Demographic {{Prediction}} from {{Purchase Data Based}} on {{Knowledge-Aware Embedding}}},
  booktitle = {Neural {{Information Processing}}},
  author = {Jiang, Yiwen and Tang, Wei and Gao, Neng and Xiang, Ji and Su, Yijun},
  editor = {Gedeon, Tom and Wong, Kok Wai and Lee, Minho},
  year = {2019},
  pages = {297--308},
  publisher = {Springer International Publishing},
  address = {Cham},
  doi = {10.1007/978-3-030-36802-9_32},
  isbn = {978-3-030-36802-9},
  langid = {english},
  keywords = {Convolutional neural networks,Demographic prediction,Knowledge graph representation}
}

@incollection{kim2019,
  title = {Predicting {{Multiple Demographic Attributes}} with {{Task Specific Embedding Transformation}} and {{Attention Network}}},
  booktitle = {Proceedings of the 2019 {{SIAM International Conference}} on {{Data Mining}} ({{SDM}})},
  author = {Kim, Raehyun and Kim, Hyunjae and Lee, Janghyuk and Kang, Jaewoo},
  year = {2019},
  month = may,
  series = {Proceedings},
  pages = {765--773},
  publisher = {{Society for Industrial and Applied Mathematics}},
  doi = {10.1137/1.9781611975673.86},
  urldate = {2024-07-30}
}

@article{kosinski2013,
  title = {Private Traits and Attributes Are Predictable from Digital Records of Human Behavior},
  author = {Kosinski, Michal and Stillwell, David and Graepel, Thore},
  year = {2013},
  month = apr,
  journal = {Proceedings of the National Academy of Sciences},
  volume = {110},
  number = {15},
  pages = {5802--5805},
  publisher = {Proceedings of the National Academy of Sciences},
  doi = {10.1073/pnas.1218772110},
  urldate = {2024-07-30}
}

@article{li2023,
  title = {Reidentification {{Risk}} in {{Panel Data}}: {{Protecting}} for k-{{Anonymity}}},
  shorttitle = {Reidentification {{Risk}} in {{Panel Data}}},
  author = {Li, Shaobo and Schneider, Matthew J. and Yu, Yan and Gupta, Sachin},
  year = {2023},
  month = sep,
  journal = {Information Systems Research},
  volume = {34},
  number = {3},
  pages = {1066--1088},
  publisher = {INFORMS},
  issn = {1047-7047},
  doi = {10.1287/isre.2022.1169},
  urldate = {2024-07-30},
  keywords = {brand choice,data privacy,data sharing,hierarchical Bayesian model,optimization,unicity}
}

@techreport{npr/maristpoll2018,
  title = {The {{Digital Economy}}: {{Profiles}} of {{Online Consumers}} and {{Survey Methods}}},
institution={{NPR/Marist Poll}},
  author = {NPR/Marist Poll},
  year = {2018},
  month = may
}

@article{nytimesOneMed2022,
  title = {Amazon {{Wants}} to {{Be Your Doctor}}, {{Too}}},
  author = {Sorkin, Andrew Ross and Giang, Vivian and Gandel, Stephen and Hirsch, Lauren and Livni, Ephrat and Gross, Jenny},
  year = {2022},
  month = jul,
  journal = {The New York Times},
  issn = {0362-4331},
  urldate = {2024-07-24},
  chapter = {Business},
  langid = {american},
  howpublished={\url{https://www.nytimes.com/2022/07/22/business/dealbook/amazon-acquires-one-medical.html}}
}

@inproceedings{ourFlocPaper,
  title = {Privacy Limitations of Interest-Based Advertising on the Web: {{A}} Post-Mortem Empirical Analysis of {{Google}}'s {{FLoC}}},
  booktitle = {Proceedings of the 2022 {{ACM SIGSAC Conference}} on {{Computer}} and {{Communications Security}}},
  author = {Berke, Alex and Calacci, Dan},
  year = {2022},
  pages = {337--349},
url={https://doi.org/10.1145/3548606.3560626},
doi={10.1145/3548606.3560626}
}

@misc{secinfo98,
  title = {{{EX-99}}.2   ---   {{Press Release Regarding}} the {{Acquisitions}} {\textbar} {{AMAZON}}.{{COM ACQUIRES THREE LEADING INTERNET COMPANIES}}},
  author = {SEC Info},
  year = {98},
  month = apr,
  journal = {SEC Info},
  urldate = {2024-07-23},
  howpublished = {https://www.secinfo.com/dr643.7kp.c.htm\#1stPage}
}

@article{wang2016,
  title = {Your {{Cart}} Tells {{You}}: {{Inferring Demographic Attributes}} from {{Purchase Data}}},
  author = {Wang, Pengfei and {View Profile} and Guo, Jiafeng and {View Profile} and Lan, Yanyan and {View Profile} and Xu, Jun and {View Profile} and Cheng, Xueqi and {View Profile}},
  year = {2016},
  month = feb,
  journal = {Proceedings of the Ninth ACM International Conference on Web Search and Data Mining},
  series = {{{ACM Conferences}}},
  pages = {173--182},
  issn = {9781450337168},
  doi = {10.1145/2835776.2835783},
  urldate = {2024-07-30},
  keywords = {demographic attribute,multitask multi-class prediction,structured neural embedding}
}

@misc{weigel2023,
  type = {{{SSRN Scholarly Paper}}},
  title = {Amazon's {{Trickle-Down Monopoly}}: {{Third-Party Sellers}} and the {{Transformation}} of {{Small Business}}},
  shorttitle = {Amazon's {{Trickle-Down Monopoly}}},
  author = {Weigel, Moira},
  year = {2023},
  month = jan,
  number = {4317167},
  address = {Rochester, NY},
  doi = {10.2139/ssrn.4317167},
  urldate = {2024-07-24},
  langid = {english},
  keywords = {Amazon,China Studies,digital labor,entrepreneurship,monopoly,platforms}
}

@article{wsjWF2017,
  title = {Big {{Prize}} in {{Amazon-Whole Foods Deal}}: {{Data}}},
  shorttitle = {Big {{Prize}} in {{Amazon-Whole Foods Deal}}},
  author = {Stevens, Laura and Haddon, Heather},
  year = {2017},
  month = jun,
  journal = {Wall Street Journal},
  urldate = {2024-07-24},
  chapter = {Tech},
  langid = {american},
    howpublished={\url{https://www.wsj.com/articles/big-prize-in-amazon-whole-foods-deal-data-1497951004}}
}

@misc{zapposSEC2009,
  title = {Press {{Release}}: {{Amazon}}.Com to {{Acquire Zappos}}.Com},
  author = {SEC},
  year = {2009},
  month = jul,
  journal = {sec.gov},
  urldate = {2024-07-24},
  howpublished = {\url{https://www.sec.gov/Archives/edgar/data/1018724/000119312509153130/dex991.htm}}
}

