@misc{altawy2017,
  title = {Lelantos: {{A Blockchain-based Anonymous Physical Delivery System}}},
  shorttitle = {Lelantos},
  author = {AlTawy, Riham and ElSheikh, Muhammad and Youssef, Amr M. and Gong, Guang},
  year = {2017},
  number = {2017/465},
  urldate = {2024-04-17},
  annotation = {Publication info: Preprint. MINOR revision.}
}

@misc{amazon2023,
  title = {Amazon.Com, {{Inc}}. - {{Quarterly}} Results},
  author = {Amazon},
  year = {2023},
  urldate = {2024-07-24},
  howpublished = {https://ir.aboutamazon.com/quarterly-results/default.aspx}
}

@misc{amazonBabyRegistry,
  title = {Baby {{Registry Welcome Box}} - {{Amazon Customer Service}}},
  author = {Amazon},
  urldate = {2024-07-25},
    year={n.d.},
  howpublished = {https://www.amazon.com/gp/help/customer/display.html?nodeId=GBLXVKVYG5SBG8HF},
  
}

@misc{amazonstaff2020,
  title = {Statement by {{Jeff Bezos}} to the {{U}}.{{S}}. {{House Committee}} on the {{Judiciary}}},
  author = {Amazon Staff},
  year = {2020},
  month = jul,
  journal = {About Amazon},
  urldate = {2024-07-23},
  howpublished = {https://www.aboutamazon.com/news/policy-news-views/statement-by-jeff-bezos-to-the-u-s-house-committee-on-the-judiciary},
  langid = {english}
}

@inproceedings{androulaki2009,
  title = {{{APOD}}: {{Anonymous Physical Object Delivery}}},
  shorttitle = {{{APOD}}},
  booktitle = {Privacy {{Enhancing Technologies}}},
  author = {Androulaki, Elli and Bellovin, Steven},
  editor = {Goldberg, Ian and Atallah, Mikhail J.},
  year = {2009},
  pages = {202--215},
  publisher = {Springer},
  address = {Berlin, Heidelberg},
  doi = {10.1007/978-3-642-03168-7_12},
  isbn = {978-3-642-03168-7},
  langid = {english}
}

@article{berkeDrone2023,
  title = {Drone Delivery and the Value of Customer Privacy: {{A}} Discrete Choice Experiment with {{U}}.{{S}}. Consumers},
  shorttitle = {Drone Delivery and the Value of Customer Privacy},
  author = {Berke, Alex and Ding, Geoffrey and Chin, Christopher and Gopalakrishnan, Karthik and Larson, Kent and Balakrishnan, Hamsa and Li, Max Z.},
  year = {2023},
  month = dec,
  journal = {Transportation Research Part C: Emerging Technologies},
  volume = {157},
  pages = {104391},
  issn = {0968-090X},
  doi = {10.1016/j.trc.2023.104391},
  urldate = {2024-07-26},
  keywords = {Discrete choice experiment,Drone delivery,Mode choice,Panel mixed logit,Privacy,Willingness to pay}
}

@article{bradley1997,
  title = {The Use of the Area under the {{ROC}} Curve in the Evaluation of Machine Learning Algorithms},
  author = {Bradley, Andrew P.},
  year = {1997},
  month = jul,
  journal = {Pattern Recognition},
  volume = {30},
  number = {7},
  pages = {1145--1159},
  issn = {0031-3203},
  doi = {10.1016/S0031-3203(96)00142-2},
  urldate = {2024-07-22},
  keywords = {Accuracy measures,Cross-validation,Standard error,The area under the ROC curve (AUC),The ROC curve,Wilcoxon statistic}
}

@article{brunton2012,
  title = {Political and Ethical Perspectives on Data Obfuscation},
  author = {Brunton, Finn and Nissenbaum, Helen},
  year = {2012},
  langid = {english},
  file = {/Users/aberke/Zotero/storage/B29VVP2P/Brunton and Nissenbaum - 2 Political and ethical perspectives 3 on data obf.pdf}
}

@misc{cnbcPillPack2019,
  title = {The inside Story of Why {{Amazon}} Bought {{PillPack}} in Its Effort to Crack the \$500 Billion Prescription Market},
  author = {Farr, Christina},
  year = {2019},
  month = may,
  journal = {CNBC},
  urldate = {2024-07-24},
  chapter = {Technology},
  howpublished = {https://www.cnbc.com/2019/05/10/why-amazon-bought-pillpack-for-753-million-and-what-happens-next.html},
  langid = {english}
}

@misc{CNETabeBooks2008,
  title = {Amazon to Acquire Rare-Book Site {{AbeBooks}} - {{CNET}}},
  author = {Jackson, Holly},
  year = {2008},
  month = aug,
  journal = {CNET},
  urldate = {2024-07-23},
  howpublished = {https://www.cnet.com/tech/services-and-software/amazon-to-acquire-rare-book-site-abebooks/}
}

@misc{cockerham2002,
  title = {Ultimate {{Shopper}}: {{Modifying}} Your Club Card},
  author = {Cockerham, Rob},
  year = {2002},
  month = dec,
  urldate = {2024-07-24},
  howpublished = {https://www.cockeyed.com/pranks/safeway/ultimate\_shopper.html}
}

@techreport{CR2023,
  title = {Who {{Shares Your Information With Facebook}}? {{Sampling}} the {{Surveillance Economy}} in 2023},
  author = {Marti, Don and Lin, Fengyang and Schwartz, Matthew and Fahs, Ginny},
  year = {2023},
  institution = {Consumer Reports}
}

@article{deMontjoye2015,
  title = {Unique in the Shopping Mall: {{On}} the Reidentifiability of Credit Card Metadata},
  shorttitle = {Unique in the Shopping Mall},
  author = {{de Montjoye}, Yves-Alexandre and Radaelli, Laura and Singh, Vivek Kumar and Pentland, Alex ``Sandy''},
  year = {2015},
  month = jan,
  journal = {Science},
  volume = {347},
  number = {6221},
  pages = {536--539},
  publisher = {American Association for the Advancement of Science},
  doi = {10.1126/science.1256297},
  urldate = {2023-12-30},
  file = {/Users/aberke/Zotero/storage/N7U52PI5/de Montjoye et al. - 2015 - Unique in the shopping mall On the reidentifiabil.pdf}
}

@article{dingledine,
  title = {Tor: {{The Second-Generation Onion Router}}},
  author = {Dingledine, Roger and Mathewson, Nick and Syverson, Paul},
  langid = {english},
  file = {/Users/aberke/Zotero/storage/FKQGRK6H/Dingledine et al. - Tor The Second-Generation Onion Router.pdf}
}

@article{dominici2021,
  title = {Determinants of Online Food Purchasing: {{The}} Impact of Socio-Demographic and Situational Factors},
  shorttitle = {Determinants of Online Food Purchasing},
  author = {Dominici, Andrea and Boncinelli, Fabio and Gerini, Francesca and Marone, Enrico},
  year = {2021},
  month = may,
  journal = {Journal of Retailing and Consumer Services},
  volume = {60},
  pages = {102473},
  issn = {0969-6989},
  doi = {10.1016/j.jretconser.2021.102473},
  urldate = {2024-07-30},
  keywords = {E-Commerce,E-Grocery,Italian consumers,Online attitudes,Online shopping}
}

@article{duhigg2012,
  title = {How {{Companies Learn Your Secrets}}},
  author = {Duhigg, Charles},
  year = {2012},
  month = feb,
  journal = {The New York Times},
  issn = {0362-4331},
  urldate = {2024-07-22},
  chapter = {Magazine},
  langid = {american},
  keywords = {Advertising and Marketing,Books and Literature,Brain,Columbia University,Consumer Behavior,Customer Relations,Data-Mining and Database Marketing,Massachusetts Institute of Technology,PREGNANCY AND OBSTETRICS,Privacy,Procter & Gamble Company,Psychology and Psychologists,Shopping and Retail,Smells and Odors,Statistics,Target Corporation,University of Alberta}
}

@article{dwork2014,
  title = {The Algorithmic Foundations of Differential Privacy},
  author = {Dwork, Cynthia and Roth, Aaron and others},
  year = {2014},
  journal = {Foundations and Trends in Theoretical Computer Science},
  volume = {9},
  number = {3--4},
  pages = {211--407},
  publisher = {Now Publishers, Inc.}
}

@misc{ECPA1986,
  title = {18 {{U}}.{{S}}. {{Code}} {\S} 2703 - {{Required}} Disclosure of Customer Communications or Records},
  year = {1986},
  journal = {LII / Legal Information Institute},
  urldate = {2024-07-26},
  howpublished = {https://www.law.cornell.edu/uscode/text/18/2703},
  langid = {english}
}

@misc{fairhousingact24CFR,
  title = {24 {{CFR}} {\S} 100.75 - {{Discriminatory}} Advertisements, Statements and Notices.},
  author = {LII / Legal Information Institute},
  urldate = {2024-03-25},
year={1968},
  howpublished = {https://www.law.cornell.edu/cfr/text/24/100.75}
}

@misc{FBAdPolicies,
  title = {About Audiences for Credit, Employment or Housing Campaigns},
  author = {Meta},
  year = {n.d.},
  journal = {Meta Business Help Center},
  urldate = {2024-03-25},
  howpublished = {https://www.facebook.com/business/help/2220749868045706},
  langid = {english},
  file = {/Users/aberke/Zotero/storage/RIVC6U7T/2220749868045706.html}
}

@misc{FBfairhousingactlawsuite,
  title = {Settlement Agreement and Release},
  author = {National Fair Housing Alliance},
  year = {2018},
howpublished={\url{https://nationalfairhousing.org/wp-content/uploads/2022/01/FINAL-SIGNED-NFHA-FB-Settlement-Agreement-00368652x9CCC2.pdf}}
}

@misc{FBmlAdDelivery,
  title = {How {{Does Facebook Use Machine Learning}} to {{Deliver Ads}}?},
  author = {Meta},
  year = {2020},
  month = jun,
  journal = {Meta for Business},
  urldate = {2024-03-25},
  howpublished = {https://www.facebook.com/business/news/good-questions-real-answers-how-does-facebook-use-machine-learning-to-deliver-ads},
  langid = {english},
  file = {/Users/aberke/Zotero/storage/RQUVLCNY/good-questions-real-answers-how-does-facebook-use-machine-learning-to-deliver-ads.html}
}

@techreport{fedreserve2024,
  title = {2024 {{Findings}} from the {{Diary}} of {{Consumer Payment Choice}}},
  author = {Bayeh, Berhan and Cubides, Emily and O'Brien, Shaun},
  year = {2024},
  institution = {The Federal Reserve Financial Services},
  langid = {english},
  annotation = {key:fedreserve2024},
  file = {/Users/aberke/Zotero/storage/KI95SID2/2024 - 2024 Findings from the Diary of Consumer Payment C.pdf}
}

@misc{GoogleAdPolicies,
  title = {Personalized Advertising - {{Advertising Policies Help}}},
  author = {Google},
  year = {2024},
  urldate = {2024-03-25},
  howpublished = {https://support.google.com/adspolicy/answer/143465?hl=en},
  file = {/Users/aberke/Zotero/storage/87UK3ADW/143465.html}
}

@article{guardian-fb-fined,
  title = {Facebook to Be Fined \$5bn for {{Cambridge Analytica}} Privacy Violations -- Reports},
  author = {Wong, Julia Carrie},
  year = {2019},
  month = jul,
  journal = {The Guardian},
  issn = {0261-3077},
  urldate = {2024-03-25},
  chapter = {Technology},
  langid = {british},
  keywords = {Cambridge Analytica,Facebook,Social networking,Technology,US news,World news},
  file = {/Users/aberke/Zotero/storage/AUPGVCR7/facebook-fine-ftc-privacy-violations.html}
}

@article{hamad2019,
  title = {The {{Impact}} of {{Demographic Variables}} and {{Consumer Shopping Orientations}} on the {{Purchasing Preference}} for {{Different Product Categories}} in the {{Context}} of {{Online Grocery Shopping}}},
  author = {Hamad, Haseba and Schmitz, Martin},
  year = {2019},
  month = jan,
  journal = {Journal of Marketing and Consumer Research},
  volume = {52},
  issn = {2422-8451},
  doi = {10.7176/JMCR}
}

@misc{hipaa,
  type = {Text},
  title = {The {{HIPAA Privacy Rule}}},
  author = {{The US Department of Health {and} Human Services}},
  year = {2008},
  month = may,
  urldate = {2024-07-24},
  howpublished = {https://www.hhs.gov/hipaa/for-professionals/privacy/index.html},
  langid = {english},
  annotation = {Last Modified: 2024-07-22T14:39:19-0400}
}

@article{hood2020,
  title = {Sociodemographic and Spatial Disaggregation of E-Commerce Channel Use in the Grocery Market in {{Great Britain}}},
  author = {Hood, Nick and Urquhart, Ryan and Newing, Andy and Heppenstall, Alison},
  year = {2020},
  month = jul,
  journal = {Journal of Retailing and Consumer Services},
  volume = {55},
  pages = {102076},
  issn = {0969-6989},
  doi = {10.1016/j.jretconser.2020.102076},
  urldate = {2024-07-30},
  keywords = {click and collect,consumer behaviour,e-commerce,grocery,home delivery,spatial analysis}
}

@inproceedings{ike2016,
  title = {{{PPEP}}: {{A Deployable Privacy Preserving E-Commerce Protocol}} for {{Electronic Goods}}},
  shorttitle = {{{PPEP}}},
  booktitle = {Proceedings of the 6th {{International Conference}} on {{Communication}} and {{Network Security}}},
  author = {Ike, Moses and Sarac, Kamil},
  year = {2016},
  month = nov,
  series = {{{ICCNS}} '16},
  pages = {104--112},
  publisher = {Association for Computing Machinery},
  address = {New York, NY, USA},
  doi = {10.1145/3017971.3017983},
  urldate = {2024-04-17},
  isbn = {978-1-4503-4783-9},
  keywords = {anonymity,e-commerce,Privacy}
}

@article{islam2022,
  title = {The Usefulness of Socio-Demographic Variables in Predicting Purchase Decisions: {{Evidence}} from Machine Learning Procedures},
  shorttitle = {The Usefulness of Socio-Demographic Variables in Predicting Purchase Decisions},
  author = {Islam, Towhidul and Meade, Nigel and Carson, Richard T. and Louviere, Jordan J. and Wang, Juan},
  year = {2022},
  month = nov,
  journal = {Journal of Business Research},
  volume = {151},
  pages = {324--338},
  issn = {0148-2963},
  doi = {10.1016/j.jbusres.2022.07.004},
  urldate = {2024-07-30},
  keywords = {Buy-no buy,Consumer targeting,Machine learning,Propensity score,Socio-demographic variables}
}

@inproceedings{jiang2019,
  title = {Demographic {{Prediction}} from {{Purchase Data Based}} on {{Knowledge-Aware Embedding}}},
  booktitle = {Neural {{Information Processing}}},
  author = {Jiang, Yiwen and Tang, Wei and Gao, Neng and Xiang, Ji and Su, Yijun},
  editor = {Gedeon, Tom and Wong, Kok Wai and Lee, Minho},
  year = {2019},
  pages = {297--308},
  publisher = {Springer International Publishing},
  address = {Cham},
  doi = {10.1007/978-3-030-36802-9_32},
  isbn = {978-3-030-36802-9},
  langid = {english},
  keywords = {Convolutional neural networks,Demographic prediction,Knowledge graph representation}
}

@inproceedings{kaplan2022,
  title = {Measurement and Analysis of Implied Identity in Ad Delivery Optimization},
  booktitle = {Proceedings of the 22nd {{ACM Internet Measurement Conference}}},
  author = {Kaplan, Levi and Gerzon, Nicole and Mislove, Alan and Sapiezynski, Piotr},
  year = {2022},
  month = oct,
  series = {{{IMC}} '22},
  pages = {195--209},
  publisher = {Association for Computing Machinery},
  address = {New York, NY, USA},
  doi = {10.1145/3517745.3561450},
  urldate = {2024-03-25},
  isbn = {978-1-4503-9259-4},
  file = {/Users/aberke/Zotero/storage/MTG3N4BU/Kaplan et al. - 2022 - Measurement and analysis of implied identity in ad.pdf}
}

@misc{keegan2021,
  title = {There's a {{Multibillion-Dollar Market}} for {{Your Phone}}'s {{Location Data}} -- {{The Markup}}},
  author = {Keegan, Jon and Ng, Alfred},
  year = {2021},
  month = sep,
  urldate = {2024-01-01},
  chapter = {Privacy},
  howpublished = {https://themarkup.org/privacy/2021/09/30/theres-a-multibillion-dollar-market-for-your-phones-location-data},
  langid = {english},
  annotation = {key:keegan2021}
}

@incollection{kim2019,
  title = {Predicting {{Multiple Demographic Attributes}} with {{Task Specific Embedding Transformation}} and {{Attention Network}}},
  booktitle = {Proceedings of the 2019 {{SIAM International Conference}} on {{Data Mining}} ({{SDM}})},
  author = {Kim, Raehyun and Kim, Hyunjae and Lee, Janghyuk and Kang, Jaewoo},
  year = {2019},
  month = may,
  series = {Proceedings},
  pages = {765--773},
  publisher = {{Society for Industrial and Applied Mathematics}},
  doi = {10.1137/1.9781611975673.86},
  urldate = {2024-07-30}
}

@misc{knowledgesourcingintelligencellp,
  title = {Data {{Broker Market Size}} \& {{Share}}: {{Industry Report}}, 2024 - 2029},
  shorttitle = {Data {{Broker Market Size}} \& {{Share}}},
  author = {Knowledge Sourcing Intelligence LLP},
  journal = {Knowledge Sourcing Intelligence LLP},
  urldate = {2024-07-22},
  howpublished = {https://www.knowledge-sourcing.com/report/global-data-broker-market},
year=2024,
}

@article{kosinski2013,
  title = {Private Traits and Attributes Are Predictable from Digital Records of Human Behavior},
  author = {Kosinski, Michal and Stillwell, David and Graepel, Thore},
  year = {2013},
  month = apr,
  journal = {Proceedings of the National Academy of Sciences},
  volume = {110},
  number = {15},
  pages = {5802--5805},
  publisher = {Proceedings of the National Academy of Sciences},
  doi = {10.1073/pnas.1218772110},
  urldate = {2024-07-30}
}

@article{ldiversity2007,
  title = {L-Diversity: {{Privacy}} beyond k-Anonymity},
  author = {Machanavajjhala, Ashwin and Kifer, Daniel and Gehrke, Johannes and Venkitasubramaniam, Muthuramakrishnan},
  year = {2007},
  journal = {Acm transactions on knowledge discovery from data (tkdd)},
  volume = {1},
  number = {1},
  pages = {3--es}
}

@article{li2023,
  title = {Reidentification {{Risk}} in {{Panel Data}}: {{Protecting}} for k-{{Anonymity}}},
  shorttitle = {Reidentification {{Risk}} in {{Panel Data}}},
  author = {Li, Shaobo and Schneider, Matthew J. and Yu, Yan and Gupta, Sachin},
  year = {2023},
  month = sep,
  journal = {Information Systems Research},
  volume = {34},
  number = {3},
  pages = {1066--1088},
  publisher = {INFORMS},
  issn = {1047-7047},
  doi = {10.1287/isre.2022.1169},
  urldate = {2024-07-30},
  keywords = {brand choice,data privacy,data sharing,hierarchical Bayesian model,optimization,unicity}
}

@misc{microsoftRequests,
  title = {Law {{Enforcement Request Report}} {\textbar} {{Microsoft CSR}}},
  author = {Microsoft},
    year={2022},
  urldate = {2024-07-26},
  howpublished = {https://www.microsoft.com/en-us/corporate-responsibility/law-enforcement-requests-report}
}

@techreport{npr/maristpoll2018,
  title = {The {{Digital Economy}}: {{Profiles}} of {{Online Consumers}} and {{Survey Methods}}},
institution={{NPR/Marist Poll}},
  author = {NPR/Marist Poll},
  year = {2018},
  month = may
}

@article{nytimesOneMed2022,
  title = {Amazon {{Wants}} to {{Be Your Doctor}}, {{Too}}},
  author = {Sorkin, Andrew Ross and Giang, Vivian and Gandel, Stephen and Hirsch, Lauren and Livni, Ephrat and Gross, Jenny},
  year = {2022},
  month = jul,
  journal = {The New York Times},
  issn = {0362-4331},
  urldate = {2024-07-24},
  chapter = {Business},
  langid = {american},
  howpublished={\url{https://www.nytimes.com/2022/07/22/business/dealbook/amazon-acquires-one-medical.html}}
}

@article{nytimesZappos2009,
  title = {Amazon's {{Expanding With Deal}} for {{Zappos}}},
  author = {Stone, Brad},
  year = {2009},
  month = jul,
  journal = {The New York Times},
  issn = {0362-4331},
  urldate = {2024-07-23},
  chapter = {Technology},
  langid = {american},
  keywords = {Amazon.com Inc,Mergers Acquisitions and Divestitures,Shoes and Boots,Zappos}
}

@book{obfuscation2015,
  title = {Obfuscation: {{A User}}'s {{Guide}} for {{Privacy}} and {{Protest}}},
  shorttitle = {Obfuscation},
  author = {Brunton, Finn and Nissenbaum, Helen},
  year = {2015},
  month = sep,
  publisher = {MIT Press},
  googlebooks = {LLT4DwAAQBAJ},
  isbn = {978-0-262-02973-5},
  langid = {english},
  keywords = {Computers / Internet / Online Safety & Privacy,Computers / Security / Network Security,Social Science / Privacy & Surveillance}
}

@inproceedings{ourCSCWpaper,
  title = {Insights from an Experiment Crowdsourcing Data from Thousands of {{US Amazon}} Users: {{The}} Importance of Transparency, Money, and Data Use},
  shorttitle = {Insights from an Experiment Crowdsourcing Data from Thousands of {{US Amazon}} Users},
  author = {Berke, Alex and Mahari, Robert and Pentland, Sandy and Larson, Kent and Calacci, D.},
booktitle={Proceedings of the ACM on Human-Computer Interaction (CSCW)},
  year = {2024},
  keywords = {Computer Science - Computers and Society,Computer Science - Human-Computer Interaction},
url={https://doi.org/10.1145/3687005},
doi={10.1145/3687005}
}

@inproceedings{ourFlocPaper,
  title = {Privacy Limitations of Interest-Based Advertising on the Web: {{A}} Post-Mortem Empirical Analysis of {{Google}}'s {{FLoC}}},
  booktitle = {Proceedings of the 2022 {{ACM SIGSAC Conference}} on {{Computer}} and {{Communications Security}}},
  author = {Berke, Alex and Calacci, Dan},
  year = {2022},
  pages = {337--349},
url={https://doi.org/10.1145/3548606.3560626},
doi={10.1145/3548606.3560626}
}

@article{ourSciDataPaper,
  title = {Open E-Commerce 1.0, Five Years of Crowdsourced {{U}}.{{S}}. {{Amazon}} Purchase Histories with User Demographics},
  author = {Berke, Alex and Calacci, Dan and Mahari, Robert and Yabe, Takahiro and Larson, Kent and Pentland, Sandy},
  year = {2024},
  month = may,
  journal = {Scientific Data},
  volume = {11},
  number = {1},
  pages = {491},
  publisher = {Nature Publishing Group},
  issn = {2052-4463},
  doi = {10.1038/s41597-024-03329-6},
  urldate = {2024-07-22},
  copyright = {2024 The Author(s)},
  langid = {english},
  keywords = {Economics,Research data},
  annotation = {key: ourSciDataPaper}
}

@article{potoglou2015,
  title = {An Integrated Latent Variable and Choice Model to Explore the Role of Privacy Concern on Stated Behavioural Intentions in E-Commerce},
  author = {Potoglou, Dimitris and Palacios, Juan-Francisco and Feij{\'o}o, Claudio},
  year = {2015},
  month = dec,
  journal = {Journal of Choice Modelling},
  volume = {17},
  pages = {10--27},
  issn = {1755-5345},
  doi = {10.1016/j.jocm.2015.12.002},
  urldate = {2024-07-26},
  keywords = {Behavioural intentions,Discrete choice experiment,E-commerce,Integrated choice and latent variable model,Privacy concern}
}

@inproceedings{privateDeliveryNetworks2021,
  title = {Private {{Delivery Networks}} - {{Extended Abstract}}},
  booktitle = {3rd {{Workshop}} on Obfuscation},
  author = {Berke, Alex and Lee, Nicolas and Chwalek, Patrick},
  year = {2021},
  month = aug,
    url={https://arxiv.org/pdf/2108.07354},
  urldate = {2024-04-16},
  keywords = {Computer Science - Computers and Society}
}

@article{reutersAudible2008,
  title = {Amazon to Buy {{Audible}}},
  author = {Franklin, Paul},
  year = {2008},
  month = jan,
  journal = {Reuters},
  urldate = {2024-07-23},
  chapter = {Technology},
  langid = {english}
}

@inproceedings{swapmob2018,
  title = {{{SwapMob}}: {{Swapping Trajectories}} for {{Mobility Anonymization}}},
  shorttitle = {{{SwapMob}}},
  booktitle = {Privacy in {{Statistical Databases}}},
  author = {Salas, Juli{\'a}n and Meg{\'i}as, David and Torra, Vicen{\c c}},
  editor = {{Domingo-Ferrer}, Josep and Montes, Francisco},
  year = {2018},
  pages = {331--346},
  publisher = {Springer International Publishing},
  address = {Cham},
  doi = {10.1007/978-3-319-99771-1_22},
  isbn = {978-3-319-99771-1},
  langid = {english}
}

@article{swapmob2020,
  title = {Swapping Trajectories with a Sufficient Sanitizer},
  author = {Salas, Juli{\'a}n and Meg{\'i}as, David and Torra, Vicen{\c c} and Toger, Marina and Dahne, Joel and Sainudiin, Raazesh},
  year = {2020},
  month = mar,
  journal = {Pattern Recognition Letters},
  volume = {131},
  pages = {474--480},
  issn = {0167-8655},
  doi = {10.1016/j.patrec.2020.02.011},
  urldate = {2024-07-30},
  keywords = {Intelligent transportation systems,Origin-Destination matrices,Privacy preserving mobility data mining,Real-time mobility data anonymization,Sufficient sanitizer,Trajectory anonymization}
}

@misc{zapposSEC2009,
  title = {Press {{Release}}: {{Amazon}}.Com to {{Acquire Zappos}}.Com},
  author = {SEC},
  year = {2009},
  month = jul,
  journal = {sec.gov},
  urldate = {2024-07-24},
  howpublished = {\url{https://www.sec.gov/Archives/edgar/data/1018724/000119312509153130/dex991.htm}}
}

@misc{secinfo98,
  title = {{{EX-99}}.2   ---   {{Press Release Regarding}} the {{Acquisitions}} {\textbar} {{AMAZON}}.{{COM ACQUIRES THREE LEADING INTERNET COMPANIES}}},
  author = {SEC Info},
  year = {98},
  month = apr,
  journal = {SEC Info},
  urldate = {2024-07-23},
  howpublished = {https://www.secinfo.com/dr643.7kp.c.htm\#1stPage}
}

@article{sklearn2011,
  title = {Scikit-Learn: {{Machine Learning}} in {{Python}}},
  author = {Pedregosa, Fabian and Varoquaux, Gael and Gramfort, Alexandre and Michel, Vincent and Thirion, Bertrand and Grisel, Olivier and Blondel, Mathieu and Prettenhofer, Peter and Weiss, Ron and Dubourg, Vincent and Vanderplas, Jake and Passos, Alexandre and Cournapeau, David},
  year = {2011},
  journal = {Journal of Machine Learning Research},
  volume = {12},
  pages = {2825--2830},
  langid = {english},
  file = {/Users/aberke/Zotero/storage/ABUQNZ9C/Pedregosa et al. - Scikit-learn Machine Learning in Python.pdf}
}

@article{bloomberg2024,
  title = {Amazon {{Prime Memberships}} in {{US Gain}} 8\% to {{New High After Lull}}},
  author = {Soper, Spencer},
  year = {2024},
  month = apr,
  journal = {Bloomberg.com},
  urldate = {2024-07-23},
  langid = {english},
  howpublished={\url{https://www.bloomberg.com/news/articles/2024-04-16/amazon-prime-memberships-in-us-gain-8-to-new-high-after-lull}}
}

@misc{statista2023,
  title = {Biggest Online Retailers in the {{U}}.{{S}}. 2023, by Market Share {\textbar} {{Statista}}},
  author = {Chevalier, Stephanie},
  year = {2024},
  month = may,
  journal = {Statista},
  urldate = {2024-07-23},
  howpublished = {https://www.statista.com/statistics/274255/market-share-of-the-leading-retailers-in-us-e-commerce/},
  langid = {english}
}

@article{ft2013,
  title = {Financial Worth of Data Comes in at under a Penny a Piece},
  author = {Steel, Emily},
  year = {2013},
  month = jun,
  journal = {Financial Times},
  urldate = {2024-07-22},
  chapter = {Financial Times},
howpublished={\url{https://www.ft.com/content/3cb056c6-d343-11e2-b3ff-00144feab7de}}
}


@article{sweeney2002,
  title = {K-Anonymity: {{A}} Model for Protecting Privacy},
  author = {Sweeney, Latanya},
  year = {2002},
  journal = {International journal of uncertainty, fuzziness and knowledge-based systems},
  volume = {10},
  number = {05},
  pages = {557--570},
  publisher = {World Scientific}
}

@misc{techcrunchZappos2009,
  title = {Amazon {{Closes Zappos Deal}}, {{Ends Up Paying}} \$1.2 {{Billion}}},
  author = {Tech Crunch},
  year = {2009},
  month = nov,
  journal = {Tech Crunch},
  urldate = {2024-07-24},
  howpublished = {https://techcrunch.com/2009/11/02/amazon-closes-zappos-deal-ends-up-paying-1-2-billion/}
}

@misc{titleVII1964employment,
  title = {Title {{VII}} of the {{Civil Rights Act}} of 1964},
  year = {1964},
  author = {LII / Legal Information Institute},
  journal = {LII / Legal Information Institute},
  urldate = {2024-03-25},
  howpublished = {\url{https://www.law.cornell.edu/wex/title\_vii}},
  langid = {english}
}

@techreport{tor2004,
  title = {Tor: {{The Second-Generation Onion Router}}},
  shorttitle = {Tor},
  author = {Dingledine, Roger and Mathewson, Nick and Syverson, Paul},
  year = {2004},
  month = jan,
  address = {Fort Belvoir, VA},
  institution = {Defense Technical Information Center},
  doi = {10.21236/ADA465464},
  urldate = {2024-07-30},
  langid = {english},
  file = {/Users/aberke/Zotero/storage/WSDR3C5C/Dingledine et al. - 2004 - Tor The Second-Generation Onion Router.pdf}
}

@misc{torMetrics,
  title = {Servers -- {{Tor Metrics}}},
  urldate = {2024-07-30},
author={The Tor Project},
year={2006},
  howpublished = {https://metrics.torproject.org/bubbles.html\#country}
}

@misc{vertesi2014,
  title = {My {{Experiment Opting Out}} of {{Big Data Made Me Look Like}} a {{Criminal}}},
  author = {Vertesi, Janet},
  year = {2014},
  month = may,
  journal = {TIME},
  urldate = {2024-07-22},
  howpublished = {https://time.com/83200/privacy-internet-big-data-opt-out/},
  langid = {english}
}

@article{wang2016,
  title = {Your {{Cart}} Tells {{You}}: {{Inferring Demographic Attributes}} from {{Purchase Data}}},
  author = {Wang, Pengfei and {View Profile} and Guo, Jiafeng and {View Profile} and Lan, Yanyan and {View Profile} and Xu, Jun and {View Profile} and Cheng, Xueqi and {View Profile}},
  year = {2016},
  month = feb,
  journal = {Proceedings of the Ninth ACM International Conference on Web Search and Data Mining},
  series = {{{ACM Conferences}}},
  pages = {173--182},
  issn = {9781450337168},
  doi = {10.1145/2835776.2835783},
  urldate = {2024-07-30},
  keywords = {demographic attribute,multitask multi-class prediction,structured neural embedding}
}

@misc{weigel2023,
  type = {{{SSRN Scholarly Paper}}},
  title = {Amazon's {{Trickle-Down Monopoly}}: {{Third-Party Sellers}} and the {{Transformation}} of {{Small Business}}},
  shorttitle = {Amazon's {{Trickle-Down Monopoly}}},
  author = {Weigel, Moira},
  year = {2023},
  month = jan,
  number = {4317167},
  address = {Rochester, NY},
  doi = {10.2139/ssrn.4317167},
  urldate = {2024-07-24},
  langid = {english},
  keywords = {Amazon,China Studies,digital labor,entrepreneurship,monopoly,platforms}
}

@article{WP2020,
  title = {Cambridge {{Analytica}} Database Identified {{Black}} Voters as Ripe for `Deterrence,' {{British}} Broadcaster Says},
  author = {Timberg, Craig and {Stanley-Becker}, Isaac},
  year = {2020},
  month = sep,
  journal = {Washington Post},
  issn = {0190-8286},
  urldate = {2024-03-25},
  langid = {american},
  file = {/Users/aberke/Zotero/storage/8JCHZNKT/trump-2016-cambridge-analytica-suppression.html}
}

@article{wsjWF2017,
  title = {Big {{Prize}} in {{Amazon-Whole Foods Deal}}: {{Data}}},
  shorttitle = {Big {{Prize}} in {{Amazon-Whole Foods Deal}}},
  author = {Stevens, Laura and Haddon, Heather},
  year = {2017},
  month = jun,
  journal = {Wall Street Journal},
  urldate = {2024-07-24},
  chapter = {Tech},
  langid = {american},
    howpublished={\url{https://www.wsj.com/articles/big-prize-in-amazon-whole-foods-deal-data-1497951004}}
}

@misc{zcash,
  title = {Zcash: {{Privacy-protecting}} Digital Currency},
    author={zcash},
  shorttitle = {Zcash},
year={2016},
  journal = {Z.Cash},
  urldate = {2024-07-30},
  howpublished = {https://z.cash/},
  langid = {american}
}

@inproceedings{zerocash2014,
  title = {Zerocash: {{Decentralized Anonymous Payments}} from {{Bitcoin}}},
  shorttitle = {Zerocash},
  booktitle = {2014 {{IEEE Symposium}} on {{Security}} and {{Privacy}}},
  author = {Ben Sasson, Eli and Chiesa, Alessandro and Garman, Christina and Green, Matthew and Miers, Ian and Tromer, Eran and Virza, Madars},
  year = {2014},
  month = may,
  pages = {459--474},
  issn = {2375-1207},
  doi = {10.1109/SP.2014.36},
  urldate = {2024-07-30},
  keywords = {Bitcoin,decentralized electronic cash,Logic gates,Online banking,Privacy,Protocols,Public key,zero knowledge}
}

@misc{primeVisa,
  title = {Prime Visa},
    author="Amazon.com",
  urldate = {2024-07-26},
    year={2017},
  howpublished = {https://www.amazon.com/Prime-Visa/dp/BT00LN946S}
}
@misc{primeVisa2017,
  title = {Amazon and {{Chase Introduce New Prime Rewards Visa Card With}} 5\% {{Back}} on {{All Amazon}}.Com {{Purchases}} and {{Rewards Everywhere Else You Shop}}},
  author = {Amazon Press Center},
  year = {2017},
  month = jan,
  journal = {Press Center},
  urldate = {2024-08-01},
  chapter = {Retail},
  howpublished = {https://press.aboutamazon.com/2017/1/amazon-and-chase-introduce-new-prime-rewards-visa-card-with-5-back-on-all-amazon-com-purchases-and-rewards-everywhere-else-you-shop},
  langid = {english}
}


@inproceedings{ghostbuy2023,
  title = {{{GhostBuy}} : {{An All-Steps Anonymous Purchase Platform}} ({{ASAPP}}) Based on {{Separation}} of {{Data}}},
  shorttitle = {{{GhostBuy}}},
  booktitle = {2023 20th {{Annual International Conference}} on {{Privacy}}, {{Security}} and {{Trust}} ({{PST}})},
  author = {Willems, Fabian and Adams, Carlisle},
  year = {2023},
  month = aug,
  pages = {1--12},
  issn = {2643-4202},
  doi = {10.1109/PST58708.2023.10320162},
  urldate = {2024-07-30},
  keywords = {Databases,Law,Pandemics,Privacy,Prototypes,Surveys,Systems architecture}
}

@misc{primeVisa2002023,
  title = {Just in Time for the Holidays: {{Amazon Prime Visa}} Offering \$200 Gift Card Welcome Bonus {\textbar} {{CNBC}}},
  shorttitle = {Just in Time for the Holidays},
  author = {Suknanan, Jasmin},
  year = {2023},
  month = nov,
  journal = {CNBC},
  urldate = {2024-08-01},
  chapter = {Select: Credit Cards},
  howpublished = {https://www.cnbc.com/select/amazon-credit-card-welcome-bonus-new/},
  langid = {english}
}

@misc{amazonShopperPanel,
	title = {Amazon Shopper Panel},
	author = {Amazon.com Inc},
        year={2024},
	howpublished = {\url{https://panel.amazon.com/}},
	urldate = {2024-11-14}
}

@misc{nielsenconsumerllc2022,
	title = {{POS} data vs panel data: Key differences},
	howpublished = {\url{https://nielseniq.com/global/en/insights/analysis/2022/pos-data-vs-panel-data-key-differences/}},
	shorttitle = {{POS} data vs panel data},
	abstract = {{CPG} brands should know about {POS} data and panel data, what they’re used for, and where to get them. Do you know the {POS} data meaning?},
	titleaddon = {{NIQ}},
	author = {Nielsen Consumer {LLC}},
	urldate = {2024-11-14},
        year={2022},
	date = {2022-04-27},
	langid = {english}
}

@misc{internationalisbnagency2024,
title = {What is an {ISBN}?},
howpublished= {\url{https://www.isbn-international.org/content/what-isbn/10}},
author = {International {ISBN} Agency},
urldate = {2024-11-15},
year={2024}
}

