@article{EBM_34,
  title={Your GAN is secretly an energy-based model and you should use discriminator driven latent sampling},
  author={Che, Tong and Zhang, Ruixiang and Sohl-Dickstein, Jascha and Larochelle, Hugo and Paull, Liam and Cao, Yuan and Bengio, Yoshua},
  journal={Advances in Neural Information Processing Systems},
  volume={33},
  pages={12275--12287},
  year={2020}
}

@article{EBM_57,
  title={On tracking the partition function},
  author={Desjardins, Guillaume and Bengio, Yoshua and Courville, Aaron C},
  journal={Advances in Neural Information Processing Systems},
  volume={24},
  year={2011}
}

@article{EBM_68,
  title={Implicit generation and modeling with energy based models},
  author={Du, Yilun and Mordatch, Igor},
  journal={Advances in Neural Information Processing Systems},
  volume={32},
  year={2019}
}

@article{INDM,
  title={Maximum likelihood training of implicit nonlinear diffusion model},
  author={Kim, Dongjun and Na, Byeonghu and Kwon, Se Jung and Lee, Dongsoo and Kang, Wanmo and Moon, Il-Chul},
  journal={Advances in Neural Information Processing Systems},
  volume={35},
  pages={32270--32284},
  year={2022}
}

@article{bright,
  title={Self-supervised monocular depth and ego-motion estimation in endoscopy: Appearance flow to the rescue},
  author={Shao, Shuwei and Pei, Zhongcai and Chen, Weihai and Zhu, Wentao and Wu, Xingming and Sun, Dianmin and Zhang, Baochang},
  journal={Medical Image Analysis},
  volume={77},
  pages={102338},
  year={2022},
  publisher={Elsevier}
}

@inproceedings{dif_rep,
  title={Diffusion model as representation learner},
  author={Yang, Xingyi and Wang, Xinchao},
  booktitle={Proceedings of the IEEE/CVF International Conference on Computer Vision},
  pages={18938--18949},
  year={2023}
}

@article{dif_rep_cla_1,
  title={Diffusion models beat gans on image classification},
  author={Mukhopadhyay, Soumik and Gwilliam, Matthew and Agarwal, Vatsal and Padmanabhan, Namitha and Swaminathan, Archana and Hegde, Srinidhi and Zhou, Tianyi and Shrivastava, Abhinav},
  journal={arXiv preprint arXiv:2307.08702},
  year={2023}
}

@inproceedings{dif_rep_cla_2,
  title={Learning data representations with joint diffusion models},
  author={Deja, Kamil and Trzci{\'n}ski, Tomasz and Tomczak, Jakub M},
  booktitle={Joint European Conference on Machine Learning and Knowledge Discovery in Databases},
  pages={543--559},
  year={2023},
  organization={Springer}
}

@inproceedings{dif_rep_multi_task,
  title={Unleashing text-to-image diffusion models for visual perception},
  author={Zhao, Wenliang and Rao, Yongming and Liu, Zuyan and Liu, Benlin and Zhou, Jie and Lu, Jiwen},
  booktitle={Proceedings of the IEEE/CVF International Conference on Computer Vision},
  pages={5729--5739},
  year={2023}
}

@inproceedings{dif_rep_seg_2,
  title={Dreamteacher: Pretraining image backbones with deep generative models},
  author={Li, Daiqing and Ling, Huan and Kar, Amlan and Acuna, David and Kim, Seung Wook and Kreis, Karsten and Torralba, Antonio and Fidler, Sanja},
  booktitle={Proceedings of the IEEE/CVF International Conference on Computer Vision},
  pages={16698--16708},
  year={2023}
}

@article{dif_rep_survey,
  title={Diffusion models and representation learning: A survey},
  author={Fuest, Michael and Ma, Pingchuan and Gui, Ming and Fischer, Johannes S and Hu, Vincent Tao and Ommer, Bjorn},
  journal={arXiv preprint arXiv:2407.00783},
  year={2024}
}

@inproceedings{ldm,
  title={High-resolution image synthesis with latent diffusion models},
  author={Rombach, Robin and Blattmann, Andreas and Lorenz, Dominik and Esser, Patrick and Ommer, Bj{\"o}rn},
  booktitle={Proceedings of the IEEE/CVF Conference on Computer Vision and Pattern Recognition},
  pages={10684--10695},
  year={2022}
}

@article{platonic,
  title={The platonic representation hypothesis},
  author={Huh, Minyoung and Cheung, Brian and Wang, Tongzhou and Isola, Phillip},
  journal={arXiv preprint arXiv:2405.07987},
  year={2024}
}

@inproceedings{real_world_1,
  title={Contrastive Multiview Coding},
  author={ Tian, Yonglong  and  Krishnan, Dilip  and  Isola, Phillip },
  booktitle={European Conference on Computer Vision},
  year={2020},
}

@inproceedings{real_world_2,
  title={Contrastive learning inverts the data generating process},
  author={Zimmermann, Roland S and Sharma, Yash and Schneider, Steffen and Bethge, Matthias and Brendel, Wieland},
  booktitle={International Conference on Machine Learning},
  pages={12979--12990},
  year={2021},
  organization={PMLR}
}

@article{rep_1,
  title={Your vit is secretly a hybrid discriminative-generative diffusion model},
  author={Yang, Xiulong and Shih, Sheng-Min and Fu, Yinlin and Zhao, Xiaoting and Ji, Shihao},
  journal={arXiv preprint arXiv:2208.07791},
  year={2022}
}

@article{rep_2,
  title={Addp: Learning general representations for image recognition and generation with alternating denoising diffusion process},
  author={Tian, Changyao and Tao, Chenxin and Dai, Jifeng and Li, Hao and Li, Ziheng and Lu, Lewei and Wang, Xiaogang and Li, Hongsheng and Huang, Gao and Zhu, Xizhou},
  journal={arXiv preprint arXiv:2306.05423},
  year={2023}
}

@inproceedings{rep_3,
  title={Denoising diffusion autoencoders are unified self-supervised learners},
  author={Xiang, Weilai and Yang, Hongyu and Huang, Di and Wang, Yunhong},
  booktitle={Proceedings of the IEEE/CVF International Conference on Computer Vision},
  pages={15802--15812},
  year={2023}
}

@inproceedings{rep_4,
  title={Dreamteacher: Pretraining image backbones with deep generative models},
  author={Li, Daiqing and Ling, Huan and Kar, Amlan and Acuna, David and Kim, Seung Wook and Kreis, Karsten and Torralba, Antonio and Fidler, Sanja},
  booktitle={Proceedings of the IEEE/CVF International Conference on Computer Vision},
  pages={16698--16708},
  year={2023}
}

@inproceedings{rep_5,
  title={Diffusion model as representation learner},
  author={Yang, Xingyi and Wang, Xinchao},
  booktitle={Proceedings of the IEEE/CVF International Conference on Computer Vision},
  pages={18938--18949},
  year={2023}
}

@article{rw_dl_1,
  title={Unsupervised Learning of Depth and Ego-Motion from Video},
  author={Tinghui Zhou and Matthew A. Brown and Noah Snavely and David G. Lowe},
  journal={2017 IEEE Conference on Computer Vision and Pattern Recognition (CVPR)},
  year={2017},
  pages={6612-6619},
  url={https://api.semanticscholar.org/CorpusID:11977588}
}

@article{rw_dl_2, 
  title={Occlusion Aware Unsupervised Learning of Optical Flow},
  author={Yang Wang and Yezhou Yang and Zhenheng Yang and Liang Zhao and Wei Xu},
  journal={2018 IEEE/CVF Conference on Computer Vision and Pattern Recognition},
  year={2017},
  pages={4884-4893},
  url={https://api.semanticscholar.org/CorpusID:3516250}
}

@article{rw_dl_3, 
  title={Unsupervised Learning of Depth and Ego-Motion from Monocular Video Using 3D Geometric Constraints},
  author={Reza Mahjourian and Martin Wicke and Anelia Angelova},
  journal={2018 IEEE/CVF Conference on Computer Vision and Pattern Recognition},
  year={2018},
  pages={5667-5675},
  url={https://api.semanticscholar.org/CorpusID:3645349}
}

@article{rw_dl_4, 
  title={Self-Supervised Learning With Geometric Constraints in Monocular Video: Connecting Flow, Depth, and Camera},
  author={Yuhua Chen and Cordelia Schmid and Cristian Sminchisescu},
  journal={2019 IEEE/CVF International Conference on Computer Vision (ICCV)},
  year={2019},
  pages={7062-7071},
  url={https://api.semanticscholar.org/CorpusID:196470796}
}

@inproceedings{rw_dl_5, 
  title={Unsupervised Scale-consistent Depth and Ego-motion Learning from Monocular Video},
  author={Jiawang Bian and Zhichao Li and Naiyan Wang and Huangying Zhan and Chunhua Shen and Ming-Ming Cheng and Ian D. Reid},
  booktitle={Neural Information Processing Systems},
  year={2019},
  url={https://api.semanticscholar.org/CorpusID:201660344}
}

@article{rw_dl_6, 
  title={Self-Supervised Monocular Trained Depth Estimation Using Self-Attention and Discrete Disparity Volume},
  author={Adrian Johnston and G. Carneiro},
  journal={2020 IEEE/CVF Conference on Computer Vision and Pattern Recognition (CVPR)},
  year={2020},
  pages={4755-4764},
  url={https://api.semanticscholar.org/CorpusID:214728327}
}

@article{rw_dl_7, 
  title={Digging Into Self-Supervised Monocular Depth Estimation},
  author={Cl{\'e}ment Godard and Oisin Mac Aodha and Gabriel J. Brostow},
  journal={2019 IEEE/CVF International Conference on Computer Vision (ICCV)},
  year={2018},
  pages={3827-3837},
  url={https://api.semanticscholar.org/CorpusID:46936649}
}

@article{rw_dl_8, 
  title={Self-Supervised Lightweight Depth Estimation in Endoscopy Combining CNN and Transformer},
  author={Zhuoyue Yang and Junjun Pan and Ju Dai and Zhen Sun and Yi Xiao},
  journal={IEEE Transactions on Medical Imaging},
  year={2024},
  volume={43},
  pages={1934-1944},
  url={https://api.semanticscholar.org/CorpusID:266930548}
}

@article{rw_dl_9, 
  title={MonoDiffusion: Self-Supervised Monocular Depth Estimation Using Diffusion Model},
  author={Shuwei Shao and Zhongcai Pei and Weihai Chen and Dingchi Sun and Peter C. Y. Chen and Zhengguo Li},
  journal={arXiv preprint arXiv:2311.07198},
  year={2023},
  url={https://api.semanticscholar.org/CorpusID:265150058}
}

