@inproceedings{chao2019collaborative,
  title={Collaborative filtering recommendation algorithm classification and comparative study},
  author={Chao, Duan and Kaili, Lu and Jing, Zhang and Xie, Jerry},
  booktitle={Proceedings of the 2019 4th International Conference on Distance Education and Learning},
  pages={106--111},
  year={2019}
}

@inproceedings{dalipi2018mooc,
  title={MOOC dropout prediction using machine learning techniques: Review and research challenges},
  author={Dalipi, Fisnik and Imran, Ali Shariq and Kastrati, Zenun},
  booktitle={2018 IEEE global engineering education conference (EDUCON)},
  pages={1007--1014},
  year={2018},
  organization={IEEE}
}

@inproceedings{fu2015undergraduate,
  title={The undergraduate-oriented framework of MOOCs recommender system},
  author={Fu, Dan and Liu, Qingtang and Zhang, Si and Wang, Jianhu},
  booktitle={2015 International Symposium on Educational Technology (ISET)},
  pages={115--119},
  year={2015},
  organization={IEEE}
}

@inproceedings{gharahighehi2023extending,
  title={Extending Bayesian Personalized Ranking with Survival Analysis for MOOC Recommendation},
  author={Gharahighehi, Alireza and Venturini, Michela and Ghinis, Achilleas and Cornillie, Frederik and Vens, Celine},
  booktitle={Adjunct Proceedings of the 31st ACM Conference on User Modeling, Adaptation and Personalization},
  pages={56--59},
  year={2023}
}

@article{gitinabard2018your,
  title={Your actions or your associates? Predicting certification and dropout in MOOCs with behavioral and social features},
  author={Gitinabard, Niki and Khoshnevisan, Farzaneh and Lynch, Collin F and Wang, Elle Yuan},
  journal={arXiv preprint arXiv:1809.00052},
  year={2018}
}

@inproceedings{he2017design,
  title={Design and implementation of a unified MOOC recommendation system for social work major: Experiences and lessons},
  author={He, Xiaxu and Liu, Pengfei and Zhang, Weifeng},
  booktitle={2017 IEEE International Conference on Computational Science and Engineering (CSE) and IEEE International Conference on Embedded and Ubiquitous Computing (EUC)},
  volume={1},
  pages={219--223},
  year={2017},
  organization={IEEE}
}

@article{labrador2019survival,
  title={Survival and risk analysis in MOOCs},
  author={Labrador, Manuel Medina and Vargas, Gustavo R Garcia and Alvarado, Jorge and Caicedo, Mario},
  journal={Turkish Online Journal of Distance Education},
  volume={20},
  number={4},
  pages={149--159},
  year={2019}
}

@inproceedings{lu2019research,
  title={Research on the application of item-based collaborative filtering algorithms in MOOC},
  author={Lu, Qirong and Xia, Jiwei},
  booktitle={Journal of Physics: Conference Series},
  volume={1302},
  number={3},
  pages={032020},
  year={2019},
  organization={IOP Publishing}
}

@article{masci2024modelling,
  title={Modelling time-to-dropout via shared frailty Cox models. A trade-off between accurate and early predictions},
  author={Masci, Chiara and Cannistr{\`a}, Marta and Mussida, Paola},
  journal={Studies in Higher Education},
  volume={49},
  number={4},
  pages={763--781},
  year={2024},
  publisher={Taylor \& Francis}
}

@article{pan2022survival,
  title={A survival analysis based volatility and sparsity modeling network for student dropout prediction},
  author={Pan, Feng and Huang, Bingyao and Zhang, Chunhong and Zhu, Xinning and Wu, Zhenyu and Zhang, Moyu and Ji, Yang and Ma, Zhanfei and Li, Zhengchen},
  journal={PloS one},
  volume={17},
  number={5},
  pages={e0267138},
  year={2022},
  publisher={Public Library of Science San Francisco, CA USA}
}

@article{pang2018adaptive,
  title={Adaptive recommendation for MOOC with collaborative filtering and time series},
  author={Pang, Yanxia and Liu, Wenyan and Jin, Yuanyuan and Peng, Hongwei and Xia, Tian and Wu, Yonghe},
  journal={Computer Applications in Engineering Education},
  volume={26},
  number={6},
  pages={2071--2083},
  year={2018},
  publisher={Wiley Online Library}
}

@inproceedings{pardos2017enabling,
  title={Enabling real-time adaptivity in MOOCs with a personalized next-step recommendation framework},
  author={Pardos, Zachary A and Tang, Steven and Davis, Daniel and Le, Christopher Vu}

@article{song2016research,
  title={Research on network curriculum resources recommendation system based on MVC technology},
  author={Song, Han},
  journal={Revista Ib{\'e}rica de Sistemas e Tecnologias de Informa{\c{c}}{\~a}o},
  number={E10},
  pages={62},
  year={2016},
  publisher={Associa{\c{c}}{\~a}o Ib{\'e}rica de Sistemas e Tecnologias de Informacao}
}

@inproceedings{tang2017personalized,
  title={Personalized behavior recommendation: A case study of applicability to 13 courses on edX},
  author={Tang, Steven and Pardos, Zachary A},
  booktitle={Adjunct Publication of the 25th Conference on User Modeling, Adaptation and Personalization},
  pages={165--170},
  year={2017}
}

@article{uddin2021systematic,
  title={A systematic mapping review on MOOC recommender systems},
  author={Uddin, Imran and Imran, Ali Shariq and Muhammad, Khan and Fayyaz, Nosheen and Sajjad, Muhammad},
  journal={IEEE Access},
  volume={9},
  pages={118379--118405},
  year={2021},
  publisher={IEEE}
}

@article{wintermute2021survival,
  title={A survival model for course-course interactions in a Massive Open Online Course platform},
  author={Wintermute, Edwin H and Cisel, Matthieu and Lindner, Ariel B},
  journal={PloS one},
  volume={16},
  number={1},
  pages={e0245718},
  year={2021},
  publisher={Public Library of Science San Francisco, CA USA}
}

@article{wu2021collaborative,
  title={Collaborative filtering recommendation algorithm for MOOC resources based on deep learning},
  author={Wu, Lili},
  journal={Complexity},
  volume={2021},
  number={1},
  pages={5555226},
  year={2021},
  publisher={Wiley Online Library}
}

@article{xie2019modelling,
  title={Modelling the dropout patterns of MOOC learners},
  author={Xie, Zheng},
  journal={Tsinghua Science and Technology},
  volume={25},
  number={3},
  pages={313--324},
  year={2019},
  publisher={TUP}
}

@inproceedings{yang2014peer,
  title={Peer influence on attrition in massively open online courses},
  author={Yang, Diyi and Wen, Miaomiao and Rose, Carolyn},
  booktitle={Educational data mining 2014},
  year={2014}
}

@inproceedings{yin2020mooc,
  title={A mooc courses recommendation system based on learning behaviours},
  author={Yin, Shengjun and Yang, Kailai and Wang, Hongzhi},
  booktitle={Proceedings of the ACM Turing Celebration Conference-China},
  pages={133--137},
  year={2020}
}

