%% Journal article

%%============================================================================%%
%% while using chicago reference style, both abbreviated and expanded form of %%
%% author name format is acceptable. Refer below example for expanded form    %%
%%============================================================================%%

%%  author		= "{Cameron, Deborah}", - single author
%%  author		= "{Saito, Yukio} and {Hyuga, Hiroyuki}", - double author 

%%======================================%%
%% Example for author names with suffix %%
%%======================================%%

%%  author		= "{Price, R. A. Jr} and {Curry, N. {III}} and McCann, K. E. and 
%%					Fielding, J. L. and {Abercrombie, E. Jr}",


% Journals

% First the Full Name is given, then the abbreviation used in the AMS Math
% Reviews, with an indication if it could not be found there.
% Note the 2nd overwrites the 1st, so swap them if you want the full name.

 %{AMS}
 @String{AMSTrans = "American Mathematical Society Translations" }
 @String{AMSTrans = "Amer. Math. Soc. Transl." }
 @String{BullAMS = "Bulletin of the American Mathematical Society" }
 @String{BullAMS = "Bull. Amer. Math. Soc." }
 @String{ProcAMS = "Proceedings of the American Mathematical Society" }
 @String{ProcAMS = "Proc. Amer. Math. Soc." }
 @String{TransAMS = "Transactions of the American Mathematical Society" }
 @String{TransAMS = "Trans. Amer. Math. Soc." }

 %ACM
 @String{CACM = "Communications of the {ACM}" }
 @String{CACM = "Commun. {ACM}" }
 @String{CompServ = "Comput. Surveys" }
 @String{JACM = "J. ACM" }
 @String{ACMMathSoft = "{ACM} Transactions on Mathematical Software" }
 @String{ACMMathSoft = "{ACM} Trans. Math. Software" }
 @String{SIGNUM = "{ACM} {SIGNUM} Newsletter" }
 @String{SIGNUM = "{ACM} {SIGNUM} Newslett." }

 @String{AmerSocio = "American Journal of Sociology" }
 @String{AmerStatAssoc = "Journal of the American Statistical Association" }
 @String{AmerStatAssoc = "J. Amer. Statist. Assoc." }
 @String{ApplMathComp = "Applied Mathematics and Computation" }
 @String{ApplMathComp = "Appl. Math. Comput." }
 @String{AmerMathMonthly = "American Mathematical Monthly" }
 @String{AmerMathMonthly = "Amer. Math. Monthly" }
 @String{BIT = "{BIT}" }
 @String{BritStatPsych = "British Journal of Mathematical and Statistical
          Psychology" }
 @String{BritStatPsych = "Brit. J. Math. Statist. Psych." }
 @String{CanMathBull = "Canadian Mathematical Bulletin" }
 @String{CanMathBull = "Canad. Math. Bull." }
 @String{CompApplMath = "Journal of Computational and Applied Mathematics" }
 @String{CompApplMath = "J. Comput. Appl. Math." }
 @String{CompPhys = "Journal of Computational Physics" }
 @String{CompPhys = "J. Comput. Phys." }
 @String{CompStruct = "Computers and Structures" }
 @String{CompStruct = "Comput. \& Structures" }
 @String{CompJour = "The Computer Journal" }
 @String{CompJour = "Comput. J." }
 @String{CompSysSci = "Journal of Computer and System Sciences" }
 @String{CompSysSci = "J. Comput. System Sci." }
 @String{Computing = "Computing" }
 @String{ContempMath = "Contemporary Mathematics" }
 @String{ContempMath = "Contemp. Math." }
 @String{Crelle = "Crelle's Journal" }
 @String{GiornaleMath = "Giornale di Mathematiche" }
 @String{GiornaleMath = "Giorn. Mat." } % didn't find in AMS MR., ibid.

 %IEEE
 @String{Computer = "{IEEE} Computer" }
 @String{IEEETransComp = "{IEEE} Transactions on Computers" }
 @String{IEEETransComp = "{IEEE} Trans. Comput." }
 @String{IEEETransAC = "{IEEE} Transactions on Automatic Control" }
 @String{IEEETransAC = "{IEEE} Trans. Automat. Control" }
 @String{IEEESpec = "{IEEE} Spectrum" } % didn't find in AMS MR
 @String{ProcIEEE = "Proceedings of the {IEEE}" }
 @String{ProcIEEE = "Proc. {IEEE}" } % didn't find in AMS MR
 @String{IEEETransAeroElec = "{IEEE} Transactions on Aerospace and Electronic
     Systems" }
 @String{IEEETransAeroElec = "{IEEE} Trans. Aerospace Electron. Systems" }

 @String{IMANumerAna = "{IMA} Journal of Numerical Analysis" }
 @String{IMANumerAna = "{IMA} J. Numer. Anal." }
 @String{InfProcLet = "Information Processing Letters" }
 @String{InfProcLet = "Inform. Process. Lett." }
 @String{InstMathApp = "Journal of the Institute of Mathematics and
     its Applications" }
 @String{InstMathApp = "J. Inst. Math. Appl." }
 @String{IntControl = "International Journal of Control" }
 @String{IntControl = "Internat. J. Control" }
 @String{IntNumerEng = "International Journal for Numerical Methods in
     Engineering" }
 @String{IntNumerEng = "Internat. J. Numer. Methods Engrg." }
 @String{IntSuper = "International Journal of Supercomputing Applications" }
 @String{IntSuper = "Internat. J. Supercomputing Applic." } % didn't find
%% in AMS MR
 @String{Kibernetika = "Kibernetika" }
 @String{JResNatBurStand = "Journal of Research of the National Bureau
     of Standards" }
 @String{JResNatBurStand = "J. Res. Nat. Bur. Standards" }
 @String{LinAlgApp = "Linear Algebra and its Applications" }
 @String{LinAlgApp = "Linear Algebra Appl." }
 @String{MathAnaAppl = "Journal of Mathematical Analysis and Applications" }
 @String{MathAnaAppl = "J. Math. Anal. Appl." }
 @String{MathAnnalen = "Mathematische Annalen" }
 @String{MathAnnalen = "Math. Ann." }
 @String{MathPhys = "Journal of Mathematical Physics" }
 @String{MathPhys = "J. Math. Phys." }
 @String{MathComp = "Mathematics of Computation" }
 @String{MathComp = "Math. Comp." }
 @String{MathScand = "Mathematica Scandinavica" }
 @String{MathScand = "Math. Scand." }
 @String{TablesAidsComp = "Mathematical Tables and Other Aids to Computation" }
 @String{TablesAidsComp = "Math. Tables Aids Comput." }
 @String{NumerMath = "Numerische Mathematik" }
 @String{NumerMath = "Numer. Math." }
 @String{PacificMath = "Pacific Journal of Mathematics" }
 @String{PacificMath = "Pacific J. Math." }
 @String{ParDistComp = "Journal of Parallel and Distributed Computing" }
 @String{ParDistComp = "J. Parallel and Distrib. Comput." } % didn't find
%% in AMS MR
 @String{ParComputing = "Parallel Computing" }
 @String{ParComputing = "Parallel Comput." }
 @String{PhilMag = "Philosophical Magazine" }
 @String{PhilMag = "Philos. Mag." }
 @String{ProcNAS = "Proceedings of the National Academy of Sciences
                    of the USA" }
 @String{ProcNAS = "Proc. Nat. Acad. Sci. U. S. A." }
 @String{Psychometrika = "Psychometrika" }
 @String{QuartMath = "Quarterly Journal of Mathematics, Oxford, Series (2)" }
 @String{QuartMath = "Quart. J. Math. Oxford Ser. (2)" }
 @String{QuartApplMath = "Quarterly of Applied Mathematics" }
 @String{QuartApplMath = "Quart. Appl. Math." }
 @String{RevueInstStat = "Review of the International Statisical Institute" }
 @String{RevueInstStat = "Rev. Inst. Internat. Statist." }

 %SIAM
 @String{JSIAM = "Journal of the Society for Industrial and Applied
     Mathematics" }
 @String{JSIAM = "J. Soc. Indust. Appl. Math." }
 @String{JSIAMB = "Journal of the Society for Industrial and Applied
     Mathematics, Series B, Numerical Analysis" }
 @String{JSIAMB = "J. Soc. Indust. Appl. Math. Ser. B Numer. Anal." }
 @String{SIAMAlgMeth = "{SIAM} Journal on Algebraic and Discrete Methods" }
 @String{SIAMAlgMeth = "{SIAM} J. Algebraic Discrete Methods" }
 @String{SIAMAppMath = "{SIAM} Journal on Applied Mathematics" }
 @String{SIAMAppMath = "{SIAM} J. Appl. Math." }
 @String{SIAMComp = "{SIAM} Journal on Computing" }
 @String{SIAMComp = "{SIAM} J. Comput." }
 @String{SIAMMatrix = "{SIAM} Journal on Matrix Analysis and Applications" }
 @String{SIAMMatrix = "{SIAM} J. Matrix Anal. Appl." }
 @String{SIAMNumAnal = "{SIAM} Journal on Numerical Analysis" }
 @String{SIAMNumAnal = "{SIAM} J. Numer. Anal." }
 @String{SIAMReview = "{SIAM} Review" }
 @String{SIAMReview = "{SIAM} Rev." }
 @String{SIAMSciStat = "{SIAM} Journal on Scientific and Statistical
     Computing" }
 @String{SIAMSciStat = "{SIAM} J. Sci. Statist. Comput." }

 @String{SoftPracExp = "Software Practice and Experience" }
 @String{SoftPracExp = "Software Prac. Experience" } % didn't find in AMS MR
 @String{StatScience = "Statistical Science" }
 @String{StatScience = "Statist. Sci." }
 @String{Techno = "Technometrics" }
 @String{USSRCompMathPhys = "{USSR} Computational Mathematics and Mathematical
     Physics" }
 @String{USSRCompMathPhys = "{U. S. S. R.} Comput. Math. and Math. Phys." }
 @String{VLSICompSys = "Journal of {VLSI} and Computer Systems" }
 @String{VLSICompSys = "J. {VLSI} Comput. Syst." }
 @String{ZAngewMathMech = "Zeitschrift fur Angewandte Mathematik und
     Mechanik" }
 @String{ZAngewMathMech = "Z. Angew. Math. Mech." }
 @String{ZAngewMathPhys = "Zeitschrift fur Angewandte Mathematik und Physik" }
 @String{ZAngewMathPhys = "Z. Angew. Math. Phys." }

% Publishers % ================================================= |

 @String{Academic = "Academic Press" }
 @String{ACMPress = "{ACM} Press" }
 @String{AdamHilger = "Adam Hilger" }
 @String{AddisonWesley = "Addison-Wesley" }
 @String{AllynBacon = "Allyn and Bacon" }
 @String{AMS = "American Mathematical Society" }
 @String{Birkhauser = "Birkha{\"u}ser" }
 @String{CambridgePress = "Cambridge University Press" }
 @String{Chelsea = "Chelsea" }
 @String{ClaredonPress = "Claredon Press" }
 @String{DoverPub = "Dover Publications" }
 @String{Eyolles = "Eyolles" }
 @String{HoltRinehartWinston = "Holt, Rinehart and Winston" }
 @String{Interscience = "Interscience" }
 @String{JohnsHopkinsPress = "The Johns Hopkins University Press" }
 @String{JohnWileySons = "John Wiley and Sons" }
 @String{Macmillan = "Macmillan" }
 @String{MathWorks = "The Math Works Inc." }
 @String{McGrawHill = "McGraw-Hill" }
 @String{NatBurStd = "National Bureau of Standards" }
 @String{NorthHolland = "North-Holland" }
 @String{OxfordPress = "Oxford University Press" }  %address Oxford or London?
 @String{PergamonPress = "Pergamon Press" }
 @String{PlenumPress = "Plenum Press" }
 @String{PrenticeHall = "Prentice-Hall" }
 @String{SIAMPub = "{SIAM} Publications" }
 @String{Springer = "Springer-Verlag" }
 @String{TexasPress = "University of Texas Press" }
 @String{VanNostrand = "Van Nostrand" }
 @String{WHFreeman = "W. H. Freeman and Co." }

%Entries

@article{chen2022systematic,
  title={A systematic review for MOOC dropout prediction from the perspective of machine learning},
  author={Chen, Jing and Fang, Bei and Zhang, Hao and Xue, Xia},
  journal={Interactive Learning Environments},
  pages={1--14},
  year={2022},
  publisher={Taylor \& Francis}
}

@article{clark2003survival,
  title={Survival analysis part I: basic concepts and first analyses},
  author={Clark, Taane G and Bradburn, Michael J and Love, Sharon B and Altman, Douglas G},
  journal={British journal of cancer},
  volume={89},
  number={2},
  pages={232--238},
  year={2003},
  publisher={Nature Publishing Group}
}

@article{room2021dropout,
  title={Dropout time and learners’ performance in computer programming MOOCs},
  author={R{\~o}{\~o}m, Marili and Lepp, Marina and Luik, Piret},
  journal={Education Sciences},
  volume={11},
  number={10},
  pages={643},
  year={2021},
  publisher={MDPI}
}

@inproceedings{gharahighehi2023extending,
  title={Extending Bayesian Personalized Ranking with Survival Analysis for MOOC Recommendation},
  author={Gharahighehi, Alireza and Venturini, Michela and Ghinis, Achilleas and Cornillie, Frederik and Vens, Celine},
  booktitle={Adjunct Proceedings of the 31st ACM Conference on User Modeling, Adaptation and Personalization},
  pages={56--59},
  year={2023}
}

@inproceedings{dalipi2018mooc,
  title={MOOC dropout prediction using machine learning techniques: Review and research challenges},
  author={Dalipi, Fisnik and Imran, Ali Shariq and Kastrati, Zenun},
  booktitle={2018 IEEE global engineering education conference (EDUCON)},
  pages={1007--1014},
  year={2018},
  organization={IEEE}
}

@article{gitinabard2018your,
  title={Your actions or your associates? Predicting certification and dropout in MOOCs with behavioral and social features},
  author={Gitinabard, Niki and Khoshnevisan, Farzaneh and Lynch, Collin F and Wang, Elle Yuan},
  journal={arXiv preprint arXiv:1809.00052},
  year={2018}
}

@article{xie2019modelling,
  title={Modelling the dropout patterns of MOOC learners},
  author={Xie, Zheng},
  journal={Tsinghua Science and Technology},
  volume={25},
  number={3},
  pages={313--324},
  year={2019},
  publisher={TUP}
}

@article{labrador2019survival,
  title={Survival and risk analysis in MOOCs},
  author={Labrador, Manuel Medina and Vargas, Gustavo R Garcia and Alvarado, Jorge and Caicedo, Mario},
  journal={Turkish Online Journal of Distance Education},
  volume={20},
  number={4},
  pages={149--159},
  year={2019}
}

@article{wintermute2021survival,
  title={A survival model for course-course interactions in a Massive Open Online Course platform},
  author={Wintermute, Edwin H and Cisel, Matthieu and Lindner, Ariel B},
  journal={PloS one},
  volume={16},
  number={1},
  pages={e0245718},
  year={2021},
  publisher={Public Library of Science San Francisco, CA USA}
}

@article{pan2022survival,
  title={A survival analysis based volatility and sparsity modeling network for student dropout prediction},
  author={Pan, Feng and Huang, Bingyao and Zhang, Chunhong and Zhu, Xinning and Wu, Zhenyu and Zhang, Moyu and Ji, Yang and Ma, Zhanfei and Li, Zhengchen},
  journal={PloS one},
  volume={17},
  number={5},
  pages={e0267138},
  year={2022},
  publisher={Public Library of Science San Francisco, CA USA}
}

@inproceedings{weston2011wsabie,
  title={Wsabie: Scaling up to large vocabulary image annotation},
  author={Weston, Jason and Bengio, Samy and Usunier, Nicolas},
  booktitle={Twenty-Second International Joint Conference on Artificial Intelligence},
  year={2011}
}

@inproceedings{rendle2009bpr,
  title={BPR: Bayesian personalized ranking from implicit feedback},
  author={Rendle, Steffen and Freudenthaler, Christoph and Gantner, Zeno and Schmidt-Thieme, Lars},
  booktitle={Proceedings of the Twenty-Fifth Conference on Uncertainty in Artificial Intelligence},
  pages={452--461},
  year={2009}
}

@inproceedings{pan2008one,
  title={One-class collaborative filtering},
  author={Pan, Rong and Zhou, Yunhong and Cao, Bin and Liu, Nathan N and Lukose, Rajan and Scholz, Martin and Yang, Qiang},
  booktitle={2008 Eighth IEEE International Conference on Data Mining},
  pages={502--511},
  year={2008},
  organization={IEEE}
}

@inproceedings{ning2011slim,
  title={Slim: Sparse linear methods for top-n recommender systems},
  author={Ning, Xia and Karypis, George},
  booktitle={2011 IEEE 11th international conference on data mining},
  pages={497--506},
  year={2011},
  organization={IEEE}
}

@inproceedings{feng2019understanding,
  title={Understanding dropouts in MOOCs},
  author={Feng, Wenzheng and Tang, Jie and Liu, Tracy Xiao},
  booktitle={Proceedings of the AAAI Conference on Artificial Intelligence},
  volume={33},
  number={01},
  pages={517--524},
  year={2019}
}

@misc{canvas,
author = {Canvas-Network},
publisher = {Harvard Dataverse},
title = {{Canvas Network Person-Course (1/2014 - 9/2015) De-Identified Open Dataset}},
UNF = {UNF:6:kB4JHNU6yXuTVtAKXxIwsw==},
year = {2016},
version = {V2},
doi = {10.7910/DVN/1XORAL},
}

@article{uddin2021systematic,
  title={A systematic mapping review on MOOC recommender systems},
  author={Uddin, Imran and Imran, Ali Shariq and Muhammad, Khan and Fayyaz, Nosheen and Sajjad, Muhammad},
  journal={IEEE Access},
  volume={9},
  pages={118379--118405},
  year={2021},
  publisher={IEEE}
}

@inproceedings{chao2019collaborative,
  title={Collaborative filtering recommendation algorithm classification and comparative study},
  author={Chao, Duan and Kaili, Lu and Jing, Zhang and Xie, Jerry},
  booktitle={Proceedings of the 2019 4th International Conference on Distance Education and Learning},
  pages={106--111},
  year={2019}
}

@inproceedings{yang2014peer,
  title={Peer influence on attrition in massively open online courses},
  author={Yang, Diyi and Wen, Miaomiao and Rose, Carolyn},
  booktitle={Educational data mining 2014},
  year={2014}
}

@inproceedings{fu2015undergraduate,
  title={The undergraduate-oriented framework of MOOCs recommender system},
  author={Fu, Dan and Liu, Qingtang and Zhang, Si and Wang, Jianhu},
  booktitle={2015 International Symposium on Educational Technology (ISET)},
  pages={115--119},
  year={2015},
  organization={IEEE}
}

@inproceedings{he2017design,
  title={Design and implementation of a unified MOOC recommendation system for social work major: Experiences and lessons},
  author={He, Xiaxu and Liu, Pengfei and Zhang, Weifeng},
  booktitle={2017 IEEE International Conference on Computational Science and Engineering (CSE) and IEEE International Conference on Embedded and Ubiquitous Computing (EUC)},
  volume={1},
  pages={219--223},
  year={2017},
  organization={IEEE}
}

@article{song2016research,
  title={Research on network curriculum resources recommendation system based on MVC technology},
  author={Song, Han},
  journal={Revista Ib{\'e}rica de Sistemas e Tecnologias de Informa{\c{c}}{\~a}o},
  number={E10},
  pages={62},
  year={2016},
  publisher={Associa{\c{c}}{\~a}o Ib{\'e}rica de Sistemas e Tecnologias de Informacao}
}

@inproceedings{lu2019research,
  title={Research on the application of item-based collaborative filtering algorithms in MOOC},
  author={Lu, Qirong and Xia, Jiwei},
  booktitle={Journal of Physics: Conference Series},
  volume={1302},
  number={3},
  pages={032020},
  year={2019},
  organization={IOP Publishing}
}

@article{pang2018adaptive,
  title={Adaptive recommendation for MOOC with collaborative filtering and time series},
  author={Pang, Yanxia and Liu, Wenyan and Jin, Yuanyuan and Peng, Hongwei and Xia, Tian and Wu, Yonghe},
  journal={Computer Applications in Engineering Education},
  volume={26},
  number={6},
  pages={2071--2083},
  year={2018},
  publisher={Wiley Online Library}
}

@inproceedings{yin2020mooc,
  title={A mooc courses recommendation system based on learning behaviours},
  author={Yin, Shengjun and Yang, Kailai and Wang, Hongzhi},
  booktitle={Proceedings of the ACM Turing Celebration Conference-China},
  pages={133--137},
  year={2020}
}

@article{wu2021collaborative,
  title={Collaborative filtering recommendation algorithm for MOOC resources based on deep learning},
  author={Wu, Lili},
  journal={Complexity},
  volume={2021},
  number={1},
  pages={5555226},
  year={2021},
  publisher={Wiley Online Library}
}

@inproceedings{pardos2017enabling,
  title={Enabling real-time adaptivity in MOOCs with a personalized next-step recommendation framework},
  author={Pardos, Zachary A and Tang, Steven and Davis, Daniel and Le, Christopher Vu},
  booktitle={Proceedings of the fourth (2017) ACM conference on learning@ scale},
  pages={23--32},
  year={2017}
}

@inproceedings{tang2017personalized,
  title={Personalized behavior recommendation: A case study of applicability to 13 courses on edX},
  author={Tang, Steven and Pardos, Zachary A},
  booktitle={Adjunct Publication of the 25th Conference on User Modeling, Adaptation and Personalization},
  pages={165--170},
  year={2017}
}

@article{masci2024modelling,
  title={Modelling time-to-dropout via shared frailty Cox models. A trade-off between accurate and early predictions},
  author={Masci, Chiara and Cannistr{\`a}, Marta and Mussida, Paola},
  journal={Studies in Higher Education},
  volume={49},
  number={4},
  pages={763--781},
  year={2024},
  publisher={Taylor \& Francis}
}

@inproceedings{lohse2019surveying,
  title={Surveying the MOOC data set universe},
  author={Lohse, James J and McManus, Christine A and Joyner, David A},
  booktitle={2019 IEEE Learning With MOOCS (LWMOOCS)},
  pages={159--164},
  year={2019},
  organization={IEEE}
}

@inproceedings{sarwar2001item,
  title={Item-based collaborative filtering recommendation algorithms},
  author={Sarwar, Badrul and Karypis, George and Konstan, Joseph and Riedl, John},
  booktitle={Proceedings of the 10th international conference on World Wide Web},
  pages={285--295},
  year={2001}
}

@inproceedings{breese1998empirical,
  title={Empirical analysis of predictive algorithms for collaborative filtering},
  author={Breese, John S and Heckerman, David and Kadie, Carl},
  booktitle={Proceedings of the Fourteenth conference on Uncertainty in artificial intelligence},
  pages={43--52},
  year={1998}
}

@inproceedings{steck2019embarrassingly,
  title={Embarrassingly shallow autoencoders for sparse data},
  author={Steck, Harald},
  booktitle={The World Wide Web Conference},
  pages={3251--3257},
  year={2019}
}

@inproceedings{cremonesi2010performance,
  title={Performance of recommender algorithms on top-n recommendation tasks},
  author={Cremonesi, Paolo and Koren, Yehuda and Turrin, Roberto},
  booktitle={Proceedings of the fourth ACM conference on Recommender systems},
  pages={39--46},
  year={2010}
}

@article{cichocki2009fast,
  title={Fast local algorithms for large scale nonnegative matrix and tensor factorizations},
  author={Cichocki, Andrzej and Phan, Anh-Huy},
  journal={IEICE transactions on fundamentals of electronics, communications and computer sciences},
  volume={92},
  number={3},
  pages={708--721},
  year={2009},
  publisher={The Institute of Electronics, Information and Communication Engineers}
}

@inproceedings{hu2008collaborative,
  title={Collaborative filtering for implicit feedback datasets},
  author={Hu, Yifan and Koren, Yehuda and Volinsky, Chris},
  booktitle={2008 Eighth IEEE International Conference on Data Mining},
  pages={263--272},
  year={2008},
  organization={Ieee}
}

@article{lops2011content,
  title={Content-based recommender systems: State of the art and trends},
  author={Lops, Pasquale and Gemmis, Marco de and Semeraro, Giovanni},
  journal={Recommender systems handbook},
  pages={73--105},
  year={2011},
  publisher={Springer}
}

@inproceedings{cheng2016wide,
  title={Wide \& deep learning for recommender systems},
  author={Cheng, Heng-Tze and Koc, Levent and Harmsen, Jeremiah and Shaked, Tal and Chandra, Tushar and Aradhye, Hrishi and Anderson, Glen and Corrado, Greg and Chai, Wei and Ispir, Mustafa and others},
  booktitle={Proceedings of the 1st workshop on deep learning for recommender systems},
  pages={7--10},
  year={2016}
}

@inproceedings{dacrema2019we,
  title={Are we really making much progress? A worrying analysis of recent neural recommendation approaches},
  author={Dacrema, Maurizio Ferrari and Cremonesi, Paolo and Jannach, Dietmar},
  booktitle={Proceedings of the 13th ACM conference on recommender systems},
  pages={101--109},
  year={2019}
}

@article{ridgeway_state_1999,
  abstract = {In many problem domains, combining the predictions of several models often results in a model with improved predictive performance. Boosting is one such method that has shown great promise. On the applied side, empirical studies have shown that combining models using boosting methods produces more accurate classification and regression models. These methods are extendible to the exponential family as well as proportional hazards regression models. This article shows that boosting, which is still new to statistics, is widely applicable. I will introduce boosting, discuss the current state of boosting, and show how these methods connect to more standard
statistical practice.},
  added-at = {2017-01-09T13:57:26.000+0100},
  author = {Ridgeway, Greg},
  biburl = {https://www.bibsonomy.org/bibtex/28770eda8c8572b04f59cd1d1c1cffe56/yourwelcome},
  interhash = {e15ef994b4cb310ba186a79851731229},
  intrahash = {8770eda8c8572b04f59cd1d1c1cffe56},
  journal = {Computing Science and Statistics},
  keywords = {Boosting},
  pages = {172--181},
  timestamp = {2017-01-09T14:01:11.000+0100},
  title = {The state of boosting},
  volume = 31,
  year = 1999
}

@article{Ishwaran2008,
  title = {Random survival forests},
  volume = {2},
  ISSN = {1932-6157},
  url = {http://dx.doi.org/10.1214/08-AOAS169},
  DOI = {10.1214/08-aoas169},
  number = {3},
  journal = {The Annals of Applied Statistics},
  publisher = {Institute of Mathematical Statistics},
  author = {Ishwaran,  Hemant and Kogalur,  Udaya B. and Blackstone,  Eugene H. and Lauer,  Michael S.},
  year = {2008},
  month = sep 
}

@article{Breiman2001,
title = {Random Forests},
  volume = {45},
  ISSN = {0885-6125},
  url = {http://dx.doi.org/10.1023/A:1010933404324},
  DOI = {10.1023/a:1010933404324},
  number = {1},
  journal = {Machine Learning},
  publisher = {Springer Science and Business Media LLC},
  author = {Breiman,  Leo},
  year = {2001},
  pages = {5–32}
}

@article{Amico2018,
  title = {Cure Models in Survival Analysis},
  volume = {5},
  ISSN = {2326-831X},
  url = {http://dx.doi.org/10.1146/annurev-statistics-031017-100101},
  DOI = {10.1146/annurev-statistics-031017-100101},
  number = {1},
  journal = {Annual Review of Statistics and Its Application},
  publisher = {Annual Reviews},
  author = {Amico,  Maïlis and Van Keilegom,  Ingrid},
  year = {2018},
  month = mar,
  pages = {311–342}
}

@article{cox1972regression,
  title={Regression models and life-tables},
  author={Cox, David R},
  journal={Journal of the Royal Statistical Society: Series B (Methodological)},
  volume={34},
  number={2},
  pages={187--202},
  year={1972},
  publisher={Wiley Online Library}
}

@article{cox1975partial,
  title={Partial likelihood},
  author={Cox, David R},
  journal={Biometrika},
  volume={62},
  number={2},
  pages={269--276},
  year={1975},
  publisher={Oxford University Press}
}

@article{simon2011regularization,
  title={Regularization paths for Cox’s proportional hazards model via coordinate descent},
  author={Simon, Noah and Friedman, Jerome and Hastie, Trevor and Tibshirani, Rob},
  journal={Journal of statistical software},
  volume={39},
  number={5},
  pages={1},
  year={2011},
  publisher={NIH Public Access}
}

@article{zou2005regularization,
  title={Regularization and variable selection via the elastic net},
  author={Zou, Hui and Hastie, Trevor},
  journal={Journal of the Royal Statistical Society Series B: Statistical Methodology},
  volume={67},
  number={2},
  pages={301--320},
  year={2005},
  publisher={Oxford University Press}
}

@article{Bland2004,
  title = {The logrank test},
  volume = {328},
  ISSN = {1468-5833},
  url = {http://dx.doi.org/10.1136/bmj.328.7447.1073},
  DOI = {10.1136/bmj.328.7447.1073},
  number = {7447},
  journal = {BMJ},
  publisher = {BMJ},
  author = {Bland,  J Martin and Altman,  Douglas G},
  year = {2004},
  month = apr,
  pages = {1073}
}

@article{Friedman2001,
  title = {Greedy function approximation: A gradient boosting machine.},
  volume = {29},
  ISSN = {0090-5364},
  url = {http://dx.doi.org/10.1214/aos/1013203451},
  DOI = {10.1214/aos/1013203451},
  number = {5},
  journal = {The Annals of Statistics},
  publisher = {Institute of Mathematical Statistics},
  author = {Friedman,  Jerome H.},
  year = {2001},
  month = oct 
}

@article{polsterl2020scikit,
  title={scikit-survival: A Library for Time-to-Event Analysis Built on Top of scikit-learn},
  author={P{\"o}lsterl, Sebastian},
  journal={Journal of Machine Learning Research},
  volume={21},
  number={212},
  pages={1--6},
  year={2020}
}

@article{Longato2020,
  title = {A practical perspective on the concordance index for the evaluation and selection of prognostic time-to-event models},
  volume = {108},
  ISSN = {1532-0464},
  url = {http://dx.doi.org/10.1016/j.jbi.2020.103496},
  DOI = {10.1016/j.jbi.2020.103496},
  journal = {Journal of Biomedical Informatics},
  publisher = {Elsevier BV},
  author = {Longato,  Enrico and Vettoretti,  Martina and Di Camillo,  Barbara},
  year = {2020},
  month = aug,
  pages = {103496}
}

@inproceedings{gharahighehi2021ensemble,
  title={An ensemble hypergraph learning framework for recommendation},
  author={Gharahighehi, Alireza and Vens, Celine and Pliakos, Konstantinos},
  booktitle={Discovery Science: 24th International Conference, DS 2021, Halifax, NS, Canada, October 11--13, 2021, Proceedings 24},
  pages={295--304},
  year={2021},
  organization={Springer}
}