@inproceedings{abzaliev2022towards,
  title={Towards understanding the relation between gestures and language},
  author={Abzaliev, Artem and Owens, Andrew and Mihalcea, Rada},
  booktitle={Proceedings of the 29th International Conference on Computational Linguistics},
  pages={5507--5520},
  year={2022}
}

@inproceedings{brinzea2022contrastive,
  title={Contrastive learning with cross-modal knowledge mining for multimodal human activity recognition},
  author={Brinzea, Razvan and Khaertdinov, Bulat and Asteriadis, Stylianos},
  booktitle={2022 International Joint Conference on Neural Networks (IJCNN)},
  pages={01--08},
  year={2022},
  organization={IEEE}
}

@inproceedings{chen2020simple,
  title={A simple framework for contrastive learning of visual representations},
  author={Chen, Ting and Kornblith, Simon and Norouzi, Mohammad and Hinton, Geoffrey},
  booktitle={International conference on machine learning},
  pages={1597--1607},
  year={2020},
  organization={PMLR}
}

@inproceedings{chen2021yourefit,
  title={Yourefit: Embodied reference understanding with language and gesture},
  author={Chen, Yixin and Li, Qing and Kong, Deqian and Kei, Yik Lun and Zhu, Song-Chun and Gao, Tao and Zhu, Yixin and Huang, Siyuan},
  booktitle={Proceedings of the IEEE/CVF International Conference on Computer Vision},
  pages={1385--1395},
  year={2021}
}

@inproceedings{ghaleb2024learning,
  title={Learning Co-Speech Gesture Representations in Dialogue through Contrastive Learning: An Intrinsic Evaluation},
  author={Ghaleb, Esam and Khaertdinov, Bulat and Pouw, Wim and Rasenberg, Marlou and Holler, Judith and Ozyurek, Asli and Fern{\'a}ndez, Raquel},
  booktitle={Proceedings of the 26th International Conference on Multimodal Interaction},
  pages={274--283},
  year={2024}
}

@inproceedings{kazemzadeh2014referitgame,
  title={Referitgame: Referring to objects in photographs of natural scenes},
  author={Kazemzadeh, Sahar and Ordonez, Vicente and Matten, Mark and Berg, Tamara},
  booktitle={Proceedings of the 2014 conference on empirical methods in natural language processing (EMNLP)},
  pages={787--798},
  year={2014}
}

@article{kennington2017simple,
  title={A simple generative model of incremental reference resolution for situated dialogue},
  author={Kennington, Casey and Schlangen, David},
  journal={Computer Speech \& Language},
  volume={41},
  pages={43--67},
  year={2017},
  publisher={Elsevier}
}

@inproceedings{kontogiorgos2018multimodal,
  title={Multimodal reference resolution in collaborative assembly tasks},
  author={Kontogiorgos, Dimosthenis and Sibirtseva, Elena and Pereira, Andre and Skantze, Gabriel and Gustafson, Joakim},
  booktitle={Proceedings of the 4th International Workshop on Multimodal Analyses Enabling Artificial Agents in Human-Machine Interaction},
  pages={38--42},
  year={2018}
}

@article{krishna2017visual,
  title={Visual genome: Connecting language and vision using crowdsourced dense image annotations},
  author={Krishna, Ranjay and Zhu, Yuke and Groth, Oliver and Johnson, Justin and Hata, Kenji and Kravitz, Joshua and Chen, Stephanie and Kalantidis, Yannis and Li, Li-Jia and Shamma, David A and others},
  journal={International journal of computer vision},
  volume={123},
  pages={32--73},
  year={2017},
  publisher={Springer}
}

@inproceedings{lai2024encoding,
  title={Encoding Gesture in Multimodal Dialogue: Creating a Corpus of Multimodal AMR},
  author={Lai, Kenneth and Brutti, Richard and Donatelli, Lucia and Pustejovsky, James},
  booktitle={Proceedings of the 2024 Joint International Conference on Computational Linguistics, Language Resources and Evaluation (LREC-COLING 2024)},
  pages={5806--5818},
  year={2024}
}

@article{lascarides2009formal,
  title={A formal semantic analysis of gesture},
  author={Lascarides, Alex and Stone, Matthew},
  journal={Journal of Semantics},
  volume={26},
  number={4},
  pages={393--449},
  year={2009},
  publisher={Oxford University Press}
}

@inproceedings{lee2021crossmodal,
  title={Crossmodal clustered contrastive learning: Grounding of spoken language to gesture},
  author={Lee, Dong Won and Ahuja, Chaitanya and Morency, Louis-Philippe},
  booktitle={Companion Publication of the 2021 International Conference on Multimodal Interaction},
  pages={202--210},
  year={2021}
}

@inproceedings{liu2024multi,
  title={Multi-modality co-learning for efficient skeleton-based action recognition},
  author={Liu, Jinfu and Chen, Chen and Liu, Mengyuan},
  booktitle={Proceedings of the 32nd ACM International Conference on Multimedia},
  pages={4909--4918},
  year={2024}
}

@inproceedings{plummer2015flickr30k,
  title={Flickr30k entities: Collecting region-to-phrase correspondences for richer image-to-sentence models},
  author={Plummer, Bryan A and Wang, Liwei and Cervantes, Chris M and Caicedo, Juan C and Hockenmaier, Julia and Lazebnik, Svetlana},
  booktitle={Proceedings of the IEEE international conference on computer vision},
  pages={2641--2649},
  year={2015}
}

@inproceedings{radford2021learning,
  title={Learning transferable visual models from natural language supervision},
  author={Radford, Alec and Kim, Jong Wook and Hallacy, Chris and Ramesh, Aditya and Goh, Gabriel and Agarwal, Sandhini and Sastry, Girish and Askell, Amanda and Mishkin, Pamela and Clark, Jack and others},
  booktitle={International conference on machine learning},
  pages={8748--8763},
  year={2021},
  organization={PMLR}
}

@inproceedings{shore2018using,
  title={Using lexical alignment and referring ability to address data sparsity in situated dialog reference resolution},
  author={Shore, Todd and Skantze, Gabriel},
  booktitle={Proceedings of the 2018 Conference on Empirical Methods in Natural Language Processing},
  pages={2288--2297},
  year={2018}
}

@article{skantze2022collie,
  title={Collie: Continual learning of language grounding from language-image embeddings},
  author={Skantze, Gabriel and Willemsen, Bram},
  journal={Journal of Artificial Intelligence Research},
  volume={74},
  pages={1201--1223},
  year={2022}
}

@inproceedings{takmaz2020refer,
  title={Refer, Reuse, Reduce: Generating Subsequent References in Visual and Conversational Contexts},
  author={Takmaz, Ece and Giulianelli, Mario and Pezzelle, Sandro and Sinclair, Arabella and Fern{\'a}ndez, Raquel},
  booktitle={Proceedings of the 2020 Conference on Empirical Methods in Natural Language Processing (EMNLP)},
  pages={4350},
  year={2020},
  organization={Association for Computational Linguistics}
}

@inproceedings{thoker2021skeleton,
  title={Skeleton-contrastive 3D action representation learning},
  author={Thoker, Fida Mohammad and Doughty, Hazel and Snoek, Cees GM},
  booktitle={Proceedings of the 29th ACM international conference on multimedia},
  pages={1655--1663},
  year={2021}
}

@inproceedings{zhu2023motionbert,
  title={Motionbert: A unified perspective on learning human motion representations},
  author={Zhu, Wentao and Ma, Xiaoxuan and Liu, Zhaoyang and Liu, Libin and Wu, Wayne and Wang, Yizhou},
  booktitle={Proceedings of the IEEE/CVF International Conference on Computer Vision},
  pages={15085--15099},
  year={2023}
}

