
@article{zheng2023judging,
  title={Judging llm-as-a-judge with mt-bench and chatbot arena},
  author={Zheng, Lianmin and Chiang, Wei-Lin and Sheng, Ying and Zhuang, Siyuan and Wu, Zhanghao and Zhuang, Yonghao and Lin, Zi and Li, Zhuohan and Li, Dacheng and Xing, Eric and others},
  journal={Advances in Neural Information Processing Systems},
  volume={36},
  pages={46595--46623},
  year={2023}
}

@inproceedings{stede2021climate,
  title={The climate change debate and natural language processing},
  author={Stede, Manfred and Patz, Ronny},
  booktitle={Proceedings of the 1st Workshop on NLP for Positive Impact},
  pages={8--18},
  year={2021}
}

@article{rolnick2022tackling,
  title={Tackling climate change with machine learning},
  author={Rolnick, David and Donti, Priya L and Kaack, Lynn H and Kochanski, Kelly and Lacoste, Alexandre and Sankaran, Kris and Ross, Andrew Slavin and Milojevic-Dupont, Nikola and Jaques, Natasha and Waldman-Brown, Anna and others},
  journal={ACM Computing Surveys (CSUR)},
  volume={55},
  number={2},
  pages={1--96},
  year={2022},
  publisher={ACM New York, NY}
}

@inproceedings{leippold2023environmental,
  title={Environmental Claim Detection},
  author={Leippold, Markus and Stammbach, Dominik and Webersinke, Nicolas and Bingler, Julia Anna and Kraus, Mathias},
  booktitle={Proceedings of the 61st Annual Meeting of the Association for Computational Linguistics},
  pages={1051--1066},
  year={2023},
  organization={Association for Computational Linguistics}
}

@article{vaghefi2023chatclimate,
  title={ChatClimate: Grounding conversational AI in climate science},
  author={Vaghefi, Saeid Ashraf and Stammbach, Dominik and Muccione, Veruska and Bingler, Julia and Ni, Jingwei and Kraus, Mathias and Allen, Simon and Colesanti-Senni, Chiara and Wekhof, Tobias and Schimanski, Tobias and others},
  journal={Communications Earth \& Environment},
  volume={4},
  number={1},
  pages={480},
  year={2023},
  publisher={Nature Publishing Group UK London}
}

@article{luo2020detecting,
  title={Detecting stance in media on global warming},
  author={Luo, Yiwei and Card, Dallas and Jurafsky, Dan},
  journal={arXiv preprint arXiv:2010.15149},
  year={2020}
}

@article{coan2021computer,
  title={Computer-assisted classification of contrarian claims about climate change},
  author={Coan, Travis G and Boussalis, Constantine and Cook, John and Nanko, Mirjam O},
  journal={Scientific reports},
  volume={11},
  number={1},
  pages={22320},
  year={2021},
  publisher={Nature Publishing Group UK London}
}

@inproceedings{piskorski2022exploring,
  title={Exploring Data Augmentation for Classification of Climate Change Denial: Preliminary Study.},
  author={Piskorski, Jakub and Nikolaidis, Nikolaos and Stefanovitch, Nicolas and Kotseva, Bonka and Vianini, Irene and Kharazi, Sopho and Linge, Jens P and others},
  booktitle={Text2Story@ ECIR},
  pages={97--109},
  year={2022}
}

@article{gehring2023analyzing,
  title={Analyzing Climate Change Policy Narratives with the Character-Role Narrative Framework},
  author={Gehring, Kai and Grigoletto, Matteo},
  year={2023},
  publisher={CESifo Working Paper}
}

@article{diggelmann2020climate,
  title={Climate-fever: A dataset for verification of real-world climate claims},
  author={Diggelmann, Thomas and Boyd-Graber, Jordan and Bulian, Jannis and Ciaramita, Massimiliano and Leippold, Markus},
  journal={arXiv preprint arXiv:2012.00614},
  year={2020}
}

@article{callaghan2021machine,
  title={Machine-learning-based evidence and attribution mapping of 100,000 climate impact studies},
  author={Callaghan, Max and Schleussner, Carl-Friedrich and Nath, Shruti and Lejeune, Quentin and Knutson, Thomas R and Reichstein, Markus and Hansen, Gerrit and Theokritoff, Emily and Andrijevic, Marina and Brecha, Robert J and others},
  journal={Nature climate change},
  volume={11},
  number={11},
  pages={966--972},
  year={2021},
  publisher={Nature Publishing Group UK London}
}

@article{planas2022beyond,
  title={Beyond modeling: NLP Pipeline for efficient environmental policy analysis},
  author={Planas, Jordi and Firebanks-Quevedo, Daniel and Naydenova, Galina and Sharma, Ramansh and Taylor, Cristina and Buckingham, Kathleen and Fang, Rong},
  journal={arXiv preprint arXiv:2201.07105},
  year={2022}
}

@article{schimanski2023climatebert,
  title={Climatebert-netzero: Detecting and assessing net zero and reduction targets},
  author={Schimanski, Tobias and Bingler, Julia and Hyslop, Camilla and Kraus, Mathias and Leippold, Markus},
  journal={arXiv preprint arXiv:2310.08096},
  year={2023}
}

@article{webersinke2021climatebert,
  title={Climatebert: A pretrained language model for climate-related text},
  author={Webersinke, Nicolas and Kraus, Mathias and Bingler, Julia Anna and Leippold, Markus},
  journal={arXiv preprint arXiv:2110.12010},
  year={2021}
}

@article{brie2024mandatory,
  title={Mandatory CSR Reporting in Europe: A Textual Analysis of Firmsâ€™ Climate Disclosure Narratives},
  author={Bri{\'e}, Bjarne and Stouthuysen, Kristof and Verdonck, Tim},
  journal={Available at SSRN 4231567},
  year={2024}
}

@inproceedings{garigliotti2024sdg,
  title={SDG target detection in environmental reports using retrieval-augmented generation with LLMs},
  author={Garigliotti, Dar{\'\i}o},
  booktitle={Proceedings of the 1st Workshop on Natural Language Processing Meets Climate Change (ClimateNLP 2024)},
  pages={241--250},
  year={2024}
}

@article{bulian2023assessing,
  title={Assessing large language models on climate information},
  author={Bulian, Jannis and Sch{\"a}fer, Mike S and Amini, Afra and Lam, Heidi and Ciaramita, Massimiliano and Gaiarin, Ben and Huebscher, Michelle Chen and Buck, Christian and Mede, Niels and Leippold, Markus and others},
  journal={arXiv preprint arXiv:2310.02932},
  year={2023}
}

@article{ni2023chatreport,
  title={Chatreport: Democratizing sustainability disclosure analysis through llm-based tools},
  author={Ni, Jingwei and Bingler, Julia and Colesanti-Senni, Chiara and Kraus, Mathias and Gostlow, Glen and Schimanski, Tobias and Stammbach, Dominik and Vaghefi, Saeid Ashraf and Wang, Qian and Webersinke, Nicolas and others},
  journal={arXiv preprint arXiv:2307.15770},
  year={2023}
}

@article{de2024will,
  title={How will AI text generation and processing impact sustainability reporting? Critical analysis, a conceptual framework and avenues for future research},
  author={De Villiers, Charl and Dimes, Ruth and Molinari, Matteo},
  journal={Sustainability Accounting, Management and Policy Journal},
  volume={15},
  number={1},
  pages={96--118},
  year={2024},
  publisher={Emerald Publishing Limited}
}

@inproceedings{yim2023meticulously,
  title={Meticulously Analyzing ESG Disclosure: A Data-Driven Approach},
  author={Yim, Tik Yu and Zhang, Yuxuan and Tan, Wenting and Lam, Tak-Wah and Yiu, Siu Ming},
  booktitle={2023 IEEE International Conference on Big Data (BigData)},
  pages={2884--2889},
  year={2023},
  organization={IEEE}
}

@article{sampsontcfd,
  title={TCFD-NLP: Assessing alignment of climate disclosures using NLP for the financial markets},
  author={Sampson, Rylen and Cotterill, Aysha and Au, Quoc Tien}
}

@article{moreno2024assessing,
  title={Assessing climate-related disclosures of European banks through text mining},
  author={Moreno, Angel-Ivan and Caminero, Teresa},
  journal={Review of World Economics},
  pages={1--25},
  year={2024},
  publisher={Springer}
}

@article{moodaley2023greenwashing,
  title={Greenwashing, sustainability reporting, and artificial intelligence: A systematic literature review},
  author={Moodaley, Wayne and Telukdarie, Arnesh},
  journal={Sustainability},
  volume={15},
  number={2},
  pages={1481},
  year={2023},
  publisher={Mdpi}
}

@article{luo2024unmasking,
  title={Unmasking ESG exaggerations using generative artificial intelligence},
  author={Luo, Yunfang and Yang, Tao and Li, Qingan and Liu, Qiang and Cui, Xiling},
  year={2024}
}

@article{bingler2022cheap,
  title={Cheap talk and cherry-picking: What ClimateBert has to say on corporate climate risk disclosures},
  author={Bingler, Julia Anna and Kraus, Mathias and Leippold, Markus and Webersinke, Nicolas},
  journal={Finance Research Letters},
  volume={47},
  pages={102776},
  year={2022},
  publisher={Elsevier}
}

@article{luccioni2020analyzing,
  title={Analyzing sustainability reports using natural language processing},
  author={Luccioni, Alexandra and Baylor, Emily and Duchene, Nicolas},
  journal={arXiv preprint arXiv:2011.08073},
  year={2020}
}

@article{colesanti2024combining,
  title={Combining AI and Domain Expertise to Assess Corporate Climate Transition Disclosures},
  author={Colesanti Senni, Chiara and Schimanski, Tobias and Bingler, Julia and Ni, Jingwei and Leippold, Markus},
  journal={Available at SSRN 4826207},
  year={2024}
}

@article{yue2023disc,
  title={Disc-lawllm: Fine-tuning large language models for intelligent legal services},
  author={Yue, Shengbin and Chen, Wei and Wang, Siyuan and Li, Bingxuan and Shen, Chenchen and Liu, Shujun and Zhou, Yuxuan and Xiao, Yao and Yun, Song and Huang, Xuanjing and others},
  journal={arXiv preprint arXiv:2309.11325},
  year={2023}
}

@inproceedings{ryu2023retrieval,
  title={Retrieval-based Evaluation for LLMs: A Case Study in Korean Legal QA},
  author={Ryu, Cheol and Lee, Seolhwa and Pang, Subeen and Choi, Chanyeol and Choi, Hojun and Min, Myeonggee and Sohn, Jy-Yong},
  booktitle={Proceedings of the Natural Legal Language Processing Workshop 2023},
  pages={132--137},
  year={2023}
}

@inproceedings{son2024krx,
  title={KRX Bench: Automating Financial Benchmark Creation via Large Language Models},
  author={Son, Guijin and Jeon, Hyunjun and Hwang, Chami and Jung, Hanearl},
  booktitle={Proceedings of the Joint Workshop of the 7th Financial Technology and Natural Language Processing, the 5th Knowledge Discovery from Unstructured Data in Financial Services, and the 4th Workshop on Economics and Natural Language Processing@ LREC-COLING 2024},
  pages={10--20},
  year={2024}
}

@article{chiang2024large,
  title={Large Language Model as an Assignment Evaluator: Insights, Feedback, and Challenges in a 1000+ Student Course},
  author={Chiang, Cheng-Han and Chen, Wei-Chih and Kuan, Chun-Yi and Yang, Chienchou and Lee, Hung-yi},
  journal={arXiv preprint arXiv:2407.05216},
  year={2024}
}

@article{wang2024automated,
  title={Automated Genre-Aware Article Scoring and Feedback Using Large Language Models},
  author={Wang, Chihang and Dong, Yuxin and Zhang, Zhenhong and Wang, Ruotong and Wang, Shuo and Chen, Jiajing},
  journal={arXiv preprint arXiv:2410.14165},
  year={2024}
}

@inproceedings{xie2024doclens,
  title={Doclens: Multi-aspect fine-grained medical text evaluation},
  author={Xie, Yiqing and Zhang, Sheng and Cheng, Hao and Liu, Pengfei and Gero, Zelalem and Wong, Cliff and Naumann, Tristan and Poon, Hoifung and Rose, Carolyn},
  booktitle={Proceedings of the 62nd Annual Meeting of the Association for Computational Linguistics (Volume 1: Long Papers)},
  pages={649--679},
  year={2024}
}

@article{brake2024comparing,
  title={Comparing Two Model Designs for Clinical Note Generation; Is an LLM a Useful Evaluator of Consistency?},
  author={Brake, Nathan and Schaaf, Thomas},
  journal={arXiv preprint arXiv:2404.06503},
  year={2024}
}

@inproceedings{wauthier2013efficient,
  title={Efficient ranking from pairwise comparisons},
  author={Wauthier, Fabian and Jordan, Michael and Jojic, Nebojsa},
  booktitle={International Conference on Machine Learning},
  pages={109--117},
  year={2013},
  organization={PMLR}
}

@article{guo2020does,
  title={Does corporate green ranking reflect carbon-mitigation performance?},
  author={Guo, Ting and Zha, Guiliang and Lee, Chyi Lin and Tang, Qingliang},
  journal={Journal of Cleaner Production},
  volume={277},
  pages={123601},
  year={2020},
  publisher={Elsevier}
}

@article{brown2020language,
  title={Language models are few-shot learners},
  author={Brown, Tom and Mann, Benjamin and Ryder, Nick and Subbiah, Melanie and Kaplan, Jared D and Dhariwal, Prafulla and Neelakantan, Arvind and Shyam, Pranav and Sastry, Girish and Askell, Amanda and others},
  journal={Advances in neural information processing systems},
  volume={33},
  pages={1877--1901},
  year={2020}
}

@misc{Roucher2025using,
  title = {Using LLM-as-a-judge for an automated and versatile evaluation},
  author = {Roucher, Aymeric},
  year={2025},
  howpublished = {\url{https://huggingface.co/learn/cookbook/en/llm_judge}},
  note = {Accessed: 2025-01-16}
}

@misc{CDP2022Scoring,
  title = {CDP Climate Change 2022 Scoring Methodology},
  author = {CDP},
  year={2022},
  howpublished = {\url{https://guidance.cdp.net/en/guidance?cid=30&ctype=theme&idtype=ThemeID&otype=ScoringMethodology}},
  note = {Accessed: 2025-01-16}
}

@article{wei2022chain,
  title={Chain-of-thought prompting elicits reasoning in large language models},
  author={Wei, Jason and Wang, Xuezhi and Schuurmans, Dale and Bosma, Maarten and Xia, Fei and Chi, Ed and Le, Quoc V and Zhou, Denny and others},
  journal={Advances in neural information processing systems},
  volume={35},
  pages={24824--24837},
  year={2022}
}
