@inproceedings{Benaim:NIPS2017,
title        = {GANs Trained by a Two Time-Scale Update Rule Converge to a Local Nash Equilibrium},
author       = {Martin Heusel and Hubert Ramsauer and Thomas Unterthiner and Bernhard Nessler and Sepp Hochreiter},
booktitle    = {Proceedings of the 31st International Conference on Neural Information Processing Systems},
volume       = {},
pages        = {6629-6640},
year         = {2017},
publisher    = {},
address      = {}
}

@article{DBLP:Kim2019,
  author    = {Junho Kim and
               Minjae Kim and
               Hyeonwoo Kang and
               Kwanghee Lee},
  title     = {{U-GAT-IT:} Unsupervised Generative Attentional Networks with Adaptive
               Layer-Instance Normalization for Image-to-Image Translation},
  journal   = {CoRR},
  volume    = {abs/1907.10830},
  year      = {2019},
  url       = {http://arxiv.org/abs/1907.10830},
  eprinttype = {arXiv},
  eprint    = {1907.10830}
}

@article{DBLP:Tschannen2018,
  author    = {Michael Tschannen and
               Olivier Bachem and
               Mario Lucic},
  title     = {Recent Advances in Autoencoder-Based Representation Learning},
  journal   = {CoRR},
  volume    = {abs/1812.05069},
  year      = {2018},
  url       = {http://arxiv.org/abs/1812.05069},
  eprinttype = {arXiv},
  eprint    = {1812.05069}
}

@inproceedings{Fu:CVPR2019,
title        = {Geometry-Consistent Generative Adversarial Networks for One-Sided Unsupervised Domain Mapping},
author       = {Fu, Huan and Gong, Mingming and Wang, Chaohui and Batmanghelich, Kayhan and Zhang, Kun and Tao, Dacheng},
booktitle    = {2019 IEEE/CVF Conference on Computer Vision and Pattern Recognition (CVPR)},
volume       = {},
pages        = {2422-2431},
year         = {2019},
publisher    = {},
address      = {},
doi={10.1109/CVPR.2019.00253}
}

@INPROCEEDINGS{Gatys:CVPR2016,
  author={Gatys, Leon A. and Ecker, Alexander S. and Bethge, Matthias},
  booktitle={2016 IEEE Conference on Computer Vision and Pattern Recognition (CVPR)},
  title={Image Style Transfer Using Convolutional Neural Networks},
  year={2016},
  volume={},
  number={},
  pages={2414-2423},
  doi={10.1109/CVPR.2016.265}
}

@ARTICLE{Gong:GAN,
  author={Gong, Maoguo and Niu, Xudong and Zhang, Puzhao and Li, Zhetao},
  journal={IEEE Geoscience and Remote Sensing Letters},
  title={Generative Adversarial Networks for Change Detection in Multispectral Imagery},
  year={2017},
  volume={14},
  number={12},
  pages={2310-2314},
  doi={10.1109/LGRS.2017.2762694}
}

@inproceedings{Goodfellow:NIPS2014,
title        = {Generative Adversarial Nets},
author       = {Ian J. Goodfellow and Jean Pouget-Abadie and Mehdi Mirza and Bing Xu and David Warde-Farley and Sherjil Ozair and Aaron Courville and Yoshua Bengio},
booktitle    = {Proceedings of the 27th International Conference on Neural Information Processing Systems},
volume       = {2},
pages        = {2672-2680},
year         = {2014},
publisher    = {},
address      = {}
}

@inproceedings{Hoffman:ICML2018,
title        = {CyCADA: Cycle-Consistent Adversarial Domain Adaptation},
author       = {Judy Hoffman and Eric Tzeng and Taesung Park and Jun-Yan Zhu and Phillip Isola and Kate Saenko and Alexei Efros and Trevor Darrell},
booktitle    = {Proceedings of the 35th International Conference on Machine Learning},
volume       = {80},
pages        = {1989-1998},
year         = {2018},
publisher    = {},
address      = {}
}

@inproceedings{Huang:ECCV2018,
title        = {Multimodal Unsupervised Image-to-Image Translation},
author       = {Xun Huang and Ming-Yu Liu and Serge Belongie and Jan Kautz},
booktitle    = {Proceedings of European Conference on Computer Vision},
volume       = {11207},
pages        = {179-196},
year         = {2018},
publisher    = {},
address      = {}
}

@INPROCEEDINGS{Huang:ICCV2017,
  author={Huang, Xun and Belongie, Serge},
  booktitle={2017 IEEE International Conference on Computer Vision (ICCV)},
  title={Arbitrary Style Transfer in Real-Time with Adaptive Instance Normalization},
  year={2017},
  volume={},
  number={},
  pages={1510-1519},
  doi={10.1109/ICCV.2017.167}
}

@inproceedings{Isola:CVPR2017,
title        = {Image-to-Image Translation with Conditional Adversarial Networks},
author       = {Phillip Isola and Jun-Yan Zhu and Tinghui Zhou and Alexei A. Efros},
booktitle    = {Proceedings of 2017 IEEE Conference on Computer Vision and Pattern Recognition},
volume       = {},
pages        = {5967-5976},
year         = {2017},
publisher    = {},
address      = {},
doi={10.1109/CVPR.2017.632}
}

@ARTICLE{Ivan:NF,
  author={Kobyzev, Ivan and Prince, Simon J.D. and Brubaker, Marcus A.},
  journal={IEEE Transactions on Pattern Analysis and Machine Intelligence},
  title={Normalizing Flows: An Introduction and Review of Current Methods},
  year={2021},
  volume={43},
  number={11},
  pages={3964-3979},
  doi={10.1109/TPAMI.2020.2992934}
}

@inproceedings{Jia:ICCV2021,
title        = {Semantically Robust Unpaired Image Translation for Data with Unmatched Semantics Statistics},
author       = {Jia, Zhiwei and Yuan, Bodi and Wang, Kangkang and Wu, Hong and Clifford, David and Yuan, Zhiqiang and Su, Hao},
booktitle    = {2021 IEEE/CVF International Conference on Computer Vision (ICCV)},
volume       = {},
pages        = {14253-14263},
year         = {2021},
publisher    = {},
address      = {},
doi={10.1109/ICCV48922.2021.01401}
}

@InProceedings{Jiang:ECCV2020,
author="Jiang, Liming and Zhang, Changxu and Huang, Mingyang and Liu, Chunxiao and Shi, Jianping and Loy, Chen Change",
title="TSIT: A Simple and Versatile Framework for Image-to-Image Translation",
booktitle="Computer Vision -- ECCV 2020",
year="2020",
pages="206-222",
}

@inproceedings{Kingma:ICLR2014,
title        = {Auto-Encoding Variational Bayes},
author       = {Diederik P Kingma and Max Welling},
booktitle    = {Proceedings of the 2nd International Conference on Learning Representations},
year         = {2014},
address      = {}
}

@ARTICLE{Lee:DRITplusplus,
  author={Lee, Hsin-Ying and Tseng, Hung-Yu and Mao, Qi and Huang, Jia-Bin and Lu, Yu-Ding and Singh, Maneesh and Yang, Ming-Hsuan},
  journal={International Journal of Computer Vision},
  title={DRIT++: Diverse Image-to-Image Translation via Disentangled Representations},
  year={2020},
  volume={128},
  number={},
  pages={2402-2417},
  doi={10.1007/s11263-019-01284-z}
}

@inproceedings{Liu:NIPS2016,
title        = {Coupled Generative Adversarial Networks},
author       = {Ming-Yu Liu and Oncel Tuzel},
booktitle    = {Proceedings of the 30th International Conference on Neural Information Processing Systems},
volume       = {},
pages        = {469-477},
year         = {2016},
publisher    = {},
address      = {}
}

@inproceedings{Liu:NIPS2017,
title        = {Unsupervised Image-to-Image Translation Networks},
author       = {Ming-Yu Liu and Thomas Breuel and Jan Kautz},
booktitle    = {Proceedings of the 31st International Conference on Neural Information Processing Systems},
volume       = {},
pages        = {700-708},
year         = {2017},
publisher    = {},
address      = {}
}

@inproceedings{Mejjati:NIPS2018,
title        = {Unsupervised Attention-Guided Image-to-Image Translation},
author       = {Youssef A. Mejjati and Christian Richardt and James Tompkin and Darren Cosker and Kwang In Kim},
booktitle    = {Proceedings of the 32nd International Conference on Neural Information Processing Systems},
volume       = {},
pages        = {3697-3707},
year         = {2018},
publisher    = {},
address      = {}
}

@INPROCEEDINGS{Park:CVPR2019,
  author={Park, Taesung and Liu, Ming-Yu and Wang, Ting-Chun and Zhu, Jun-Yan},
  booktitle={2019 IEEE/CVF Conference on Computer Vision and Pattern Recognition (CVPR)},
  title={Semantic Image Synthesis With Spatially-Adaptive Normalization},
  year={2019},
  volume={},
  number={},
  pages={2332-2341},
  doi={10.1109/CVPR.2019.00244}
}

@InProceedings{Park:ECCV2020,
author="Park, Taesung and Efros, Alexei A. and Zhang, Richard and Zhu, Jun-Yan",
title="Contrastive Learning for Unpaired Image-to-Image Translation",
booktitle="Computer Vision -- ECCV 2020",
year="2020",
pages="319-345"
}

@inproceedings{Rezende:ICML2015,
title        = {Variational Inference with Normalizing Flows},
author       = {Danilo Jimenez Rezende and Shakir Mohamed},
booktitle    = {Proceedings of the 32nd International Conference on Machine Learning},
volume       = {37},
pages        = {1530-1538},
year         = {2015},
publisher    = {},
address      = {}
}

@article{Xia:TPAMI2023,
  author    = {Weihao Xia and
               Yulun Zhang and
               Yujiu Yang and
               Jing{-}Hao Xue and
               Bolei Zhou and
               Ming{-}Hsuan Yang},
  title     = {{GAN} Inversion: {A} Survey},
  journal   = {IEEE Transactions on Pattern Analysis and Machine Intelligence},
  volume    = {45},
  number    = {3},
  year      = {2023},
  pages={3121-3138},
  doi={10.1109/TPAMI.2022.3181070}
}

@inproceedings{Yang:CVPR2020,
title        = {Phase Consistent Ecological Domain Adaptation},
author       = {Yang, Yanchao and Lao, Dong and Sundaramoorthi, Ganesh and Soatto, Stefano},
booktitle    = {2020 IEEE/CVF Conference on Computer Vision and Pattern Recognition (CVPR)},
volume       = {},
pages        = {9008-9017},
year         = {2020},
publisher    = {},
address      = {},
doi={10.1109/CVPR42600.2020.00903}
}

@ARTICLE{You:BCCGAN,
  author={You, Haoran and Cheng, Yu and Cheng, Tianheng and Li, Chunliang and Zhou, Pan},
  journal={IEEE Transactions on Neural Networks and Learning Systems},
  title={Bayesian Cycle-Consistent Generative Adversarial Networks via Marginalizing Latent Sampling},
  year={2021},
  volume={32},
  number={10},
  pages={4389-4403},
  doi={10.1109/TNNLS.2020.3017669}
}

@ARTICLE{Yusuf:CMSNET,
  author={Aytar, Yusuf and Castrejon, Lluis and Vondrick, Carl and Pirsiavash, Hamed and Torralba, Antonio},
  journal={IEEE Transactions on Pattern Analysis and Machine Intelligence},
  title={Cross-Modal Scene Networks},
  year={2018},
  volume={40},
  number={10},
  pages={2303-2314},
  doi={10.1109/TPAMI.2017.2753232}
}

@inproceedings{Zhu:ICCV2017,
title        = {Unpaired Image-to-Image Translation Using Cycle-Consistent Adversarial Networks},
author       = {Jun-Yan Zhu and Taesung Park and Phillip Isola and Alexei A. Efros},
booktitle    = {Proceedings of 2017 IEEE International Conference on Computer Vision},
volume       = {},
pages        = {2242-2251},
year         = {2017},
publisher    = {},
address      = {},
doi = {10.1109/ICCV.2017.244}
}

