@article{Lecun:dl,
    author = "Yann, LeCun and Yoshua, Bengio and Geoffrey, Hinton",
    title = "Deep Learning",
    journal = "Nature",
    volume = "521",
    pages = "436--444",
    year = "2015",
    doi = "10.1038/nature14539"
}

@inproceedings{Goodfellow:NIPS2014,
title        = {Generative Adversarial Nets},
author       = {Ian J. Goodfellow and Jean Pouget-Abadie and Mehdi Mirza and Bing Xu and David Warde-Farley and Sherjil Ozair and Aaron Courville and Yoshua Bengio},
booktitle    = {Proceedings of the 27th International Conference on Neural Information Processing Systems},
volume       = {2},
pages        = {2672-2680},
year         = {2014},
publisher    = {},
address      = {}
}

@inproceedings{Kingma:ICLR2014,
title        = {Auto-Encoding Variational Bayes},
author       = {Diederik P Kingma and Max Welling},
booktitle    = {Proceedings of the 2nd International Conference on Learning Representations},
year         = {2014},
address      = {}
}

@inproceedings{Rezende:ICML2015,
title        = {Variational Inference with Normalizing Flows},
author       = {Danilo Jimenez Rezende and Shakir Mohamed},
booktitle    = {Proceedings of the 32nd International Conference on Machine Learning},
volume       = {37},
pages        = {1530-1538},
year         = {2015},
publisher    = {},
address      = {}
}

@inproceedings{Isola:CVPR2017,
title        = {Image-to-Image Translation with Conditional Adversarial Networks},
author       = {Phillip Isola and Jun-Yan Zhu and Tinghui Zhou and Alexei A. Efros},
booktitle    = {Proceedings of 2017 IEEE Conference on Computer Vision and Pattern Recognition},
volume       = {},
pages        = {5967-5976},
year         = {2017},
publisher    = {},
address      = {},
doi={10.1109/CVPR.2017.632}
}

@inproceedings{Hoffman:ICML2018,
title        = {CyCADA: Cycle-Consistent Adversarial Domain Adaptation},
author       = {Judy Hoffman and Eric Tzeng and Taesung Park and Jun-Yan Zhu and Phillip Isola and Kate Saenko and Alexei Efros and Trevor Darrell},
booktitle    = {Proceedings of the 35th International Conference on Machine Learning},
volume       = {80},
pages        = {1989-1998},
year         = {2018},
publisher    = {},
address      = {}
}

@inproceedings{Zhu:NIPS2017,
title        = {Toward Multimodal Image-to-Image Translation},
author       = {Jun-Yan Zhu and Richard Zhang and Deepak Pathak and Trevor Darrell and Alexei A. Efros and Oliver Wang and Eli Shechtman},
booktitle    = {Proceedings of the 31st International Conference on Neural Information Processing Systems},
volume       = {},
pages        = {465-476},
year         = {2017},
publisher    = {},
address      = {}
}

@inproceedings{Zhu:ICCV2017,
title        = {Unpaired Image-to-Image Translation Using Cycle-Consistent Adversarial Networks},
author       = {Jun-Yan Zhu and Taesung Park and Phillip Isola and Alexei A. Efros},
booktitle    = {Proceedings of 2017 IEEE International Conference on Computer Vision},
volume       = {},
pages        = {2242-2251},
year         = {2017},
publisher    = {},
address      = {},
doi = {10.1109/ICCV.2017.244}
}

@inproceedings{Liu:NIPS2017,
title        = {Unsupervised Image-to-Image Translation Networks},
author       = {Ming-Yu Liu and Thomas Breuel and Jan Kautz},
booktitle    = {Proceedings of the 31st International Conference on Neural Information Processing Systems},
volume       = {},
pages        = {700-708},
year         = {2017},
publisher    = {},
address      = {}
}

@inproceedings{Huang:ECCV2018,
title        = {Multimodal Unsupervised Image-to-Image Translation},
author       = {Xun Huang and Ming-Yu Liu and Serge Belongie and Jan Kautz},
booktitle    = {Proceedings of European Conference on Computer Vision},
volume       = {11207},
pages        = {179-196},
year         = {2018},
publisher    = {},
address      = {}
}

@inproceedings{Baek:ICCV2021,
title        = {Rethinking the Truly Unsupervised Image-to-Image Translation},
author       = {Kyungjune Baek and Yunjey Choi and Youngjung Uh and Jaejun Yoo and Hyunjung Shim},
booktitle    = {Proceedings of 2021 IEEE International Conference on Computer Vision},
volume       = {},
pages        = {14134-14143},
year         = {2021},
publisher    = {},
address      = {},
doi={10.1109/ICCV48922.2021.01389}
}

@inproceedings{Lebedev:ISPRS2018,
title        = {Change Detection in Remote Sensing Images Using Conditional Adversarial Networks},
author       = {M. A. Lebedev and Yu. V. Vizilter and O. V. Vygolov and V. A. Knyaz and A. Yu. Rubis},
booktitle    = {The International Archives of the Photogrammetry, Remote Sensing and Spatial Information Sciences},
volume       = {XLII-2},
pages        = {565-571},
year         = {2018},
publisher    = {},
address      = {},
doi={10.5194/isprs-archives-XLII-2-565-2018}
}

@ARTICLE{Fang:SNUNET,
    author = {Sheng Fang and Kaiyu Li and Jinyuan Shao and Zhe Li},
    title = {SNUNet-CD: A Densely Connected Siamese Network for Change Detection of VHR Images},
    journal = {IEEE Geoscience and Remote Sensing Letters},
    volume = {19},
    pages = {1-5},
    month = {},
    year = {2022},
    doi = {10.1109/LGRS.2021.3056416}
}

@ARTICLE{Zhang:DSIFNET,
    author = {Chenxiao Zhang and PengYue and Deodato Tapete and Liangcun Jiang and Boyi Shangguan and Li Huang and Guangchao Liu},
    title = {A Deeply Supervised Image Fusion Network for Change Detection in High Resolution Bi-Temporal Remote Sensing Images},
    journal = {ISPRS Journal of Photogrammetry and Remote Sensing},
    volume = {166},
    pages = {183-200},
    month = {August},
    year = {2020},
    doi = {10.1016/j.isprsjprs.2020.06.003}
}

@inproceedings{Fu:CVPR2019,
title        = {Geometry-Consistent Generative Adversarial Networks for One-Sided Unsupervised Domain Mapping},
author       = {Fu, Huan and Gong, Mingming and Wang, Chaohui and Batmanghelich, Kayhan and Zhang, Kun and Tao, Dacheng},
booktitle    = {2019 IEEE/CVF Conference on Computer Vision and Pattern Recognition (CVPR)},
volume       = {},
pages        = {2422-2431},
year         = {2019},
publisher    = {},
address      = {},
doi={10.1109/CVPR.2019.00253}
}

@inproceedings{Jia:ICCV2021,
title        = {Semantically Robust Unpaired Image Translation for Data with Unmatched Semantics Statistics},
author       = {Jia, Zhiwei and Yuan, Bodi and Wang, Kangkang and Wu, Hong and Clifford, David and Yuan, Zhiqiang and Su, Hao},
booktitle    = {2021 IEEE/CVF International Conference on Computer Vision (ICCV)},
volume       = {},
pages        = {14253-14263},
year         = {2021},
publisher    = {},
address      = {},
doi={10.1109/ICCV48922.2021.01401}
}

@inproceedings{Yang:CVPR2020,
title        = {Phase Consistent Ecological Domain Adaptation},
author       = {Yang, Yanchao and Lao, Dong and Sundaramoorthi, Ganesh and Soatto, Stefano},
booktitle    = {2020 IEEE/CVF Conference on Computer Vision and Pattern Recognition (CVPR)},
volume       = {},
pages        = {9008-9017},
year         = {2020},
publisher    = {},
address      = {},
doi={10.1109/CVPR42600.2020.00903}
}

@ARTICLE{Gong:GAN,
  author={Gong, Maoguo and Niu, Xudong and Zhang, Puzhao and Li, Zhetao},
  journal={IEEE Geoscience and Remote Sensing Letters},
  title={Generative Adversarial Networks for Change Detection in Multispectral Imagery},
  year={2017},
  volume={14},
  number={12},
  pages={2310-2314},
  doi={10.1109/LGRS.2017.2762694}
}

@ARTICLE{Gong:GDCNET,
  author={Gong, Maoguo and Yang, Yuelei and Zhan, Tao and Niu, Xudong and Li, Shuwei},
  journal={IEEE Journal of Selected Topics in Applied Earth Observations and Remote Sensing},
  title={A Generative Discriminatory Classified Network for Change Detection in Multispectral Imagery},
  year={2019},
  volume={12},
  number={1},
  pages={321-333},
  doi={10.1109/JSTARS.2018.2887108}
}

@INPROCEEDINGS{Jose:GARSS2020,
  author={Holgado Alvarez, Jose Luis and Ravanbakhsh, Mahdyar and Demir, Beg√ºm},
  booktitle={IGARSS 2020 - 2020 IEEE International Geoscience and Remote Sensing Symposium},
  title={S2-CGAN: Self-Supervised Adversarial Representation Learning for Binary Change Detection in Multispectral Images},
  year={2020},
  volume={},
  number={},
  pages={2515-2518},
  doi={10.1109/IGARSS39084.2020.9324345}
}

@article{Luppino:TNNLS2024,
  author    = {Luigi Tommaso Luppino and
               Mads A. Hansen and
               Michael Kampffmeyer and
               Filippo Maria Bianchi and
               Gabriele Moser and
               Robert Jenssen and
               Stian Normann Anfinsen},
  title     = {Code-Aligned Autoencoders for Unsupervised Change Detection in Multimodal
               Remote Sensing Images},
  journal   = {IEEE Transactions on Neural Networks and Learning Systems},
  volume    = {35},
  number    = {1},
  year      = {2024},
  pages={60-72},
  doi={10.1109/TNNLS.2022.3172183}
}

@article{Xia:TPAMI2023,
  author    = {Weihao Xia and
               Yulun Zhang and
               Yujiu Yang and
               Jing{-}Hao Xue and
               Bolei Zhou and
               Ming{-}Hsuan Yang},
  title     = {{GAN} Inversion: {A} Survey},
  journal   = {IEEE Transactions on Pattern Analysis and Machine Intelligence},
  volume    = {45},
  number    = {3},
  year      = {2023},
  pages={3121-3138},
  doi={10.1109/TPAMI.2022.3181070}
}

@article{DBLP:Tschannen2018,
  author    = {Michael Tschannen and
               Olivier Bachem and
               Mario Lucic},
  title     = {Recent Advances in Autoencoder-Based Representation Learning},
  journal   = {CoRR},
  volume    = {abs/1812.05069},
  year      = {2018},
  url       = {http://arxiv.org/abs/1812.05069},
  eprinttype = {arXiv},
  eprint    = {1812.05069}
}

@ARTICLE{Ivan:NF,
  author={Kobyzev, Ivan and Prince, Simon J.D. and Brubaker, Marcus A.},
  journal={IEEE Transactions on Pattern Analysis and Machine Intelligence},
  title={Normalizing Flows: An Introduction and Review of Current Methods},
  year={2021},
  volume={43},
  number={11},
  pages={3964-3979},
  doi={10.1109/TPAMI.2020.2992934}
}

@article{DBLP:Ronneberger2015,
  author    = {Olaf Ronneberger and
               Philipp Fischer and
               Thomas Brox},
  title     = {U-Net: Convolutional Networks for Biomedical Image Segmentation},
  journal   = {CoRR},
  volume    = {abs/1505.04597},
  year      = {2015},
  url       = {http://arxiv.org/abs/1505.04597},
  eprinttype = {arXiv},
  eprint    = {1505.04597}
}

@inproceedings{Liu:NIPS2016,
title        = {Coupled Generative Adversarial Networks},
author       = {Ming-Yu Liu and Oncel Tuzel},
booktitle    = {Proceedings of the 30th International Conference on Neural Information Processing Systems},
volume       = {},
pages        = {469-477},
year         = {2016},
publisher    = {},
address      = {}
}

@ARTICLE{Yusuf:CMSNET,
  author={Aytar, Yusuf and Castrejon, Lluis and Vondrick, Carl and Pirsiavash, Hamed and Torralba, Antonio},
  journal={IEEE Transactions on Pattern Analysis and Machine Intelligence},
  title={Cross-Modal Scene Networks},
  year={2018},
  volume={40},
  number={10},
  pages={2303-2314},
  doi={10.1109/TPAMI.2017.2753232}
}

@inproceedings{Mejjati:NIPS2018,
title        = {Unsupervised Attention-Guided Image-to-Image Translation},
author       = {Youssef A. Mejjati and Christian Richardt and James Tompkin and Darren Cosker and Kwang In Kim},
booktitle    = {Proceedings of the 32nd International Conference on Neural Information Processing Systems},
volume       = {},
pages        = {3697-3707},
year         = {2018},
publisher    = {},
address      = {}
}

@article{DBLP:Kim2019,
  author    = {Junho Kim and
               Minjae Kim and
               Hyeonwoo Kang and
               Kwanghee Lee},
  title     = {{U-GAT-IT:} Unsupervised Generative Attentional Networks with Adaptive
               Layer-Instance Normalization for Image-to-Image Translation},
  journal   = {CoRR},
  volume    = {abs/1907.10830},
  year      = {2019},
  url       = {http://arxiv.org/abs/1907.10830},
  eprinttype = {arXiv},
  eprint    = {1907.10830}
}

@ARTICLE{Lee:DRITplusplus,
  author={Lee, Hsin-Ying and Tseng, Hung-Yu and Mao, Qi and Huang, Jia-Bin and Lu, Yu-Ding and Singh, Maneesh and Yang, Ming-Hsuan},
  journal={International Journal of Computer Vision},
  title={DRIT++: Diverse Image-to-Image Translation via Disentangled Representations},
  year={2020},
  volume={128},
  number={},
  pages={2402-2417},
  doi={10.1007/s11263-019-01284-z}
}

@ARTICLE{You:BCCGAN,
  author={You, Haoran and Cheng, Yu and Cheng, Tianheng and Li, Chunliang and Zhou, Pan},
  journal={IEEE Transactions on Neural Networks and Learning Systems},
  title={Bayesian Cycle-Consistent Generative Adversarial Networks via Marginalizing Latent Sampling},
  year={2021},
  volume={32},
  number={10},
  pages={4389-4403},
  doi={10.1109/TNNLS.2020.3017669}
}

@INPROCEEDINGS{Gatys:CVPR2016,
  author={Gatys, Leon A. and Ecker, Alexander S. and Bethge, Matthias},
  booktitle={2016 IEEE Conference on Computer Vision and Pattern Recognition (CVPR)},
  title={Image Style Transfer Using Convolutional Neural Networks},
  year={2016},
  volume={},
  number={},
  pages={2414-2423},
  doi={10.1109/CVPR.2016.265}
}

@INPROCEEDINGS{Huang:ICCV2017,
  author={Huang, Xun and Belongie, Serge},
  booktitle={2017 IEEE International Conference on Computer Vision (ICCV)},
  title={Arbitrary Style Transfer in Real-Time with Adaptive Instance Normalization},
  year={2017},
  volume={},
  number={},
  pages={1510-1519},
  doi={10.1109/ICCV.2017.167}
}

@INPROCEEDINGS{Park:CVPR2019,
  author={Park, Taesung and Liu, Ming-Yu and Wang, Ting-Chun and Zhu, Jun-Yan},
  booktitle={2019 IEEE/CVF Conference on Computer Vision and Pattern Recognition (CVPR)},
  title={Semantic Image Synthesis With Spatially-Adaptive Normalization},
  year={2019},
  volume={},
  number={},
  pages={2332-2341},
  doi={10.1109/CVPR.2019.00244}
}

@InProceedings{Jiang:ECCV2020,
author="Jiang, Liming and Zhang, Changxu and Huang, Mingyang and Liu, Chunxiao and Shi, Jianping and Loy, Chen Change",
title="TSIT: A Simple and Versatile Framework for Image-to-Image Translation",
booktitle="Computer Vision -- ECCV 2020",
year="2020",
pages="206-222",
}

@inproceedings{Benaim:NIPS2017,
title        = {One-Sided Unsupervised Domain Mapping},
author       = {Sagie Benaim and Lior Wolf},
booktitle    = {Proceedings of the 31st International Conference on Neural Information Processing Systems},
volume       = {},
pages        = {752-762},
year         = {2017},
publisher    = {},
address      = {}
}

@InProceedings{Yang:ECCV2018,
author="Yang, Yanchao and Soatto, Stefano",
title="Conditional Prior Networks for Optical Flow",
booktitle="Computer Vision -- ECCV 2018",
year="2018",
pages="282-298"
}

@InProceedings{Park:ECCV2020,
author="Park, Taesung and Efros, Alexei A. and Zhang, Richard and Zhu, Jun-Yan",
title="Contrastive Learning for Unpaired Image-to-Image Translation",
booktitle="Computer Vision -- ECCV 2020",
year="2020",
pages="319-345"
}

@inproceedings{Benaim:NIPS2017,
title        = {GANs Trained by a Two Time-Scale Update Rule Converge to a Local Nash Equilibrium},
author       = {Martin Heusel and Hubert Ramsauer and Thomas Unterthiner and Bernhard Nessler and Sepp Hochreiter},
booktitle    = {Proceedings of the 31st International Conference on Neural Information Processing Systems},
volume       = {},
pages        = {6629-6640},
year         = {2017},
publisher    = {},
address      = {}
}

@INPROCEEDINGS{Long:CVPR2015,
  author={Long, Jonathan and Shelhamer, Evan and Darrell, Trevor},
  booktitle={2015 IEEE Conference on Computer Vision and Pattern Recognition (CVPR)},
  title={Fully convolutional networks for semantic segmentation},
  year={2015},
  volume={},
  number={},
  pages={3431-3440},
  doi={10.1109/CVPR.2015.7298965}
}

@ARTICLE{Wang:SSIM,
  author={Zhou Wang and Bovik, A.C. and Sheikh, H.R. and Simoncelli, E.P.},
  journal={IEEE Transactions on Image Processing},
  title={Image quality assessment: from error visibility to structural similarity},
  year={2004},
  volume={13},
  number={4},
  pages={600-612},
  doi={10.1109/TIP.2003.819861}
}

@article{DBLP:Gatys2015,
  author    = {Leon A. Gatys and Alexander S. Ecker and Matthias Bethge},
  title     = {A Neural Algorithm of Artistic Style},
  journal   = {CoRR},
  volume    = {abs/1508.06576},
  year      = {2015},
  url       = {http://arxiv.org/abs/1508.06576},
  eprinttype = {arXiv},
  eprint    = {1508.06576}
}

@INPROCEEDINGS{Zhang:CVPR2018,
  author={Zhang, Richard and Isola, Phillip and Efros, Alexei A. and Shechtman, Eli and Wang, Oliver},
  booktitle={2018 IEEE/CVF Conference on Computer Vision and Pattern Recognition},
  title={The Unreasonable Effectiveness of Deep Features as a Perceptual Metric},
  year={2018},
  volume={},
  number={},
  pages={586-595},
  doi={10.1109/CVPR.2018.00068}
}

@misc{piq,
  title={{PyTorch Image Quality}: Metrics and Measure for Image Quality Assessment},
  url={https://github.com/photosynthesis-team/piq},
  note={Open-source software},
  author={Sergey Kastryulin and Dzhamil Zakirov and Denis Prokopenko},
  year={2019}
}

@ARTICLE{Ding:USTS,
  author={Ding, Keyan and Ma, Kede and Wang, Shiqi and Simoncelli, Eero P.},
  journal={IEEE Transactions on Pattern Analysis and Machine Intelligence},
  title={Image Quality Assessment: Unifying Structure and Texture Similarity},
  year={2022},
  volume={44},
  number={5},
  pages={2567-2581},
  doi={10.1109/TPAMI.2020.3045810}
}

@ARTICLE{Zhang:FSIM,
  author={Zhang, Lin and Zhang, Lei and Mou, Xuanqin and Zhang, David},
  journal={IEEE Transactions on Image Processing},
  title={FSIM: A Feature Similarity Index for Image Quality Assessment},
  year={2011},
  volume={20},
  number={8},
  pages={2378-2386},
  doi={10.1109/TIP.2011.2109730}
}

@ARTICLE{Ziaei:MDSI,
  author={Ziaei Nafchi, Hossein and Shahkolaei, Atena and Hedjam, Rachid and Cheriet, Mohamed},
  journal={IEEE Access},
  title={Mean Deviation Similarity Index: Efficient and Reliable Full-Reference Image Quality Evaluator},
  year={2016},
  volume={4},
  number={},
  pages={5579-5590},
  doi={10.1109/ACCESS.2016.2604042}
}

@INPROCEEDINGS{Prashnani:PieAPP,
  author={Prashnani, Ekta and Cai, Hong and Mostofi, Yasamin and Sen, Pradeep},
  booktitle={2018 IEEE/CVF Conference on Computer Vision and Pattern Recognition},
  title={PieAPP: Perceptual Image-Error Assessment Through Pairwise Preference},
  year={2018},
  volume={},
  number={},
  pages={1808-1817},
  doi={10.1109/CVPR.2018.00194}
}

@inproceedings{Kingma:ICLR2015,
title        = {Adam: A Method for Stochastic Optimization},
author       = {Diederik P. Kingma and Jimmy Ba},
booktitle    = {Proceedings of the 3rd International Conference for Learning Representations},
volume       = {},
pages        = {1-13},
year         = {2015},
publisher    = {},
address      = {}
}

@article{Tan2019EfficientNetRM,
  title={EfficientNet: Rethinking Model Scaling for Convolutional Neural Networks},
  author={Mingxing Tan and Quoc V. Le},
  journal={ArXiv},
  year={2019},
  volume={abs/1905.11946}
}

@article{Zhang2020DBCNN,
  title={Blind Image Quality Assessment Using A Deep Bilinear Convolutional Neural Network},
  author={Zhang, Weixia and Ma, Kede and Yan, Jia and Deng, Dexiang and Wang, Zhou},
  journal={IEEE Transactions on Circuits and Systems for Video Technology},
  year={2020},
  volume={30},
  number={1},
  pages={36-47},
  doi={10.1109/TCSVT.2018.2886771}
}

@article{Hossein2018NIMA,
  title={NIMA: Neural Image Assessment},
  author={Talebi, Hossein and Milanfar, Peyman},
  journal={IEEE Transactions on Image Processing},
  year={2018},
  volume={27},
  number={8},
  pages={3998-4011},
  doi={10.1109/TIP.2018.2831899}
}

@article{Fang2023Changer,
  title={Changer: Feature Interaction Is What You Need for Change Detection},
  author={Sheng, Fang and Kaiyu, Li and Zhe, Li},
  journal={IEEE Transactions on Geoscience and Remote Sensing},
  year={2023},
  volume={61},
  number={5610111},
  pages={1-11},
  doi={10.1109/TGRS.2023.3277496}
}

%% Journal article
@article{bib1,
  author		= "Campbell, S. L. and Gear, C. W.",
  title			= "The index of general nonlinear {D}{A}{E}{S}",
  journal		= "Numer. {M}ath.",
  volume		= "72",
  number		= "2",
  pages			= "173--196",
  year			= "1995"
}

%% Journal article with DOI
@article{bib2,
  author		= "Slifka, M. K. and Whitton, J. L.",
  title			= "Clinical implications of dysregulated cytokine production",
  journal		= "J. {M}ol. {M}ed.",
  volume		= "78",
  pages			= "74--80",
  year			= "2000",
  doi			= "10.1007/s001090000086"
}

%% Journal article
@article{bib3,
  author		= "Hamburger, C.",
  title			= "Quasimonotonicity, regularity and duality for nonlinear systems of 
					partial differential equations",
  journal		= "Ann. Mat. Pura. Appl.",
  volume		= "169",
  number		= "2",
  pages			= "321--354",
  year			= "1995"
}

%% book, authored
@book{bib4,
  author		= "Geddes, K. O. and Czapor, S. R. and Labahn, G.",
  title			= "Algorithms for {C}omputer {A}lgebra",
  address		= "Boston",
  publisher		= "Kluwer",
  year			= "1992"
}

%% Item 8. Book, chapter
@incollection{bib5,
  author		= "Broy, M.",
  title			= "Software engineering---from auxiliary to key technologies",
  editor		= "Broy, M. and Denert, E.",
  booktitle		= "Software Pioneers",
  pages			= "10--13",
  address		= "New {Y}ork",
  publisher		= "Springer",
  year			= "1992"
}

%% Book, edited
@book{bib6,
  editor		= "Seymour, R. S.",
  title			= "Conductive {P}olymers",
  address		= "New {Y}ork",
  publisher		= "Plenum",
  year			= "1981"
}

%% Chapter in a book in a series with volume titles
@inproceedings{bib7,
  author		= "Smith, S. E.",
  title			= "Neuromuscular blocking drugs in man",
  editor		= "Zaimis, E.",
  volume		= "42",
  booktitle		= "Neuromuscular junction. {H}andbook of experimental pharmacology",
  pages			= "593--660",
  address		= "Heidelberg",
  publisher		= "Springer",
  year			= "1976"
}

%% Paper presented at a conference
@misc{bib8,
  author		= "Chung, S. T. and Morris, R. L.",
  title			= "Isolation and characterization of plasmid deoxyribonucleic acid from 
					Streptomyces fradiae",
  year			= "1978",
  note			= "Paper presented at the 3rd international symposium on the genetics 
					of industrial microorganisms, University of {W}isconsin, {M}adison, 
					4--9 June 1978"
}

%% Data citation example
@misc{bib9,
  author		= "Hao, Z. and AghaKouchak, A. and Nakhjiri, N. and Farahmand, A.",
  title			= "Global integrated drought monitoring and prediction system (GIDMaPS) data sets", 
  year			= "2014",
  note			= "figshare \url{https://doi.org/10.6084/m9.figshare.853801}"
}

%% Preprint citation example
@misc{bib10, 
  author		= "Babichev, S. A. and Ries, J. and Lvovsky, A. I.",
  title			= "Quantum scissors: teleportation of single-mode optical states by means 
					of a nonlocal single photon", 
  year			= "2002",
  note			= "Preprint at \url{https://arxiv.org/abs/quant-ph/0208066v1}"
}

@article{bib11,
  author		= "Beneke, M. and Buchalla, G. and Dunietz, I.",
  title			= "Mixing induced {CP} asymmetries in inclusive {B} decays",
  journal		= "Phys. {L}ett.",
  volume		= "B393",
  year			= "1997",
  pages			= "132-142",
  archivePrefix		= "arXiv",
  eprint		= "0707.3168",
  primaryClass		= "gr-gc"
}

@softmisc{bib12,
  author		= "Stahl, B.",
  title			= "deep{SIP}: deep learning of {S}upernova {I}a {P}arameters",
  version		= "0.42",
  keywords		= "Software",
  howpublished		= "Astrophysics {S}ource {C}ode {L}ibrary",
  year			= "2020",
  month			= "Jun",
  eid			= "ascl:2006.023",
  pages			= "ascl:2006.023",
  archivePrefix		= "ascl",
  eprint		= "2006.023",
  adsurl		= "{https://ui.adsabs.harvard.edu/abs/2020ascl.soft06023S}",
  adsnote		= "Provided by the SAO/NASA Astrophysics Data System"
}

@article{bib13,
  author = "Abbott, T. M. C. and others",
  collaboration = "DES",
  title = "{Dark Energy Survey Year 1 Results: Constraints on Extended Cosmological Models from Galaxy Clustering and Weak Lensing}",
  eprint = "1810.02499",
  archivePrefix = "arXiv",
  primaryClass = "astro-ph.CO",
  reportNumber = "FERMILAB-PUB-18-507-PPD",
  doi = "10.1103/PhysRevD.99.123505",
  journal = "Phys. Rev. D",
  volume = "99",
  number = "12",
  pages = "123505",
  year = "2019"
}

%%============================================================================%%
%% while using chicago reference style, both abbreviated and expanded form of %%
%% author name format is acceptable. Refer below example for expanded form    %%
%%============================================================================%%

%%  author		= "{Cameron, Deborah}", - single author
%%  author		= "{Saito, Yukio} and {Hyuga, Hiroyuki}", - double author 

%%======================================%%
%% Example for author names with suffix %%
%%======================================%%

%%  author		= "{Price, R. A. Jr} and {Curry, N. {III}} and McCann, K. E. and 
%%					Fielding, J. L. and {Abercrombie, E. Jr}",
