@article{brown2020language,
  title={Language models are few-shot learners},
  author={Brown, Tom and Mann, Benjamin and Ryder, Nick and Subbiah, Melanie and Kaplan, Jared D and Dhariwal, Prafulla and Neelakantan, Arvind and Shyam, Pranav and Sastry, Girish and Askell, Amanda and others},
  journal={NeurIPS},
  volume={33},
  pages={1877--1901},
  year={2020}
}

@article{feng2024towards,
  title={Towards revealing the mystery behind chain of thought: a theoretical perspective},
  author={Feng, Guhao and Zhang, Bohang and Gu, Yuntian and Ye, Haotian and He, Di and Wang, Liwei},
  journal={NeurIPS},
  volume={36},
  year={2024}
}

@inproceedings{gao2023pal,
  title={Pal: Program-aided language models},
  author={Gao, Luyu and Madaan, Aman and Zhou, Shuyan and Alon, Uri and Liu, Pengfei and Yang, Yiming and Callan, Jamie and Neubig, Graham},
  booktitle={ICML},
  pages={10764--10799},
  year={2023}}

@article{hamilton2017inductive,
  title={Inductive representation learning on large graphs},
  author={Hamilton, Will and Ying, Zhitao and Leskovec, Jure},
  journal={NeurIPS},
  pages={1025--1035},
  year={2017}
}

@inproceedings{hu2020gpt,
  title={{GPT-GNN}: Generative pre-training of graph neural networks},
  author={Hu, Ziniu and Dong, Yuxiao and Wang, Kuansan and Chang, Kai-Wei and Sun, Yizhou},
  booktitle={SIGKDD},
  pages={1857--1867},
  year={2020}
}

@article{jin2024graph,
  title={Graph chain-of-thought: Augmenting large language models by reasoning on graphs},
  author={Jin, Bowen and Xie, Chulin and Zhang, Jiawei and Roy, Kashob Kumar and Zhang, Yu and Li, Zheng and Li, Ruirui and Tang, Xianfeng and Wang, Suhang and Meng, Yu and others},
  journal={arXiv preprint arXiv:2404.07103},
  year={2024}
}

@inproceedings{kipf2016semi,
  title={Semi-supervised classification with graph convolutional networks},
  author={Kipf, Thomas N and Welling, Max},
  booktitle={ICLR},
  year={2017}
}

@inproceedings{kipf2016variational,
  title={Variational graph auto-encoders},
  author={Kipf, Thomas N and Welling, Max},
  booktitle={Bayesian Deep Learning Workshop},
  year={2016}
}

@inproceedings{lester2021power,
  title={The Power of Scale for Parameter-Efficient Prompt Tuning},
  author={Lester, Brian and Al-Rfou, Rami and Constant, Noah},
  booktitle={EMNLP},
  pages={3045--3059},
  year={2021}
}

@article{liu2021gpt,
  title={{GPT} understands, too},
  author={Liu, Xiao and Zheng, Yanan and Du, Zhengxiao and Ding, Ming and Qian, Yujie and Yang, Zhilin and Tang, Jie},
  journal={arXiv preprint arXiv:2103.10385},
  year={2021}
}

@inproceedings{liu2023graphprompt,
  title={{GraphPrompt}: Unifying pre-training and downstream tasks for graph neural networks},
  author={Liu, Zemin and Yu, Xingtong and Fang, Yuan and Zhang, Xinming},
  booktitle={WWW},
  pages={417--428},
  year={2023}
}

@inproceedings{lu2021learning,
  title={Learning to pre-train graph neural networks},
  author={Lu, Yuanfu and Jiang, Xunqiang and Fang, Yuan and Shi, Chuan},
  booktitle={AAAI},
  pages={4276--4284},
  year={2021}
}

@inproceedings{sun2022gppt,
  title={GPPT: Graph Pre-training and Prompt Tuning to Generalize Graph Neural Networks},
  author={Sun, Mingchen and Zhou, Kaixiong and He, Xin and Wang, Ying and Wang, Xin},
  booktitle={SIGKDD},
  pages={1717--1727},
  year={2022}
}

@inproceedings{velivckovic2017graph,
  title={Graph attention networks},
  author={Veli{\v{c}}kovi{\'c}, Petar and Cucurull, Guillem and Casanova, Arantxa and Romero, Adriana and Lio, Pietro and Bengio, Yoshua},
  booktitle={ICLR},
  year={2018}
}

@article{wang2023self,
  title={Self-consistency improves chain of thought reasoning in language models},
  author={Wang, Xuezhi and Wei, Jason and Schuurmans, Dale and Le, Quoc and Chi, Ed and Narang, Sharan and Chowdhery, Aakanksha and Zhou, Denny},
  journal={ICLR},
  year={2023}
}

@article{wei2022chain,
  title={Chain-of-thought prompting elicits reasoning in large language models},
  author={Wei, Jason and Wang, Xuezhi and Schuurmans, Dale and Bosma, Maarten and Xia, Fei and Chi, Ed and Le, Quoc V and Zhou, Denny and others},
  journal={NeurIPS},
  volume={35},
  pages={24824--24837},
  year={2022}
}

@inproceedings{wen2023augmenting,
  title={Augmenting Low-Resource Text Classification with Graph-Grounded Pre-training and Prompting},
  author={Wen, Zhihao and Fang, Yuan},
  booktitle={SIGIR},
  year={2023}
}

@inproceedings{xu2018powerful,
  title={How powerful are graph neural networks?},
  author={Xu, Keyulu and Hu, Weihua and Leskovec, Jure and Jegelka, Stefanie},
  booktitle={ICLR},
  year={2019}
}

@article{yan2023comprehensive,
  title={A comprehensive study on text-attributed graphs: Benchmarking and rethinking},
  author={Yan, Hao and Li, Chaozhuo and Long, Ruosong and Yan, Chao and Zhao, Jianan and Zhuang, Wenwen and Yin, Jun and Zhang, Peiyan and Han, Weihao and Sun, Hao and others},
  journal={NeurIPS},
  volume={36},
  pages={17238--17264},
  year={2023}
}

@article{yao2024tree,
  title={Tree of thoughts: Deliberate problem solving with large language models},
  author={Yao, Shunyu and Yu, Dian and Zhao, Jeffrey and Shafran, Izhak and Griffiths, Tom and Cao, Yuan and Narasimhan, Karthik},
  journal={NeurIPS},
  volume={36},
  year={2024}
}

@inproceedings{yu2023hgprompt,
      title={HGPROMPT: Bridging Homogeneous and Heterogeneous Graphs for Few-shot Prompt Learning}, 
      author={Xingtong Yu and Zemin Liu and Yuan Fang and Xinming Zhang},
     booktitle={AAAI},
      year={2024}
}

@article{yu2024generalized,
  title={Generalized graph prompt: Toward a unification of pre-training and downstream tasks on graphs},
  author={Yu, Xingtong and Liu, Zhenghao and Fang, Yuan and Liu, Zemin and Chen, Sihong and Zhang, Xinming},
  journal={IEEE TKDE},
  year={2024}
}

