@techreport{page1999pagerank,
  title={The PageRank citation ranking: Bringing order to the Web.},
  author={Page, Lawrence and Brin, Sergey and Motwani, Rajeev and Winograd, Terry},
  year={1999},
  institution={Stanford InfoLab}
}

@inproceedings{jeh2002simrank,
  title={Simrank: a measure of structural-context similarity},
  author={Jeh, Glen and Widom, Jennifer},
  booktitle={SIGKDD},
  pages={538--543},
  year={2002}
}

@inproceedings{perozzi2014deepwalk,
  title={{DeepWalk}: Online learning of social representations},
  author={Perozzi, Bryan and Al-Rfou, Rami and Skiena, Steven},
  booktitle={SIGKDD},
  pages={701--710},
  year={2014}
}

@article{wei2022chain,
  title={Chain-of-thought prompting elicits reasoning in large language models},
  author={Wei, Jason and Wang, Xuezhi and Schuurmans, Dale and Bosma, Maarten and Xia, Fei and Chi, Ed and Le, Quoc V and Zhou, Denny and others},
  journal={NeurIPS},
  volume={35},
  pages={24824--24837},
  year={2022}
}

@article{chu2023survey,
  title={A survey of chain of thought reasoning: Advances, frontiers and future},
  author={Chu, Zheng and Chen, Jingchang and Chen, Qianglong and Yu, Weijiang and He, Tao and Wang, Haotian and Peng, Weihua and Liu, Ming and Qin, Bing and Liu, Ting},
  journal={arXiv preprint arXiv:2309.15402},
  year={2023}
}

@article{feng2024towards,
  title={Towards revealing the mystery behind chain of thought: a theoretical perspective},
  author={Feng, Guhao and Zhang, Bohang and Gu, Yuntian and Ye, Haotian and He, Di and Wang, Liwei},
  journal={NeurIPS},
  volume={36},
  year={2024}
}

@inproceedings{gao2023pal,
  title={Pal: Program-aided language models},
  author={Gao, Luyu and Madaan, Aman and Zhou, Shuyan and Alon, Uri and Liu, Pengfei and Yang, Yiming and Callan, Jamie and Neubig, Graham},
  booktitle={ICML},
  pages={10764--10799},
  year={2023}}

@article{wang2023self,
  title={Self-consistency improves chain of thought reasoning in language models},
  author={Wang, Xuezhi and Wei, Jason and Schuurmans, Dale and Le, Quoc and Chi, Ed and Narang, Sharan and Chowdhery, Aakanksha and Zhou, Denny},
  journal={ICLR},
  year={2023}
}

@article{yun2019graph,
  title={Graph transformer networks},
  author={Yun, Seongjun and Jeong, Minbyul and Kim, Raehyun and Kang, Jaewoo and Kim, Hyunwoo J},
  journal={NeurIPS},
  volume={32},
  year={2019}
}

@inproceedings{hu2020heterogeneous,
  title={Heterogeneous graph transformer},
  author={Hu, Ziniu and Dong, Yuxiao and Wang, Kuansan and Sun, Yizhou},
  booktitle={WWW},
  pages={2704--2710},
  year={2020}
}

@inproceedings{ying2021transformers,
  title={Do transformers really perform badly for graph representation?},
  author={Ying, Chengxuan and Cai, Tianle and Luo, Shengjie and Zheng, Shuxin and Ke, Guolin and He, Di and Shen, Yanming and Liu, Tie-Yan},
  booktitle={NeurIPS},
  pages={28877--28888},
  year={2021}
}
@article{zhu2023sgl,
  title={SGL-PT: A Strong Graph Learner with Graph Prompt Tuning},
  author={Zhu, Yun and Guo, Jianhao and Tang, Siliang},
  journal={arXiv preprint arXiv:2302.12449},
  year={2023}
}
@article{tan2023virtual,
  title={Virtual Node Tuning for Few-shot Node Classification},
  author={Tan, Zhen and Guo, Ruocheng and Ding, Kaize and Liu, Huan},
  journal={arXiv preprint arXiv:2306.06063},
  year={2023}
}
@inproceedings{sun2023all,
  title={All in One: Multi-Task Prompting for Graph Neural Networks},
  author={Sun, Xiangguo and Cheng, Hong and Li, Jia and Liu, Bo and Guan, Jihong},
  booktitle={SIGKDD},
  year={2023}
}
@article{jaiswal2020survey,
  title={A survey on contrastive self-supervised learning},
  author={Jaiswal, Ashish and Babu, Ashwin Ramesh and Zadeh, Mohammad Zaki and Banerjee, Debapriya and Makedon, Fillia},
  journal={Technologies},
  volume={9},
  number={1},
  pages={2},
  year={2020},
  publisher={MDPI}
}
@inproceedings{xu2021self,
  title={Self-supervised graph-level representation learning with local and global structure},
  author={Xu, Minghao and Wang, Hang and Ni, Bingbing and Guo, Hongyu and Tang, Jian},
  booktitle={ICML},
  pages={11548--11558},
  year={2021},
  organization={PMLR}
}
@article{zhu2022prompt,
  title={Prompt-learning for short text classification},
  author={Zhu, Yi and Zhou, Xinke and Qiang, Jipeng and Li, Yun and Yuan, Yunhao and Wu, Xindong},
  journal={arXiv preprint arXiv:2202.11345},
  year={2022}
}
@article{zhang2023dropconn,
  title={DropConn: Dropout Connection Based Random GNNs for Molecular Property Prediction},
  author={Zhang, Dan and Feng, Wenzheng and Wang, Yuandong and Qi, Zhongang and Shan, Ying and Tang, Jie},
  journal={IEEE TKDE},
  year={2023},
  publisher={IEEE}
}
@article{hu2023survey,
  title={A survey of knowledge enhanced pre-trained language models},
  author={Hu, Linmei and Liu, Zeyi and Zhao, Ziwang and Hou, Lei and Nie, Liqiang and Li, Juanzi},
  journal={IEEE TKDE},
  year={2023},
  publisher={IEEE}
}
@article{xu2022ccgl,
  title={{CCGL}: Contrastive cascade graph learning},
  author={Xu, Xovee and Zhou, Fan and Zhang, Kunpeng and Liu, Siyuan},
  journal={IEEE TKDE},
  volume={35},
  number={5},
  pages={4539--4554},
  year={2022},
  publisher={IEEE}
}
@article{liu2021self,
  title={Self-supervised learning: Generative or contrastive},
  author={Liu, Xiao and Zhang, Fanjin and Hou, Zhenyu and Mian, Li and Wang, Zhaoyu and Zhang, Jing and Tang, Jie},
  journal={IEEE TKDE},
  volume={35},
  number={1},
  pages={857--876},
  year={2021},
  publisher={IEEE}
}
@article{yi2023contrastive,
  title={Contrastive graph prompt-tuning for cross-domain recommendation},
  author={Yi, Zixuan and Ounis, Iadh and Macdonald, Craig},
  journal={ACM TOIS},
  year={2023},
  publisher={ACM New York, NY}
}
@article{keriven2022not,
  title={Not too little, not too much: a theoretical analysis of graph (over) smoothing},
  author={Keriven, Nicolas},
  journal={NeurIPS},
  volume={35},
  pages={2268--2281},
  year={2022}
}

@article{yao2024tree,
  title={Tree of thoughts: Deliberate problem solving with large language models},
  author={Yao, Shunyu and Yu, Dian and Zhao, Jeffrey and Shafran, Izhak and Griffiths, Tom and Cao, Yuan and Narasimhan, Karthik},
  journal={NeurIPS},
  volume={36},
  year={2024}
}

@article{yan2023comprehensive,
  title={A comprehensive study on text-attributed graphs: Benchmarking and rethinking},
  author={Yan, Hao and Li, Chaozhuo and Long, Ruosong and Yan, Chao and Zhao, Jianan and Zhuang, Wenwen and Yin, Jun and Zhang, Peiyan and Han, Weihao and Sun, Hao and others},
  journal={NeurIPS},
  volume={36},
  pages={17238--17264},
  year={2023}
}

@inproceedings{yu2024non,
  title={Non-homophilic graph pre-training and prompt learning},
  author={Yu, Xingtong and Zhang, Jie and Fang, Yuan and Jiang, Renhe},
  booktitle={SIGKDD},
  year={2025}
}

@inproceedings{wen2023augmenting,
  title={Augmenting Low-Resource Text Classification with Graph-Grounded Pre-training and Prompting},
  author={Wen, Zhihao and Fang, Yuan},
  booktitle={SIGIR},
  year={2023}
}


@inproceedings{li2018deeper,
  title={Deeper insights into graph convolutional networks for semi-supervised learning},
  author={Li, Qimai and Han, Zhichao and Wu, Xiao-Ming},
  booktitle={AAAI},
  volume={32},
  number={1},
  year={2018}
}

@inproceedings{liu2023graphprompt,
  title={{GraphPrompt}: Unifying pre-training and downstream tasks for graph neural networks},
  author={Liu, Zemin and Yu, Xingtong and Fang, Yuan and Zhang, Xinming},
  booktitle={WWW},
  pages={417--428},
  year={2023}
}
@inproceedings{tang2015line,
  title={{LINE}: Large-scale information network embedding},
  author={Tang, Jian and Qu, Meng and Wang, Mingzhe and Zhang, Ming and Yan, Jun and Mei, Qiaozhu},
  booktitle={WWW},
  pages={1067--1077},
  year={2015}
}

@inproceedings{grover2016node2vec,
  title={node2vec: Scalable feature learning for networks},
  author={Grover, Aditya and Leskovec, Jure},
  booktitle={SIGKDD},
  pages={855--864},
  year={2016}
}

@article{cai2018comprehensive,
  title={A comprehensive survey of graph embedding: Problems, techniques, and applications},
  author={Cai, Hongyun and Zheng, Vincent W and Chang, Kevin Chen-Chuan},
  journal={TKDE},
  volume={30},
  number={9},
  pages={1616--1637},
  year={2018},
  publisher={IEEE}
}

@article{wu2020comprehensive,
  title={A comprehensive survey on graph neural networks},
  author={Wu, Zonghan and Pan, Shirui and Chen, Fengwen and Long, Guodong and Zhang, Chengqi and Philip, S Yu},
  journal={TNNLS},
  volume={32},
  number={1},
  pages={4--24},
  year={2020},
  publisher={IEEE}
}

@inproceedings{sun2022gppt,
  title={GPPT: Graph Pre-training and Prompt Tuning to Generalize Graph Neural Networks},
  author={Sun, Mingchen and Zhou, Kaixiong and He, Xin and Wang, Ying and Wang, Xin},
  booktitle={SIGKDD},
  pages={1717--1727},
  year={2022}
}

@inproceedings{
    Hu2020Strategies,
    title={Strategies for Pre-training Graph Neural Networks},
    author={Weihua Hu and Bowen Liu and Joseph Gomes and Marinka Zitnik and Percy Liang and Vijay Pande and Jure Leskovec},
    booktitle={ICLR},
    year={2020}
}

@inproceedings{hu2020gpt,
  title={{GPT-GNN}: Generative pre-training of graph neural networks},
  author={Hu, Ziniu and Dong, Yuxiao and Wang, Kuansan and Chang, Kai-Wei and Sun, Yizhou},
  booktitle={SIGKDD},
  pages={1857--1867},
  year={2020}
}

@article{DBLP:conf/nips/HwangPKKHK20,
  title={Self-supervised auxiliary learning with meta-paths for heterogeneous graphs},
  author={Hwang, Dasol and Park, Jinyoung and Kwon, Sunyoung and Kim, KyungMin and Ha, Jung-Woo and Kim, Hyunwoo J},
  journal={NeurIPS},
  volume={33},
  pages={10294--10305},
  year={2020}
}

@article{liu2021gpt,
  title={{GPT} understands, too},
  author={Liu, Xiao and Zheng, Yanan and Du, Zhengxiao and Ding, Ming and Qian, Yujie and Yang, Zhilin and Tang, Jie},
  journal={arXiv preprint arXiv:2103.10385},
  year={2021}
}

@inproceedings{DBLP:conf/www/Wen022,
  author    = {Zhihao Wen and
               Yuan Fang},
  title     = {{TREND:} TempoRal Event and Node Dynamics for Graph Representation
               Learning},
  booktitle = {WWW},
  pages     = {1159--1169},
  publisher = {{ACM}},
  year      = {2022}
}

@inproceedings{lester2021power,
  title={The Power of Scale for Parameter-Efficient Prompt Tuning},
  author={Lester, Brian and Al-Rfou, Rami and Constant, Noah},
  booktitle={EMNLP},
  pages={3045--3059},
  year={2021}
}

@article{you2020graph,
  title={Graph contrastive learning with augmentations},
  author={You, Yuning and Chen, Tianlong and Sui, Yongduo and Chen, Ting and Wang, Zhangyang and Shen, Yang},
  journal={NeurIPS},
  volume={33},
  pages={5812--5823},
  year={2020}
}

@inproceedings{zhu2021graph,
  title={Graph contrastive learning with adaptive augmentation},
  author={Zhu, Yanqiao and Xu, Yichen and Yu, Feng and Liu, Qiang and Wu, Shu and Wang, Liang},
  booktitle={WWW},
  pages={2069--2080},
  year={2021}
}

@inproceedings{you2021graph,
  title={Graph contrastive learning automated},
  author={You, Yuning and Chen, Tianlong and Shen, Yang and Wang, Zhangyang},
  booktitle={ICML},
  pages={12121--12132},
  year={2021}
}

@article{xu2021infogcl,
  title={Infogcl: Information-aware graph contrastive learning},
  author={Xu, Dongkuan and Cheng, Wei and Luo, Dongsheng and Chen, Haifeng and Zhang, Xiang},
  journal={NeurIPS},
  volume={34},
  pages={30414--30425},
  year={2021}
}

@article{brown2020language,
  title={Language models are few-shot learners},
  author={Brown, Tom and Mann, Benjamin and Ryder, Nick and Subbiah, Melanie and Kaplan, Jared D and Dhariwal, Prafulla and Neelakantan, Arvind and Shyam, Pranav and Sastry, Girish and Askell, Amanda and others},
  journal={NeurIPS},
  volume={33},
  pages={1877--1901},
  year={2020}
}

@inproceedings{devlin2019bert,
  title={BERT: Pre-training of Deep Bidirectional Transformers for Language Understanding},
  author={Devlin, Jacob and Chang, Ming-Wei and Lee, Kenton and Toutanova, Kristina},
  booktitle={NAACL},
  pages={4171--4186},
  year={2019}
}


@inproceedings{kipf2016semi,
  title={Semi-supervised classification with graph convolutional networks},
  author={Kipf, Thomas N and Welling, Max},
  booktitle={ICLR},
  year={2017}
}

@article{jin2024graph,
  title={Graph chain-of-thought: Augmenting large language models by reasoning on graphs},
  author={Jin, Bowen and Xie, Chulin and Zhang, Jiawei and Roy, Kashob Kumar and Zhang, Yu and Li, Zheng and Li, Ruirui and Tang, Xianfeng and Wang, Suhang and Meng, Yu and others},
  journal={arXiv preprint arXiv:2404.07103},
  year={2024}
}

@article{hamilton2017inductive,
  title={Inductive representation learning on large graphs},
  author={Hamilton, Will and Ying, Zhitao and Leskovec, Jure},
  journal={NeurIPS},
  pages={1025--1035},
  year={2017}
}

@inproceedings{velivckovic2017graph,
  title={Graph attention networks},
  author={Veli{\v{c}}kovi{\'c}, Petar and Cucurull, Guillem and Casanova, Arantxa and Romero, Adriana and Lio, Pietro and Bengio, Yoshua},
  booktitle={ICLR},
  year={2018}
}

@inproceedings{xu2018powerful,
  title={How powerful are graph neural networks?},
  author={Xu, Keyulu and Hu, Weihua and Leskovec, Jure and Jegelka, Stefanie},
  booktitle={ICLR},
  year={2019}
}

@article{snell2017prototypical,
  title={Prototypical networks for few-shot learning},
  author={Snell, Jake and Swersky, Kevin and Zemel, Richard},
  journal={NeurIPS},
  volume={30},
  year={2017}
}

@article{liu2021pre,
  title={Pre-train, prompt, and predict: A systematic survey of prompting methods in natural language processing},
  author={Liu, Pengfei and Yuan, Weizhe and Fu, Jinlan and Jiang, Zhengbao and Hayashi, Hiroaki and Neubig, Graham},
  journal={arXiv preprint arXiv:2107.13586},
  year={2021}
}

@article{dong2019unified,
  title={Unified language model pre-training for natural language understanding and generation},
  author={Dong, Li and Yang, Nan and Wang, Wenhui and Wei, Furu and Liu, Xiaodong and Wang, Yu and Gao, Jianfeng and Zhou, Ming and Hon, Hsiao-Wuen},
  journal={NeurIPS},
  volume={32},
  year={2019}
}

@inproceedings{beltagy2019scibert,
  title={SciBERT: A Pretrained Language Model for Scientific Text},
  author={Beltagy, Iz and Lo, Kyle and Cohan, Arman},
  booktitle={NAACL},
  pages={3615--3620},
  year={2019}
}


@article{lu2019vilbert,
  title={{ViLBERT}: Pretraining task-agnostic visiolinguistic representations for vision-and-language tasks},
  author={Lu, Jiasen and Batra, Dhruv and Parikh, Devi and Lee, Stefan},
  journal={NeurIPS},
  volume={32},
  year={2019}
}

@inproceedings{
    bao2022beit,
    title={{BE}iT: {BERT} Pre-Training of Image Transformers},
    author={Hangbo Bao and Li Dong and Songhao Piao and Furu Wei},
    booktitle={ICLR},
    year={2022}
}

@article{zhang2018link,
  title={Link prediction based on graph neural networks},
  author={Zhang, Muhan and Chen, Yixin},
  journal={NeurIPS},
  volume={31},
  year={2018}
}

@inproceedings{qiu2020gcc,
  title={{GCC}: Graph contrastive coding for graph neural network pre-training},
  author={Qiu, Jiezhong and Chen, Qibin and Dong, Yuxiao and Zhang, Jing and Yang, Hongxia and Ding, Ming and Wang, Kuansan and Tang, Jie},
  booktitle={SIGKDD},
  pages={1150--1160},
  year={2020}
}

@inproceedings{DBLP:conf/cikm/LiuZFZH20,
  author    = {Zemin Liu and
               Wentao Zhang and
               Yuan Fang and
               Xinming Zhang and
               Steven C. H. Hoi},
  title     = {Towards Locality-Aware Meta-Learning of Tail Node Embeddings on Networks},
  booktitle = {CIKM},
  pages     = {975--984},
  year      = {2020}
}

@article{huang2020graph,
  title={Graph meta learning via local subgraphs},
  author={Huang, Kexin and Zitnik, Marinka},
  journal={NeurIPS},
  volume={33},
  pages={5862--5874},
  year={2020}
}

@article{ying2018hierarchical,
  title={Hierarchical graph representation learning with differentiable pooling},
  author={Ying, Zhitao and You, Jiaxuan and Morris, Christopher and Ren, Xiang and Hamilton, Will and Leskovec, Jure},
  journal={NeurIPS},
  volume={31},
  pages={4805--4815},
  year={2018}
}

@article{togninalli2019wasserstein,
  title={Wasserstein weisfeiler-lehman graph kernels},
  author={Togninalli, Matteo and Ghisu, Elisabetta and Llinares-L{\'o}pez, Felipe and Rieck, Bastian and Borgwardt, Karsten},
  journal={NeurIPS},
  volume={32},
  year={2019}
}

@inproceedings{zhang2018end,
  title={An end-to-end deep learning architecture for graph classification},
  author={Zhang, Muhan and Cui, Zhicheng and Neumann, Marion and Chen, Yixin},
  booktitle={AAAI},
  volume={32},
  number={1},
  year={2018}
}

@article{shervashidze2011weisfeiler,
  title={Weisfeiler-lehman graph kernels.},
  author={Shervashidze, Nino and Schweitzer, Pascal and Van Leeuwen, Erik Jan and Mehlhorn, Kurt and Borgwardt, Karsten M},
  journal={JMLR},
  volume={12},
  number={9},
  year={2011}
}

@inproceedings{lee2019self,
  title={Self-attention graph pooling},
  author={Lee, Junhyun and Lee, Inyeop and Kang, Jaewoo},
  booktitle={ICML},
  pages={3734--3743},
  year={2019}
}

@inproceedings{ma2019graph,
  title={Graph convolutional networks with eigenpooling},
  author={Ma, Yao and Wang, Suhang and Aggarwal, Charu C and Tang, Jiliang},
  booktitle={SIGKDD},
  pages={723--731},
  year={2019}
}

@inproceedings{gao2019graph,
  title={Graph u-nets},
  author={Gao, Hongyang and Ji, Shuiwang},
  booktitle={ICML},
  pages={2083--2092},
  year={2019}
}

@article{duvenaud2015convolutional,
  title={Convolutional networks on graphs for learning molecular fingerprints},
  author={Duvenaud, David K and Maclaurin, Dougal and Iparraguirre, Jorge and Bombarell, Rafael and Hirzel, Timothy and Aspuru-Guzik, Al{\'a}n and Adams, Ryan P},
  journal={NeurIPS},
  volume={28},
  year={2015}
}

@inproceedings{gilmer2017neural,
  title={Neural message passing for quantum chemistry},
  author={Gilmer, Justin and Schoenholz, Samuel S and Riley, Patrick F and Vinyals, Oriol and Dahl, George E},
  booktitle={ICML},
  pages={1263--1272},
  year={2017}
}

@article{xia2022survey,
  title={A survey of pretraining on graphs: Taxonomy, methods, and applications},
  author={Xia, Jun and Zhu, Yanqiao and Du, Yuanqi and Li, Stan Z},
  journal={arXiv preprint arXiv:2202.07893},
  year={2022}
}

@article{zhang2021motif,
  title={Motif-based graph self-supervised learning for molecular property prediction},
  author={Zhang, Zaixi and Liu, Qi and Wang, Hao and Lu, Chengqiang and Lee, Chee-Kong},
  journal={NeurIPS},
  volume={34},
  pages={15870--15882},
  year={2021}
}

@article{rong2020self,
  title={Self-supervised graph transformer on large-scale molecular data},
  author={Rong, Yu and Bian, Yatao and Xu, Tingyang and Xie, Weiyang and Wei, Ying and Huang, Wenbing and Huang, Junzhou},
  journal={NeurIPS},
  volume={33},
  pages={12559--12571},
  year={2020}
}

@article{hjelm2018learning,
  title={Learning deep representations by mutual information estimation and maximization},
  author={Hjelm, R Devon and Fedorov, Alex and Lavoie-Marchildon, Samuel and Grewal, Karan and Bachman, Phil and Trischler, Adam and Bengio, Yoshua},
  journal={arXiv preprint arXiv:1808.06670},
  year={2018}
}

@inproceedings{
    Sun2020InfoGraph,
    title={InfoGraph: Unsupervised and Semi-supervised Graph-Level Representation Learning via Mutual Information Maximization},
    author={Fan-Yun Sun and Jordan Hoffman and Vikas Verma and Jian Tang},
    booktitle={ICLR},
    year={2020}
}

@inproceedings{peng2020graph,
  title={Graph representation learning via graphical mutual information maximization},
  author={Peng, Zhen and Huang, Wenbing and Luo, Minnan and Zheng, Qinghua and Rong, Yu and Xu, Tingyang and Huang, Junzhou},
  booktitle={WWW},
  pages={259--270},
  year={2020}
}

@article{suresh2021adversarial,
  title={Adversarial graph augmentation to improve graph contrastive learning},
  author={Suresh, Susheel and Li, Pan and Hao, Cong and Neville, Jennifer},
  journal={NeurIPS},
  volume={34},
  pages={15920--15933},
  year={2021}
}

@article{zhang2021canonical,
  title={From canonical correlation analysis to self-supervised graph neural networks},
  author={Zhang, Hengrui and Wu, Qitian and Yan, Junchi and Wipf, David and Yu, Philip S},
  journal={NeurIPS},
  volume={34},
  pages={76--89},
  year={2021}
}

@inproceedings{you2022bringing,
  title={Bringing your own view: Graph contrastive learning without prefabricated data augmentations},
  author={You, Yuning and Chen, Tianlong and Wang, Zhangyang and Shen, Yang},
  booktitle={WSDM},
  pages={1300--1309},
  year={2022}
}

@inproceedings{xia2022simgrace,
  title={SimGRACE: A Simple Framework for Graph Contrastive Learning without Data Augmentation},
  author={Xia, Jun and Wu, Lirong and Chen, Jintao and Hu, Bozhen and Li, Stan Z},
  booktitle={WWW},
  pages={1070--1079},
  year={2022}
}

@inproceedings{lu2021learning,
  title={Learning to pre-train graph neural networks},
  author={Lu, Yuanfu and Jiang, Xunqiang and Fang, Yuan and Shi, Chuan},
  booktitle={AAAI},
  pages={4276--4284},
  year={2021}
}

@inproceedings{finn2017model,
  title={Model-agnostic meta-learning for fast adaptation of deep networks},
  author={Finn, Chelsea and Abbeel, Pieter and Levine, Sergey},
  booktitle={ICML},
  pages={1126--1135},
  year={2017}
}

@inproceedings{wen2021meta,
  title={Meta-inductive node classification across graphs},
  author={Wen, Zhihao and Fang, Yuan and Liu, Zemin},
  booktitle={SIGIR},
  pages={1219--1228},
  year={2021}
}

@inproceedings{wang2022faith,
  title={{FAITH}: Few-Shot Graph Classification with Hierarchical Task Graphs},
  author={Wang, Song and Dong, Yushun and Huang, Xiao and Chen, Chen and Li, Jundong},
  booktitle={IJCAI},
  year={2022}
}

@inproceedings{nr,
     title={The Network Data Repository with Interactive Graph Analytics and Visualization},
     author={Ryan A. Rossi and Nesreen K. Ahmed},
     booktitle={AAAI},
     pages={4292--4293},
     year={2015}
}

@inproceedings{yu2023multigprompt,
      title={MultiGPrompt for Multi-Task Pre-Training and Prompting on Graphs},
      author={Yu, Xingtong and Zhou, Chang and Fang, Yuan and Zhang, Xinming},
      booktitle={WWW},
      year={2024}
}

@inproceedings{yu2023hgprompt,
      title={HGPROMPT: Bridging Homogeneous and Heterogeneous Graphs for Few-shot Prompt Learning}, 
      author={Xingtong Yu and Zemin Liu and Yuan Fang and Xinming Zhang},
     booktitle={AAAI},
      year={2024}
}

@article{yu2024few,
  title={Few-Shot Learning on Graphs: from Meta-learning to Pre-training and Prompting},
  author={Yu, Xingtong and Fang, Yuan and Liu, Zemin and Wu, Yuxia and Wen, Zhihao and Bo, Jianyuan and Zhang, Xinming and Hoi, Steven CH},
  journal={arXiv preprint arXiv:2402.01440},
  year={2024}
}

@article{borgwardt2005protein,
  title={Protein function prediction via graph kernels},
  author={Borgwardt, Karsten M and Ong, Cheng Soon and Sch{\"o}nauer, Stefan and Vishwanathan, SVN and Smola, Alex J and Kriegel, Hans-Peter},
  journal={Bioinformatics},
  volume={21},
  number={suppl\_1},
  pages={i47--i56},
  year={2005},
  publisher={Oxford University Press}
}

@inproceedings{velickovic2019deep,
  title={Deep Graph Infomax},
  author={Velickovic, Petar and Fedus, William and Hamilton, William L and Li{\`o}, Pietro and Bengio, Yoshua and Hjelm, R Devon},
  booktitle={ICLR},
  year={2019}
}
@inproceedings{wang2020graph,
  title={Graph few-shot learning with attribute matching},
  author={Wang, Ning and Luo, Minnan and Ding, Kaize and Zhang, Lingling and Li, Jundong and Zheng, Qinghua},
  booktitle={CIKM},
  pages={1545--1554},
  year={2020}
}
@inproceedings{liu2021relative,
  title={Relative and absolute location embedding for few-shot node classification on graph},
  author={Liu, Zemin and Fang, Yuan and Liu, Chenghao and Hoi, Steven CH},
  booktitle={AAAI},
  pages={4267--4275},
  year={2021}
}

@inproceedings{zhou2019meta,
  title={{Meta-GNN}: On few-shot node classification in graph meta-learning},
  author={Zhou, Fan and Cao, Chengtai and Zhang, Kunpeng and Trajcevski, Goce and Zhong, Ting and Geng, Ji},
  booktitle={CIKM},
  pages={2357--2360},
  year={2019}
}

@inproceedings{chen2020measuring,
  title={Measuring and relieving the over-smoothing problem for graph neural networks from the topological view},
  author={Chen, Deli and Lin, Yankai and Li, Wei and Li, Peng and Zhou, Jie and Sun, Xu},
  booktitle={AAAI},
  pages={3438--3445},
  year={2020}
}

@inproceedings{kipf2016variational,
  title={Variational graph auto-encoders},
  author={Kipf, Thomas N and Welling, Max},
  booktitle={Bayesian Deep Learning Workshop},
  year={2016}
}

@article{zhang2021graphprompt,
  title={GraphPrompt: Biomedical Entity Normalization Using Graph-based Prompt Templates},
  author={Zhang, Jiayou and Wang, Zhirui and Zhang, Shizhuo and Bhalerao, Megh Manoj and Liu, Yucong and Zhu, Dawei and Wang, Sheng},
  journal={arXiv preprint arXiv:2112.03002},
  year={2021}
}

@inproceedings{liu2021nodewise,
  title     = {Node-wise Localization of Graph Neural Networks},
  author    = {Liu, Zemin and Fang, Yuan and Liu, Chenghao and Hoi, Steven C.H.},
  booktitle = {IJCAI},
  pages     = {1520--1526},
  year      = {2021}
}

@inproceedings{liu2021tail,
  title={Tail-GNN: Tail-Node Graph Neural Networks},
  author={Liu, Zemin and Nguyen, Trung-Kien and Fang, Yuan},
  booktitle={SIGKDD},
  pages={1109--1119},
  year={2021}
}

@inproceedings{yu2023learning,
  title={Learning to count isomorphisms with graph neural networks},
  author={Yu, Xingtong and Liu, Zemin and Fang, Yuan and Zhang, Xinming},
  booktitle={AAAI},
  year={2023}
}

#yujie
@ARTICLE{10109130,
  author={Mo, Yujie and Chen, Yuhuan and Lei, Yajie and Peng, Liang and Shi, Xiaoshuang and Yuan, Changan and Zhu, Xiaofeng},
  journal={IEEE TKDE}, 
  title={Multiplex Graph Representation Learning Via Dual Correlation Reduction}, 
  year={2023}}

@InProceedings{Mo_ICML_2023, 
title={Disentangled Multiplex Graph Representation Learning}, 
booktitle={ICML}, 
author={Mo, Yujie and Lei, Yajie and Shen, Jialie and Shi, Xiaoshuang and Shen, Heng Tao and Zhu, Xiaofeng},
year={2023}
}

#kunkun
@article{wang2023brave,
  title={Brave the wind and the waves: Discovering robust and generalizable graph lottery tickets},
  author={Wang, Kun and Liang, Yuxuan and Li, Xinglin and Li, Guohao and Ghanem, Bernard and Zimmermann, Roger and Yi, Huahui and Zhang, Yudong and Wang, Yang and others},
  journal={IEEE TPAMI},
  year={2023}}

@inproceedings{wang2022searching,
  title={Searching lottery tickets in graph neural networks: A dual perspective},
  author={Wang, Kun and Liang, Yuxuan and Wang, Pengkun and Wang, Xu and Gu, Pengfei and Fang, Junfeng and Wang, Yang},
  booktitle={ICLR},
  year={2022}
}

@article{fang2024exgc,
  title={Exgc: Bridging efficiency and explainability in graph condensation},
  author={Fang, Junfeng and Li, Xinglin and Sui, Yongduo and Gao, Yuan and Zhang, Guibin and Wang, Kun and Wang, Xiang and He, Xiangnan},
  journal={arXiv preprint arXiv:2402.05962},
  year={2024}
}

@article{zhang2024two,
  title={Two heads are better than one: Boosting graph sparse training via semantic and topological awareness},
  author={Zhang, Guibin and Yue, Yanwei and Wang, Kun and Fang, Junfeng and Sui, Yongduo and Wang, Kai and Liang, Yuxuan and Cheng, Dawei and Pan, Shirui and Chen, Tianlong},
  journal={arXiv preprint arXiv:2402.01242},
  year={2024}
}

@article{DBLP:journals/corr/abs-2402-03781,
  author       = {Junfeng Fang and
                  Shuai Zhang and
                  Chang Wu and
                  Zhengyi Yang and
                  Zhiyuan Liu and
                  Sihang Li and
                  Kun Wang and
                  Wenjie Du and
                  Xiang Wang},
  title        = {MolTC: Towards Molecular Relational Modeling In Language Models},
  journal      = {CoRR},
  year         = {2024}
}

@inproceedings{DBLP:conf/nips/FangLGLZW023,
  author       = {Junfeng Fang and
                  Wei Liu and
                  Yuan Gao and
                  Zemin Liu and
                  An Zhang and
                  Xiang Wang and
                  Xiangnan He},
  title        = {Evaluating Post-hoc Explanations for Graph Neural Networks via Robustness
                  Analysis},
  booktitle    = {NeurIPS},
  year         = {2023}
}

#xinke
@inproceedings{fang2023spatio,
  title={When spatio-temporal meet wavelets: Disentangled traffic forecasting via efficient spectral graph attention networks},
  author={Fang, Yuchen and Qin, Yanjun and Luo, Haiyong and Zhao, Fang and Xu, Bingbing and Zeng, Liang and Wang, Chenxing},
  booktitle={ICDE},
  year={2023}
}

@ARTICLE{fang2023STWave,
  author={Fang, Yuchen and Qin, Yanjun and Luo, Haiyong and Zhao, Fang and Zheng, Kai},
  journal={IEEE TKDE}, 
  title={STWave+: A Multi-Scale Efficient Spectral Graph Attention Network With Long-Term Trends for Disentangled Traffic Flow Forecasting},
  year={2023}
}

@inproceedings{jiang2023uncertainty,
  title={Uncertainty quantification via spatial-temporal tweedie model for zero-inflated and long-tail travel demand prediction},
  author={Jiang, Xinke and Zhuang, Dingyi and Zhang, Xianghui and Chen, Hao and Luo, Jiayuan and Gao, Xiaowei},
  booktitle={CIKM},
  year={2023}
}

@inproceedings{jiang2024incomplete,
  title={Incomplete graph learning via attribute-structure decoupled variational auto-encoder},
  author={Jiang, Xinke and Qin, Zidi and Xu, Jiarong and Ao, Xiang},
  booktitle={WSDM},
  year={2024}
}

@article{bo2023survey,
  title={A survey on spectral graph neural networks},
  author={Bo, Deyu and Wang, Xiao and Liu, Yang and Fang, Yuan and Li, Yawen and Shi, Chuan},
  journal={arXiv preprint arXiv:2302.05631},
  year={2023}
}

@inproceedings{bo2022specformer,
  title={Specformer: Spectral Graph Neural Networks Meet Transformers},
  author={Bo, Deyu and Shi, Chuan and Wang, Lele and Liao, Renjie},
  booktitle={ICLR},
  year={2022}
}

#yibo
@inproceedings{li2024graph,
  title={Graph Fairness Learning under Distribution Shifts},
  author={Li, Yibo and Wang, Xiao and Xing, Yujie and Fan, Shaohua and Wang, Ruijia and Liu, Yaoqi and Shi, Chuan},
  booktitle={WWW},
  year={2024}
}

@inproceedings{li2024generalized,
  title={A generalized neural diffusion framework on graphs},
  author={Li, Yibo and Wang, Xiao and Liu, Hongrui and Shi, Chuan},
  booktitle={AAAI},
  year={2024}
}

#yuxia
@inproceedings{wu2024feasibility,
  title={On the Feasibility of Simple Transformer for Dynamic Graph Modeling},
  author={Wu, Yuxia and Fang, Yuan and Liao, Lizi},
  booktitle={WWW},
  year={2024}
}

@article{wu2022state,
  title={State graph reasoning for multimodal conversational recommendation},
  author={Wu, Yuxia and Liao, Lizi and Zhang, Gangyi and Lei, Wenqiang and Zhao, Guoshuai and Qian, Xueming and Chua, Tat-Seng},
  journal={IEEE TMM},
  year={2022},
}


@article{yu2024text,
  title={Text-Free Multi-domain Graph Pre-training: Toward Graph Foundation Models},
  author={Yu, Xingtong and Zhou, Chang and Fang, Yuan and Zhang, Xinming},
  journal={arXiv preprint arXiv:2405.13934},
  year={2024}
}

@article{yu2024dygprompt,
  title={DyGPrompt: Learning Feature and Time Prompts on Dynamic Graphs},
  author={Yu, Xingtong and Liu, Zhenghao and Fang, Yuan and Zhang, Xinming},
  journal={arXiv preprint arXiv:2405.13937},
  year={2024}
}

@inproceedings{ji2023community,
  title={Community-based dynamic graph learning for popularity prediction},
  author={Ji, Shuo and Lu, Xiaodong and Liu, Mingzhe and Sun, Leilei and Liu, Chuanren and Du, Bowen and Xiong, Hui},
  booktitle={SIGKDD},
  pages={930--940},
  year={2023}
}

@inproceedings{zhang2023capacity,
  title={Capacity constrained influence maximization in social networks},
  author={Zhang, Shiqi and Huang, Yiqian and Sun, Jiachen and Lin, Wenqing and Xiao, Xiaokui and Tang, Bo},
  booktitle={SIGKDD},
  pages={3376--3385},
  year={2023}
}

@inproceedings{wang2023automated,
  title={Automated 3D pre-training for molecular property prediction},
  author={Wang, Xu and Zhao, Huan and Tu, Wei-wei and Yao, Quanming},
  booktitle={SIGKDD},
  pages={2419--2430},
  year={2023}
}

@inproceedings{lee2023shift,
  title={Shift-robust molecular relational learning with causal substructure},
  author={Lee, Namkyeong and Yoon, Kanghoon and Na, Gyoung S and Kim, Sein and Park, Chanyoung},
  booktitle={SIGKDD},
  pages={1200--1212},
  year={2023}
}

@inproceedings{kanakia2019scalable,
  title={A scalable hybrid research paper recommender system for microsoft academic},
  author={Kanakia, Anshul and Shen, Zhihong and Eide, Darrin and Wang, Kuansan},
  booktitle={WWW},
  pages={2893--2899},
  year={2019}
}

@inproceedings{xiong2017explicit,
  title={Explicit semantic ranking for academic search via knowledge graph embedding},
  author={Xiong, Chenyan and Power, Russell and Callan, Jamie},
  booktitle={WWW},
  pages={1271--1279},
  year={2017}
}

@inproceedings{mao2024demystifying,
  title={Demystifying structural disparity in graph neural networks: Can one size fit all?},
  author={Mao, Haitao and Chen, Zhikai and Jin, Wei and Han, Haoyu and Ma, Yao and Zhao, Tong and Shah, Neil and Tang, Jiliang},
  booktitle={NeurIPS},
  year={2023}
}

@inproceedings{zhu2022does,
  title={How does heterophily impact the robustness of graph neural networks? theoretical connections and practical implications},
  author={Zhu, Jiong and Jin, Junchen and Loveland, Donald and Schaub, Michael T and Koutra, Danai},
  booktitle={SIGKDD},
  pages={2637--2647},
  year={2022}
}

@inproceedings{platonovcritical,
  title={A critical look at the evaluation of GNNs under heterophily: Are we really making progress?},
  author={Platonov, Oleg and Kuznedelev, Denis and Diskin, Michael and Babenko, Artem and Prokhorenkova, Liudmila},
  booktitle={ICLR},
 year={2023}
}

@article{luan2022revisiting,
  title={Revisiting heterophily for graph neural networks},
  author={Luan, Sitao and Hua, Chenqing and Lu, Qincheng and Zhu, Jiaqi and Zhao, Mingde and Zhang, Shuyuan and Chang, Xiao-Wen and Precup, Doina},
  journal={NeurIPS},
  pages={1362--1375},
  year={2022}
}

@inproceedings{ma2021homophily,
  title={Is homophily a necessity for graph neural networks?},
  author={Ma, Yao and Liu, Xiaorui and Shah, Neil and Tang, Jiliang},
  booktitle={ICLR},
  year={2022}
}

@inproceedings{li2022finding,
  title={Finding global homophily in graph neural networks when meeting heterophily},
  author={Li, Xiang and Zhu, Renyu and Cheng, Yao and Shan, Caihua and Luo, Siqiang and Li, Dongsheng and Qian, Weining},
  booktitle={ICML},
  pages={13242--13256},
  year={2022}
}

@article{liu2023pre,
  title={Pre-train, prompt, and predict: A systematic survey of prompting methods in natural language processing},
  author={Liu, Pengfei and Yuan, Weizhe and Fu, Jinlan and Jiang, Zhengbao and Hayashi, Hiroaki and Neubig, Graham},
  journal={ACM Computing Surveys},
  pages={1--35},
  year={2023},
}

@article{sun2023graph,
  title={Graph prompt learning: A comprehensive survey and beyond},
  author={Sun, Xiangguo and Zhang, Jiawen and Wu, Xixi and Cheng, Hong and Xiong, Yun and Li, Jia},
  journal={arXiv preprint arXiv:2311.16534},
  year={2023}
}

@article{fang2024universal,
  title={Universal prompt tuning for graph neural networks},
  author={Fang, Taoran and Zhang, Yunchao and Yang, Yang and Wang, Chunping and Chen, Lei},
  journal={NeurIPS},
  year={2024}
}

@article{yu2024generalized,
  title={Generalized graph prompt: Toward a unification of pre-training and downstream tasks on graphs},
  author={Yu, Xingtong and Liu, Zhenghao and Fang, Yuan and Liu, Zemin and Chen, Sihong and Zhang, Xinming},
  journal={IEEE TKDE},
  year={2024}
}

@inproceedings{bo2021beyond,
  title={Beyond low-frequency information in graph convolutional networks},
  author={Bo, Deyu and Wang, Xiao and Shi, Chuan and Shen, Huawei},
  booktitle={AAAI},
  pages={3950--3957},
  year={2021}
}

@article{zhu2020beyond,
  title={Beyond homophily in graph neural networks: Current limitations and effective designs},
  author={Zhu, Jiong and Yan, Yujun and Zhao, Lingxiao and Heimann, Mark and Akoglu, Leman and Koutra, Danai},
  journal={NeurIPS},
  pages={7793--7804},
  year={2020}
}


@inproceedings{zhu2021graphaaai,
  title={Graph neural networks with heterophily},
  author={Zhu, Jiong and Rossi, Ryan A and Rao, Anup and Mai, Tung and Lipka, Nedim and Ahmed, Nesreen K and Koutra, Danai},
  booktitle={AAAI},
  pages={11168--11176},
  year={2021}
}

@inproceedings{platonov2023critical,
  title={A critical look at the evaluation of GNNs under heterophily: Are we really making progress?},
  author={Platonov, Oleg and Kuznedelev, Denis and Diskin, Michael and Babenko, Artem and Prokhorenkova, Liudmila},
  booktitle={ICLR},
  year={2023}
}

@article{lim2021large,
  title={Large scale learning on non-homophilous graphs: New benchmarks and strong simple methods},
  author={Lim, Derek and Hohne, Felix and Li, Xiuyu and Huang, Sijia Linda and Gupta, Vaishnavi and Bhalerao, Omkar and Lim, Ser Nam},
  journal={NeurIPS},
  pages={20887--20902},
  year={2021}
}

@inproceedings{gao2021making,
  title={Making Pre-trained Language Models Better Few-shot Learners},
  author={Gao, Tianyu and Fisch, Adam and Chen, Danqi},
  booktitle={ACL},
  pages={3816--3830},
  year={2021}
}

@inproceedings{schick2021s,
  title={It’s Not Just Size That Matters: Small Language Models Are Also Few-Shot Learners},
  author={Schick, Timo and Sch{\"u}tze, Hinrich},
  booktitle={NAACL},
  pages={2339--2352},
  year={2021}
}

@article{zhou2022learning,
  title={Learning to prompt for vision-language models},
  author={Zhou, Kaiyang and Yang, Jingkang and Loy, Chen Change and Liu, Ziwei},
  journal={IJCV},
  pages={2337--2348},
  year={2022}
}

@article{zang2022unified,
  title={Unified vision and language prompt learning},
  author={Zang, Yuhang and Li, Wei and Zhou, Kaiyang and Huang, Chen and Loy, Chen Change},
  journal={arXiv preprint arXiv:2210.07225},
  year={2022}
}

@article{xiao2022decoupled,
  title={Decoupled self-supervised learning for graphs},
  author={Xiao, Teng and Chen, Zhengyu and Guo, Zhimeng and Zhuang, Zeyang and Wang, Suhang},
  journal={NeurIPS},
  pages={620--634},
  year={2022}
}

@article{xiao2024simple,
  title={Simple and asymmetric graph contrastive learning without augmentations},
  author={Xiao, Teng and Zhu, Huaisheng and Chen, Zhengyu and Wang, Suhang},
  journal={NeurIPS},
  year={2023}
}

@inproceedings{he2023contrastive,
  title={Contrastive learning meets homophily: two birds with one stone},
  author={He, Dongxiao and Zhao, Jitao and Guo, Rui and Feng, Zhiyong and Jin, Di and Huang, Yuxiao and Wang, Zhen and Zhang, Weixiong},
  booktitle={ICML},
  pages={12775--12789},
  year={2023}
}

@inproceedings{liu2023beyond,
  title={Beyond smoothing: Unsupervised graph representation learning with edge heterophily discriminating},
  author={Liu, Yixin and Zheng, Yizhen and Zhang, Daokun and Lee, Vincent CS and Pan, Shirui},
  booktitle={AAAI},
  pages={4516--4524},
  year={2023}
}

@article{zhou2020graph,
  title={Graph neural networks: A review of methods and applications},
  author={Zhou, Jie and Cui, Ganqu and Hu, Shengding and Zhang, Zhengyan and Yang, Cheng and Liu, Zhiyuan and Wang, Lifeng and Li, Changcheng and Sun, Maosong},
  journal={AI open},
  pages={57--81},
  year={2020}
}

@article{xia2022survey,
  title={A survey of pretraining on graphs: Taxonomy, methods, and applications},
  author={Xia, Jun and Zhu, Yanqiao and Du, Yuanqi and Li, Stan Z},
  journal={arXiv preprint arXiv:2202.07893},
  year={2022}
}

@article{zhao2024survey,
  title={A Survey on Self-Supervised Pre-Training of Graph Foundation Models: A Knowledge-Based Perspective},
  author={Zhao, Ziwen and Li, Yuhua and Zou, Yixiong and Li, Ruixuan and Zhang, Rui},
  journal={arXiv preprint arXiv:2403.16137},
  year={2024}
}

@inproceedings{hou2022graphmae,
  title={Graphmae: Self-supervised masked graph autoencoders},
  author={Hou, Zhenyu and Liu, Xiao and Cen, Yukuo and Dong, Yuxiao and Yang, Hongxia and Wang, Chunjie and Tang, Jie},
  booktitle={SIGKDD},
  pages={594--604},
  year={2022}
}

@article{shchur2018pitfalls,
  title={Pitfalls of graph neural network evaluation},
  author={Shchur, Oleksandr and Mumme, Maximilian and Bojchevski, Aleksandar and G{\"u}nnemann, Stephan},
  journal={arXiv preprint arXiv:1811.05868},
  year={2018}
}

@inproceedings{ha2022hypernetworks,
  title={HyperNetworks},
  author={Ha, David and Dai, Andrew M and Le, Quoc V},
  booktitle={ICLR},
  year={2022}
}


@article{debnath1991structure,
  title={Structure-activity relationship of mutagenic aromatic and heteroaromatic nitro compounds. correlation with molecular orbital energies and hydrophobicity},
  author={Debnath, Asim Kumar and Lopez de Compadre, Rosa L and Debnath, Gargi and Shusterman, Alan J and Hansch, Corwin},
  journal={Journal of medicinal chemistry},
  volume={34},
  number={2},
  pages={786--797},
  year={1991}}

@inproceedings{zi2024prog,
  title={ProG: A Graph Prompt Learning Benchmark},
  author={Zi, Chenyi and Zhao, Haihong and Sun, Xiangguo and Lin, Yiqing and Cheng, Hong and Li, Jia},
  booktitle={NeurIPS},
  year={2024}
}

@inproceedings{sun2019infograph,
  title={Infograph: Unsupervised and semi-supervised graph-level representation learning via mutual information maximization},
  author={Sun, Fan-Yun and Hoffmann, Jordan and Verma, Vikas and Tang, Jian},
  booktitle={ICLR},
  year={2020}
}

@inproceedings{zhou2022conditional,
  title={Conditional prompt learning for vision-language models},
  author={Zhou, Kaiyang and Yang, Jingkang and Loy, Chen Change and Liu, Ziwei},
  booktitle={CVPR},
  pages={16816--16825},
  year={2022}
}

@inproceedings{wu2018reducing,
  title={Reducing model complexity for DNN based large-scale audio classification},
  author={Wu, Yuzhong and Lee, Tan},
  booktitle={ICASSP},
  pages={331--335},
  year={2018}
}

@article{mccallum2000automating,
  title={Automating the construction of internet portals with machine learning},
  author={McCallum, Andrew Kachites and Nigam, Kamal and Rennie, Jason and Seymore, Kristie},
  journal={Information Retrieval},
  year={2000}
}

@article{sen2008collective,
  title={Collective classification in network data},
  author={Sen, Prithviraj and Namata, Galileo and Bilgic, Mustafa and Getoor, Lise and Galligher, Brian and Eliassi-Rad, Tina},
  journal={AI magazine},
  year={2008}
}

@article{rozemberczki2021multi,
  title={Multi-scale attributed node embedding},
  author={Rozemberczki, Benedek and Allen, Carl and Sarkar, Rik},
  journal={Journal of Complex Networks},
  pages={cnab014},
  year={2021}
}

@article{pei2020geom,
  title={Geom-gcn: Geometric graph convolutional networks},
  author={Pei, Hongbin and Wei, Bingzhe and Chang, Kevin Chen-Chuan and Lei, Yu and Yang, Bo},
  journal={arXiv preprint arXiv:2002.05287},
  year={2020}
}

@article{chen2023ultra,
  title={Ultra-dp: Unifying graph pre-training with multi-task graph dual prompt},
  author={Chen, Mouxiang and Liu, Zemin and Liu, Chenghao and Li, Jundong and Mao, Qiheng and Sun, Jianling},
  journal={arXiv preprint arXiv:2310.14845},
  year={2023}
}

@inproceedings{jin2021node,
  title={Node similarity preserving graph convolutional networks},
  author={Jin, Wei and Derr, Tyler and Wang, Yiqi and Ma, Yao and Liu, Zitao and Tang, Jiliang},
  booktitle={WSDM},
  pages={148--156},
  year={2021}
}

@inproceedings{he2023contrastive,
  title={Contrastive learning meets homophily: two birds with one stone},
  author={He, Dongxiao and Zhao, Jitao and Guo, Rui and Feng, Zhiyong and Jin, Di and Huang, Yuxiao and Wang, Zhen and Zhang, Weixiong},
  booktitle={ICML},
  pages={12775--12789},
  year={2023}}

@inproceedings{nguyen2024diffusion,
  title={Diffusion-based Negative Sampling on Graphs for Link Prediction},
  author={Nguyen, Trung-Kien and Fang, Yuan},
  booktitle={WWW},
  pages={948--958},
  year={2024}
}


@inproceedings{rahutomo2012semantic,
  title={Semantic cosine similarity},
  author={Rahutomo, Faisal and Kitasuka, Teruaki and Aritsugi, Masayoshi and others},
  booktitle={ICAST},
  year={2012}}

@inproceedings{yan2022two,
  title={Two sides of the same coin: Heterophily and oversmoothing in graph convolutional neural networks},
  author={Yan, Yujun and Hashemi, Milad and Swersky, Kevin and Yang, Yaoqing and Koutra, Danai},
  booktitle={ICDM},
  pages={1287--1292},
  year={2022}
}

@article{ha2016hypernetworks,
  title={Hypernetworks},
  author={Ha, David and Dai, Andrew and Le, Quoc V},
  journal={arXiv preprint arXiv:1609.09106},
  year={2016}
}

@inproceedings{hassani2020contrastive,
  title={Contrastive multi-view representation learning on graphs},
  author={Hassani, Kaveh and Khasahmadi, Amir Hosein},
  booktitle={ICML},
  pages={4116--4126},
  year={2020}}

@article{zhu2020deep,
  title={Deep graph contrastive representation learning},
  author={Zhu, Yanqiao and Xu, Yichen and Yu, Feng and Liu, Qiang and Wu, Shu and Wang, Liang},
  journal={arXiv preprint arXiv:2006.04131},
  year={2020}
}

@inproceedings{tancommunity,
  title={Community-Invariant Graph Contrastive Learning},
  author={Tan, Shiyin and Li, Dongyuan and Jiang, Renhe and Zhang, Ying and Okumura, Manabu},
  booktitle={ICML},
  year={2024}
}

@inproceedings{gong2024self,
  title={Self-pro: A Self-prompt and Tuning Framework for Graph Neural Networks},
  author={Gong, Chenghua and Li, Xiang and Yu, Jianxiang and Cheng, Yao and Tan, Jiaqi and Yu, Chengcheng},
  booktitle={ECML-PKDD},
  pages={197--215},
  year={2024}
}

@inproceedings{ge2024psp,
  title={PSP: Pre-training and Structure Prompt Tuning for Graph Neural Networks},
  author={Ge, Qingqing and Zhao, Zeyuan and Liu, Yiding and Cheng, Anfeng and Li, Xiang and Wang, Shuaiqiang and Yin, Dawei},
  booktitle={ECML-PKDD},
  pages={423--439},
  year={2024}
}

@article{huang2024prodigy,
  title={Prodigy: Enabling in-context learning over graphs},
  author={Huang, Qian and Ren, Hongyu and Chen, Peng and Kr{\v{z}}manc, Gregor and Zeng, Daniel and Liang, Percy S and Leskovec, Jure},
  journal={NeurIPS},
  volume={36},
  year={2024}
}

@article{zeng2019graphsaint,
  title={Graphsaint: Graph sampling based inductive learning method},
  author={Zeng, Hanqing and Zhou, Hongkuan and Srivastava, Ajitesh and Kannan, Rajgopal and Prasanna, Viktor},
  journal={arXiv preprint arXiv:1907.04931},
  year={2019}
}

@article{10109130,
  author={Mo, Yujie and Chen, Yuhuan and Lei, Yajie and Peng, Liang and Shi, Xiaoshuang and Yuan, Changan and Zhu, Xiaofeng},
  title={Multiplex Graph Representation Learning Via Dual Correlation Reduction}, 
  year={2023},
  volume={35},
  number={12},
  pages={12814-12827},
  journal={IEEE TKDE}
}

@inproceedings{mo2024revisiting,
title={Revisiting Self-Supervised Heterogeneous Graph Learning from Spectral Clustering Perspective},
author={Yujie Mo and Zhihe Lu and Runpeng Yu and Xiaofeng Zhu and Xinchao Wang},
booktitle={NeurIPS},
year={2024}
}

@inproceedings{bospecformer,
  title={Specformer: Spectral Graph Neural Networks Meet Transformers},
  author={Bo, Deyu and Shi, Chuan and Wang, Lele and Liao, Renjie},
  booktitle={ICLR},
  year={2023}
}

@inproceedings{fangjf2023eva,
  title={Evaluating Post-hoc Explanations for Graph Neural Networks via Robustness Analysis},
  author={Fang, Junfeng and Liu, Wei and Gao, Yuan and Liu, Zemin and Zhang, An and Wang, Xiang and He, Xiangnan},
  booktitle={NeurIPS},
  year={2023}
}

@article{fangjf4,
  title={On Regularization for Explaining Graph Neural Networks: An Information Theory Perspective},
  author={Fang, Junfeng and Liu, Wei and Zhang, An and Wang, Xiang and He, Xiangnan and Wang, Kun and Chua, Tat-Seng},
  journal={IEEE TKDE},
  year={2022}
}

@inproceedings{DBLP:conf/www/LiWXFWLS24,
  author       = {Yibo Li and
                  Xiao Wang and
                  Yujie Xing and
                  Shaohua Fan and
                  Ruijia Wang and
                  Yaoqi Liu and
                  Chuan Shi},
  title        = {Graph Fairness Learning under Distribution Shifts},
  booktitle    = {WWW},
  pages        = {676--684},
  year         = {2024}
}

@inproceedings{DBLP:conf/aaai/LiWLS24,
  author       = {Yibo Li and
                  Xiao Wang and
                  Hongrui Liu and
                  Chuan Shi},
  title        = {A Generalized Neural Diffusion Framework on Graphs},
  booktitle    = {AAAI},
  pages        = {8707--8715},
  year         = {2024}
}

@inproceedings{fang2023spatio,
  title={When Spatio-Temporal Meet Wavelets: Disentangled Traffic Forecasting via Efficient Spectral Graph Attention Networks},
  author={Fang, Yuchen and Qin, Yanjun and Luo, Haiyong and Zhao, Fang and Xu, Bingbing and Zeng, Liang and Wang, Chenxing},
  booktitle={ICDE},
  pages={517--529},
  year={2023},
}

@ARTICLE{fang2023STWave,
  author={Fang, Yuchen and Qin, Yanjun and Luo, Haiyong and Zhao, Fang and Zheng, Kai},
  journal={IEEE TKDE}, 
  title={STWave+: A Multi-Scale Efficient Spectral Graph Attention Network With Long-Term Trends for Disentangled Traffic Flow Forecasting}, 
  year={2023},
  pages={1-14}
}    

@inproceedings{jiang2024incomplete,
  title={Incomplete graph learning via attribute-structure decoupled variational auto-encoder},
  author={Jiang, Xinke and Qin, Zidi and Xu, Jiarong and Ao, Xiang},
  booktitle={WSDM},
  pages={304--312},
  year={2024}
}

@inproceedings{jiang2024ragraph,
  title={RAGraph: A General Retrieval-Augmented Graph Learning Framework},
  author={Jiang, Xinke and Qiu, Rihong and Xu, Yongxin and Zhang, Wentao and Zhu, Yichen and Zhang, Ruizhe and Fang, Yuchen and Chu, Xu and Zhao, Junfeng and Wang, Yasha},
  booktitle={NeurIPS},
  year={2024}
}