@misc{bahri2022sharpnessawareminimizationimproveslanguage,
      title={Sharpness-Aware Minimization Improves Language Model Generalization}, 
      author={Dara Bahri and Hossein Mobahi and Yi Tay},
      year={2022},
      eprint={2110.08529},
      archivePrefix={arXiv},
      primaryClass={cs.CL},
      url={https://arxiv.org/abs/2110.08529}, 
}

@misc{dauphin2024neglected,
      title={Neglected Hessian component explains mysteries in Sharpness regularization}, 
      author={Yann N. Dauphin and Atish Agarwala and Hossein Mobahi},
      year={2024},
      eprint={2401.10809},
      archivePrefix={arXiv},
      primaryClass={id='cs.LG' full_name='Machine Learning' is_active=True alt_name=None in_archive='cs' is_general=False description='Papers on all aspects of machine learning research (supervised, unsupervised, reinforcement learning, bandit problems, and so on) including also robustness, explanation, fairness, and methodology. cs.LG is also an appropriate primary category for applications of machine learning methods.'}
}

@misc{jacot2020asymptoticspectrumhessiandnn,
      title={The asymptotic spectrum of the Hessian of DNN throughout training}, 
      author={Arthur Jacot and Franck Gabriel and Cl√©ment Hongler},
      year={2020},
      eprint={1910.02875},
      archivePrefix={arXiv},
      primaryClass={cs.LG},
      url={https://arxiv.org/abs/1910.02875}, 
}

@inproceedings{kim2022fisher,
  title={Fisher sam: Information geometry and sharpness aware minimisation},
  author={Kim, Minyoung and Li, Da and Hu, Shell X and Hospedales, Timothy},
  booktitle={International Conference on Machine Learning},
  pages={11148--11161},
  year={2022},
  organization={PMLR}
}

@inproceedings{kwon2021asam,
  title={Asam: Adaptive sharpness-aware minimization for scale-invariant learning of deep neural networks},
  author={Kwon, Jungmin and Kim, Jeongseop and Park, Hyunseo and Choi, In Kwon},
  booktitle={International Conference on Machine Learning},
  pages={5905--5914},
  year={2021},
  organization={PMLR}
}

@article{li2024enhancing,
  title={Enhancing sharpness-aware optimization through variance suppression},
  author={Li, Bingcong and Giannakis, Georgios},
  journal={Advances in Neural Information Processing Systems},
  volume={36},
  year={2024}
}

@misc{papyan2019spectrumdeepnethessiansscale,
      title={The Full Spectrum of Deepnet Hessians at Scale: Dynamics with SGD Training and Sample Size}, 
      author={Vardan Papyan},
      year={2019},
      eprint={1811.07062},
      archivePrefix={arXiv},
      primaryClass={cs.LG},
      url={https://arxiv.org/abs/1811.07062}, 
}

@misc{sagun2018empiricalanalysishessianoverparametrized,
      title={Empirical Analysis of the Hessian of Over-Parametrized Neural Networks}, 
      author={Levent Sagun and Utku Evci and V. Ugur Guney and Yann Dauphin and Leon Bottou},
      year={2018},
      eprint={1706.04454},
      archivePrefix={arXiv},
      primaryClass={cs.LG},
      url={https://arxiv.org/abs/1706.04454}, 
}

@misc{sherborne2024trambridgingtrustregions,
      title={TRAM: Bridging Trust Regions and Sharpness Aware Minimization}, 
      author={Tom Sherborne and Naomi Saphra and Pradeep Dasigi and Hao Peng},
      year={2024},
      eprint={2310.03646},
      archivePrefix={arXiv},
      primaryClass={cs.LG},
      url={https://arxiv.org/abs/2310.03646}, 
}

@misc{singh2021analytic,
      title={Analytic Insights into Structure and Rank of Neural Network Hessian Maps}, 
      author={Sidak Pal Singh and Gregor Bachmann and Thomas Hofmann},
      year={2021},
      eprint={2106.16225},
      archivePrefix={arXiv},
      primaryClass={id='cs.LG' full_name='Machine Learning' is_active=True alt_name=None in_archive='cs' is_general=False description='Papers on all aspects of machine learning research (supervised, unsupervised, reinforcement learning, bandit problems, and so on) including also robustness, explanation, fairness, and methodology. cs.LG is also an appropriate primary category for applications of machine learning methods.'}
}

@misc{tahmasebi2024universalclasssharpnessawareminimization,
      title={A Universal Class of Sharpness-Aware Minimization Algorithms}, 
      author={Behrooz Tahmasebi and Ashkan Soleymani and Dara Bahri and Stefanie Jegelka and Patrick Jaillet},
      year={2024},
      eprint={2406.03682},
      archivePrefix={arXiv},
      primaryClass={cs.LG},
      url={https://arxiv.org/abs/2406.03682}, 
}

@article{zhang2025preconditioned,
  title={Preconditioned Sharpness-Aware Minimization: Unifying Analysis and a Novel Learning Algorithm},
  author={Zhang, Yilang and Li, Bingcong and Giannakis, Georgios B},
  journal={arXiv preprint arXiv:2501.06603},
  year={2025}
}

