@article{ali2024bert,
  title={Bert based severity prediction of bug reports for the maintenance of mobile applications},
  author={Ali, Asif and Xia, Yuanqing and Umer, Qasim and Osman, Mohamed},
  journal={Journal of Systems and Software},
  volume={208},
  pages={111898},
  year={2024},
  publisher={Elsevier}
}

@misc{bugzilla,
    title = {Bugzilla: The software solution designed to drive software development},
    howPublished = {\url{https://www.bugzilla.org/}}
}

@article{catolino2019not,
  title={Not all bugs are the same: Understanding, characterizing, and classifying bug types},
  author={Catolino, Gemma and Palomba, Fabio and Zaidman, Andy and Ferrucci, Filomena},
  journal={Journal of Systems and Software},
  volume={152},
  pages={165--181},
  year={2019},
  publisher={Elsevier}
}

@inproceedings{chaitra2022bug,
  title={Bug triaging: right developer recommendation for bug resolution using data mining technique},
  author={Chaitra, BH and Swarnalatha, KS},
  booktitle={Emerging Research in Computing, Information, Communication and Applications: ERCICA 2020, Volume 2},
  pages={609--618},
  year={2022},
  organization={Springer}
}

@inproceedings{chaparro2019assessing,
	title={Assessing the quality of the steps to reproduce in bug reports},
	author={Chaparro, Oscar and Bernal-C{\'a}rdenas, Carlos and Lu, Jing and Moran, Kevin and Marcus, Andrian and Di Penta, Massimiliano and Poshyvanyk, Denys and Ng, Vincent},
	booktitle={Proceedings of the 2019 27th ACM joint meeting on european software engineering conference and symposium on the foundations of software engineering},
	pages={86--96},
	year={2019}
}

@misc{chatgpt,
    title = {Introducing ChatGPT | OpenAI},
    howPublished = {\url{https://openai.com/index/chatgpt/}}
}

@inproceedings{fang2023representthemall,
  title={RepresentThemAll: A universal learning representation of bug reports},
  author={Fang, Sen and Zhang, Tao and Tan, Youshuai and Jiang, He and Xia, Xin and Sun, Xiaobing},
  booktitle={2023 IEEE/ACM 45th International Conference on Software Engineering (ICSE)},
  pages={602--614},
  year={2023},
  organization={IEEE}
}

@misc{jira,
    title = {Jira: Issue \& Project Tracking Software},
    howPublished = {\url{https://www.atlassian.com/software/jira}}
}

@article{kim2022bug,
  title={Bug severity prediction algorithm using topic-based feature selection and CNN-LSTM algorithm},
  author={Kim, Jungyeon and Yang, Geunseok},
  journal={IEEE Access},
  volume={10},
  pages={94643--94651},
  year={2022},
  publisher={IEEE}
}

@article{longCodeArena,
  title={Long Code Arena: a Set of Benchmarks for Long-Context Code Models},
  author={Bogomolov, Egor and Eliseeva, Aleksandra and Galimzyanov, Timur and Glukhov, Evgeniy and Shapkin, Anton and Tigina, Maria and Golubev, Yaroslav and Kovrigin, Alexander and van Deursen, Arie and Izadi, Maliheh and others},
  journal={arXiv preprint arXiv:2406.11612},
  year={2024}
}

@inproceedings{mahmud2024using,
  title={On Using GUI Interaction Data to Improve Text Retrieval-based Bug Localization},
  author={Mahmud, Junayed and De Silva, Nadeeshan and Khan, Safwat Ali and Mostafavi, Seyed Hooman and Mansur, SM Hasan and Chaparro, Oscar and Marcus, Andrian and Moran, Kevin},
  booktitle={Proceedings of the 46th IEEE/ACM International Conference on Software Engineering},
  pages={1--13},
  year={2024}
}

@inproceedings{mahmud:icpc2025,
	title        = {Combining Language and App UI Analysis for the Automated Assessment of Bug Reproduction Steps},
	author       = {Mahmud, Junayed and Saha, Antu and Chaparro, Oscar and Moran, Kevin and Marcus, Andrian},
	year         = 2025,
	booktitle    = {Proceedings of the 33rd IEEE/ACM International Conference on Program Comprehension (ICPC'25)}
}

@misc{priorityScheduler,
    title = {Priority Scheduler: Easy issue priority management: Change priority by date.},
    howPublished = {\url{https://marketplace.atlassian.com/apps/1233172/priority-scheduler?hosting=cloud&tab=overview}}
}

@article{rocha2015nextbug,
  title={NextBug: a Bugzilla extension for recommending similar bugs},
  author={Rocha, Henrique and Oliveira, Guilherme de and Marques-Neto, Humberto and Valente, Marco Tulio},
  journal={Journal of Software Engineering Research and Development},
  volume={3},
  pages={1--14},
  year={2015},
  publisher={Springer}
}

@inproceedings{rodrigues2020soft,
  title={A soft alignment model for bug deduplication},
  author={Rodrigues, Irving Muller and Aloise, Daniel and Fernandes, Eraldo Rezende and Dagenais, Michel},
  booktitle={Proceedings of the 17th International Conference on Mining Software Repositories},
  pages={43--53},
  year={2020}
}

@inproceedings{saha2024toward,
  title={Toward the Automated Localization of Buggy Mobile App UIs from Bug Descriptions},
  author={Saha, Antu and Song, Yang and Mahmud, Junayed and Zhou, Ying and Moran, Kevin and Chaparro, Oscar},
  booktitle={Proceedings of the 33rd ACM SIGSOFT International Symposium on Software Testing and Analysis},
  pages={1249--1261},
  year={2024}
}

@inproceedings{somasundaram2012automatic,
  title={Automatic categorization of bug reports using latent dirichlet allocation},
  author={Somasundaram, Kalyanasundaram and Murphy, Gail C},
  booktitle={Proceedings of the 5th India software engineering conference},
  pages={125--130},
  year={2012}
}

@inproceedings{song2020bee,
  title={Bee: A tool for structuring and analyzing bug reports},
  author={Song, Yang and Chaparro, Oscar},
  booktitle={Proceedings of the 28th ACM joint meeting on european software engineering conference and symposium on the foundations of software engineering},
  pages={1551--1555},
  year={2020}
}

@inproceedings{song2022toward,
  title={Toward interactive bug reporting for (android app) end-users},
  author={Song, Yang and Mahmud, Junayed and Zhou, Ying and Chaparro, Oscar and Moran, Kevin and Marcus, Andrian and Poshyvanyk, Denys},
  booktitle={Proceedings of the 30th ACM joint european software engineering conference and symposium on the foundations of software engineering},
  pages={344--356},
  year={2022}
}

@inproceedings{song2023burt,
  title={BURT: A Chatbot for Interactive Bug Reporting},
  author={Song, Yang and Mahmud, Junayed and De Silva, Nadeeshan and Zhou, Ying and Chaparro, Oscar and Moran, Kevin and Marcus, Andrian and Poshyvanyk, Denys},
  booktitle={2023 IEEE/ACM 45th International Conference on Software Engineering: Companion Proceedings (ICSE-Companion)},
  pages={170--174},
  year={2023},
  organization={IEEE}
}

@inproceedings{thung2014buglocalizer,
  title={Buglocalizer: Integrated tool support for bug localization},
  author={Thung, Ferdian and Le, Tien-Duy B and Kochhar, Pavneet Singh and Lo, David},
  booktitle={Proceedings of the 22nd ACM SIGSOFT International Symposium on Foundations of Software Engineering},
  pages={767--770},
  year={2014}
}

@article{zhang2023duplicate,
  title={Duplicate bug report detection: How far are we?},
  author={Zhang, Ting and Han, DongGyun and Vinayakarao, Venkatesh and Irsan, Ivana Clairine and Xu, Bowen and Thung, Ferdian and Lo, David and Jiang, Lingxiao},
  journal={ACM Transactions on Software Engineering and Methodology},
  volume={32},
  number={4},
  pages={1--32},
  year={2023},
  publisher={ACM New York, NY, USA}
}

