% Encoding: UTF-8

@MISC {qualtrics,
	title = {Qualtrics: Survey Software},
	howpublished = {\url{https://www.qualtrics.com/core-xm/survey-software/}},
	year  = {2023}
}

@misc{sprintUrl,
    title = {SPRINT: Issue Report Assistant Tool},
    howpublished = {\url{https://github.com/apps/sprint-issue-report-assistant}},
    year = {2024}
}


@MISC {repl_pack,
	title = {SPRINT GitHub Repository},
	howpublished = {\url{https://github.com/sea-lab-wm/sprint_issue_report_assistant_tool}},
	year  = {2025}
}

@MISC {find_duplicates,
	title = {Find Duplicates: Detect Similar Issues, Find Related Issues},
	howpublished = {\url{https://marketplace.atlassian.com/apps/1212706/find-duplicates-detect-similar-issues-find-related-issues?tab=overview&hosting=datacenter}},
	year  = {2024}
}

@MISC {probot,
	title = {Probot/duplicate-issues},
	howpublished = {\url{https://github.com/probot/duplicate-issues}},
	year  = {2024}
}

@MISC {rtaDataset,
	title = {Duplicated Bug Report Detection System},
	howpublished = {\url{https://github.com/ghasemieh/Duplicated-Bug-Report-Detection-System}},
	year  = {2024}
}

@misc{representThemAllDataset,
    title = {Duplicate bug report dataset by RTA},
    howpublished = {\url{https://drive.google.com/drive/folders/1gPnZbgOO4XiBBsyF27jS--XwhHaInxlQ}},
    year = {2023}
}


@inproceedings{thung2014dupfinder,
  title={Dupfinder: integrated tool support for duplicate bug report detection},
  author={Thung, Ferdian and Kochhar, Pavneet Singh and Lo, David},
  booktitle={Proceedings of the 29th ACM/IEEE international conference on Automated software engineering},
  pages={871--874},
  year={2014}
}

@inproceedings{song2010jdf,
  title={Jdf: detecting duplicate bug reports in jazz},
  author={Song, Yoonki and Wang, Xiaoyin and Xie, Tao and Zhang, Lu and Mei, Hong},
  booktitle={Proceedings of the 32nd ACM/IEEE International Conference on Software Engineering-Volume 2},
  pages={315--316},
  year={2010}
}

@inproceedings{fang2023representthemall,
  title={RepresentThemAll: A universal learning representation of bug reports},
  author={Fang, Sen and Zhang, Tao and Tan, Youshuai and Jiang, He and Xia, Xin and Sun, Xiaobing},
  booktitle={2023 IEEE/ACM 45th International Conference on Software Engineering (ICSE)},
  pages={602--614},
  year={2023},
  organization={IEEE}
}

@INPROCEEDINGS{colorfulRTA,
  author={Fang, Sen and Zhang, Tao and Tan, Youshuai and Jiang, He and Xia, Xin and Sun, Xiaobing},
  booktitle={2023 IEEE/ACM 45th International Conference on Software Engineering (ICSE)}, 
  title={RepresentThemAll: A Universal Learning Representation of Bug Reports}, 
  year={2023},
  pages={602-614},
  keywords={Training;Deep learning;Software maintenance;Costs;Computer bugs;Stacking;Transformers},
  doi={10.1109/ICSE48619.2023.00060}
}

@article{longCodeArena,
  title={Long Code Arena: a Set of Benchmarks for Long-Context Code Models},
  author={Bogomolov, Egor and Eliseeva, Aleksandra and Galimzyanov, Timur and Glukhov, Evgeniy and Shapkin, Anton and Tigina, Maria and Golubev, Yaroslav and Kovrigin, Alexander and van Deursen, Arie and Izadi, Maliheh and others},
  journal={arXiv preprint arXiv:2406.11612},
  year={2024}
}

@article{rocha2015nextbug,
  title={NextBug: a Bugzilla extension for recommending similar bugs},
  author={Rocha, Henrique and Oliveira, Guilherme de and Marques-Neto, Humberto and Valente, Marco Tulio},
  journal={Journal of Software Engineering Research and Development},
  volume={3},
  pages={1--14},
  year={2015},
  publisher={Springer}
}

@MISC {pr-agent,
	title = {PR-Agent},
	howpublished = {\url{https://github.com/Codium-ai/pr-agent}},
	year  = {2024}
}

@MISC {longCodeBLDataset,
	title = {Bug Localization Dataset of Long Code Arena by Jetbrains},
	howpublished = {\url{https://huggingface.co/datasets/JetBrains-Research/lca-bug-localization}},
	year  = {2024}
}


@misc{llama-2,
    title = {Llama-7b-chat-hf},
	howpublished = {\url{https://huggingface.co/meta-llama/Llama-2-7b-chat-hf}},
}

@misc{webhookDoc,
    title = {About writing code for a GitHub application},
    howpublished = {\url{https://docs.github.com/en/apps/creating-github-apps/writing-code-for-a-github-app/about-writing-code-for-a-github-app}}
}

@misc{pythonFlask,
    title = {Welcome to Flask’s documentation},
    howpublished = {\url{https://flask.palletsprojects.com/en/stable/}}
}

@mis{wso2,
    title = {wso2/testgrid project repository},
    howpublished = {\url{https://github.com/wso2/testgrid}}
}

@inproceedings{Findbugs,
author = {Ayewah, Nathaniel and Pugh, William and Morgenthaler, J. David and Penix, John and Zhou, YuQian},
title = {Evaluating static analysis defect warnings on production software},
year = {2007},
isbn = {9781595935953},
publisher = {Association for Computing Machinery},
url = {https://doi.org/10.1145/1251535.1251536},
doi = {10.1145/1251535.1251536},
}

@inproceedings{thung2014buglocalizer,
  title={Buglocalizer: Integrated tool support for bug localization},
  author={Thung, Ferdian and Le, Tien-Duy B and Kochhar, Pavneet Singh and Lo, David},
  booktitle={Proceedings of the 22nd ACM SIGSOFT International Symposium on Foundations of Software Engineering},
  pages={767--770},
  year={2014}
}

@inproceedings{bugLocalizer,
author = {Thung, Ferdian and Le, Tien-Duy B. and Kochhar, Pavneet Singh and Lo, David},
title = {BugLocalizer: integrated tool support for bug localization},
year = {2014},
isbn = {9781450330565},
publisher = {Association for Computing Machinery},
address = {New York, NY, USA},
url = {https://doi.org/10.1145/2635868.2661678},
doi = {10.1145/2635868.2661678},
booktitle = {Proceedings of the 22nd ACM SIGSOFT International Symposium on Foundations of Software Engineering},
pages = {767–770},
numpages = {4},
keywords = {Bug localization, Bugzilla, git},
location = {Hong Kong, China},
series = {FSE 2014}
}

@misc{zoho,
    title = {Zoho QEngine: A tool for QA Analysts},
    howPublished = {\url{https://www.zoho.com/qengine/}}
}

@misc{jira,
    title = {Jira: Issue \& Project Tracking Software},
    howPublished = {\url{https://www.atlassian.com/software/jira}}
}

https://github.com/

@misc{bugzilla,
    title = {Bugzilla: The software solution designed to drive software development},
    howPublished = {\url{https://www.bugzilla.org/}}
}

@misc{chatgpt,
    title = {Introducing ChatGPT | OpenAI},
    howPublished = {\url{https://openai.com/index/chatgpt/}}
}

@misc{priorityScheduler,
    title = {Priority Scheduler: Easy issue priority management: Change priority by date.},
    howPublished = {\url{https://marketplace.atlassian.com/apps/1233172/priority-scheduler?hosting=cloud&tab=overview}}
}

@INPROCEEDINGS{buglocator,
  author={Zhou, Jian and Zhang, Hongyu and Lo, David},
  booktitle={2012 34th International Conference on Software Engineering (ICSE)}, 
  title={Where should the bugs be fixed? More accurate information retrieval-based bug localization based on bug reports}, 
  year={2012},
  pages={14-24},
  keywords={Computer bugs;Vectors;Mathematical model;Equations;Information retrieval;Indexing;Computational modeling;bug localization;information retrieval;feature location;bug reports},
  doi={10.1109/ICSE.2012.6227210}
}

@ARTICLE{blGAN,
  author={Zhu, Ziye and Tong, Hanghang and Wang, Yu and Li, Yun},
  journal={IEEE Transactions on Knowledge and Data Engineering}, 
  title={BL-GAN: Semi-Supervised Bug Localization via Generative Adversarial Network}, 
  year={2023},
  volume={35},
  number={11},
  pages={11112-11125},
  keywords={Computer bugs;Codes;Location awareness;Generative adversarial networks;Generators;Task analysis;Feature extraction;Bug localization;bug report;semi-supervised learning;generative adversarial network},
  doi={10.1109/TKDE.2022.3225329}}


@ARTICLE{practitionerPerceiveAutomation,
  author={Zou, Weiqin and Lo, David and Chen, Zhenyu and Xia, Xin and Feng, Yang and Xu, Baowen},
  journal={IEEE Transactions on Software Engineering}, 
  title={How Practitioners Perceive Automated Bug Report Management Techniques}, 
  year={2020},
  volume={46},
  number={8},
  pages={836-862},
  keywords={Computer bugs;Software;Software engineering;Bibliographies;Conferences;Interviews;Maintenance engineering;Bug report;developer perception},
  doi={10.1109/TSE.2018.2870414}}

@INPROCEEDINGS{dupbrharmful,
  author={Bettenburg, Nicolas and Premraj, Rahul and Zimmermann, Thomas and Sunghun Kim, 3},
  booktitle={Proceedings of the IEEE International Conference on Software Maintenance}, 
  title={Duplicate bug reports considered harmful … really?}, 
  year={2008},
  volume={},
  number={},
  pages={337-345},
  keywords={Computer bugs;Accuracy;Training;Operating systems;Databases;Support vector machines;XML},
  doi={10.1109/ICSM.2008.4658082}}

@inproceedings{informationbrimprovecolab,
author = {Breu, Silvia and Premraj, Rahul and Sillito, Jonathan and Zimmermann, Thomas},
title = {Information needs in bug reports: improving cooperation between developers and users},
year = {2010},
isbn = {9781605587950},
publisher = {Association for Computing Machinery},
address = {New York, NY, USA},
url = {https://doi.org/10.1145/1718918.1718973},
doi = {10.1145/1718918.1718973},
booktitle = {Proceedings of the 2010 ACM Conference on Computer Supported Cooperative Work},
pages = {301–310},
numpages = {10},
keywords = {response time, response rate, questions, question time, information needs, bug reports},
location = {Savannah, Georgia, USA},
series = {CSCW '10}
}

@inproceedings{bettenburg2008makes,
  title={What makes a good bug report?},
  author={Bettenburg, Nicolas and Just, Sascha and Schr{\"o}ter, Adrian and Weiss, Cathrin and Premraj, Rahul and Zimmermann, Thomas},
  booktitle={Proceedings of the 16th ACM SIGSOFT International Symposium on Foundations of software engineering},
  pages={308--318},
  year={2008}
}

@inproceedings{whatmakesgoodbr,
author = {Bettenburg, Nicolas and Just, Sascha and Schr\"{o}ter, Adrian and Weiss, Cathrin and Premraj, Rahul and Zimmermann, Thomas},
title = {What makes a good bug report?},
year = {2008},
isbn = {9781595939951},
publisher = {Association for Computing Machinery},
address = {New York, NY, USA},
url = {https://doi.org/10.1145/1453101.1453146},
doi = {10.1145/1453101.1453146},
booktitle = {Proceedings of the 16th ACM SIGSOFT International Symposium on Foundations of Software Engineering},
pages = {308–318},
numpages = {11},
location = {Atlanta, Georgia},
series = {SIGSOFT '08/FSE-16}
}

@inproceedings{detmisinginfoinbr,
author = {Chaparro, Oscar and Lu, Jing and Zampetti, Fiorella and Moreno, Laura and Di Penta, Massimiliano and Marcus, Andrian and Bavota, Gabriele and Ng, Vincent},
title = {Detecting missing information in bug descriptions},
year = {2017},
booktitle = {Proceedings of the 2017 11th Joint Meeting on Foundations of Software Engineering},
pages = {396–407},
numpages = {12},
series = {ESEC/FSE 2017}
}

@INPROCEEDINGS{blImportance,
  author={Saha, Ripon K. and Lawall, Julia and Khurshid, Sarfraz and Perry, Dewayne E.},
  booktitle={Proceedings of the IEEE International Conference on Software Maintenance and Evolution}, 
  title={On the Effectiveness of Information Retrieval Based Bug Localization for C Programs}, 
  year={2014},
  volume={},
  number={},
  pages={161-170},
  keywords={Java;Linux;Kernel;Accuracy;Measurement;Bug Localization;Information Retrieval;Search},
  doi={10.1109/ICSME.2014.38}}

@article{benefitsofissuemanage,
author = {Strau$\beta$, Nadine and Jonkman, Jeroen},
year = {2017},
month = {02},
pages = {34-50},
title = {The benefit of issue management: anticipating crises in the digital age},
volume = {21},
journal = {Journal of Communication Management},
doi = {10.1108/JCOM-05-2016-0033}
}

@inproceedings{otoom2019automated,
  title={Automated classification of software bug reports},
  author={Otoom, Ahmed Fawzi and Al-jdaeh, Sara and Hammad, Maen},
  booktitle={proceedings of the 9th international conference on information communication and management},
  pages={17--21},
  year={2019}
}

@inproceedings{autoClassification,
author = {Otoom, Ahmed Fawzi and Al-jdaeh, Sara and Hammad, Maen},
title = {Automated Classification of Software Bug Reports},
year = {2019},
isbn = {9781450371889},
publisher = {Association for Computing Machinery},
address = {New York, NY, USA},
url = {https://doi.org/10.1145/3357419.3357424},
doi = {10.1145/3357419.3357424},

booktitle = {Proceedings of the 9th International Conference on Information Communication and Management},
pages = {17–21},
numpages = {5},
keywords = {Software maintenance, automatic classification, bug reports},
location = {Prague, Czech Republic},
series = {ICICM '19}
}

@article{brAnalysis,
  title={A survey on bug-report analysis},
  author={Zhang, Jie and Wang, Xiaoyin and Hao, Dan and Xie, Bing and Zhang},
  journal={Sci. China Inf. Sci.},
  volume={58},
  number={2},
  pages={1--24},
  year={2015},
  publisher={Citeseer}
}

@misc{severityTypes,
    title = {Severity \& Priority types of Bug Reports},
    howPublished = {\url{https://www.javatpoint.com/severity-and-priority-in-testing}}
}

@misc{processPool,
    title = {Severity \& Priority types of Bug Reports},
    howPublished = {\url{https://www.geeksforgeeks.org/processpoolexecutor-class-in-python/}}
}

@misc{pluginArchitecture,
    title = {Severity \& Priority types of Bug Reports},
    howPublished = {\url{https://medium.com/omarelgabrys-blog/plug-in-architecture-dec207291800}}
}

@misc{openoffice,
    title = {Apache OpenOffice GitHub repository},
    howPublished = {\url{https://github.com/apache/openoffice}}
}

@article{zhang2023duplicate,
  title={Duplicate bug report detection: How far are we?},
  author={Zhang, Ting and Han, DongGyun and Vinayakarao, Venkatesh and Irsan, Ivana Clairine and Xu, Bowen and Thung, Ferdian and Lo, David and Jiang, Lingxiao},
  journal={ACM Transactions on Software Engineering and Methodology},
  volume={32},
  number={4},
  pages={1--32},
  year={2023},
  publisher={ACM New York, NY, USA}
}

@inproceedings{rodrigues2020soft,
  title={A soft alignment model for bug deduplication},
  author={Rodrigues, Irving Muller and Aloise, Daniel and Fernandes, Eraldo Rezende and Dagenais, Michel},
  booktitle={Proceedings of the 17th International Conference on Mining Software Repositories},
  pages={43--53},
  year={2020}
}

@article{kim2022bug,
  title={Bug severity prediction algorithm using topic-based feature selection and CNN-LSTM algorithm},
  author={Kim, Jungyeon and Yang, Geunseok},
  journal={IEEE Access},
  volume={10},
  pages={94643--94651},
  year={2022},
  publisher={IEEE}
}

@article{ali2024bert,
  title={Bert based severity prediction of bug reports for the maintenance of mobile applications},
  author={Ali, Asif and Xia, Yuanqing and Umer, Qasim and Osman, Mohamed},
  journal={Journal of Systems and Software},
  volume={208},
  pages={111898},
  year={2024},
  publisher={Elsevier}
}

@inproceedings{mahmud2024using,
  title={On Using GUI Interaction Data to Improve Text Retrieval-based Bug Localization},
  author={Mahmud, Junayed and De Silva, Nadeeshan and Khan, Safwat Ali and Mostafavi, Seyed Hooman and Mansur, SM Hasan and Chaparro, Oscar and Marcus, Andrian and Moran, Kevin},
  booktitle={Proceedings of the 46th IEEE/ACM International Conference on Software Engineering},
  pages={1--13},
  year={2024}
}

@inproceedings{somasundaram2012automatic,
  title={Automatic categorization of bug reports using latent dirichlet allocation},
  author={Somasundaram, Kalyanasundaram and Murphy, Gail C},
  booktitle={Proceedings of the 5th India software engineering conference},
  pages={125--130},
  year={2012}
}

@article{catolino2019not,
  title={Not all bugs are the same: Understanding, characterizing, and classifying bug types},
  author={Catolino, Gemma and Palomba, Fabio and Zaidman, Andy and Ferrucci, Filomena},
  journal={Journal of Systems and Software},
  volume={152},
  pages={165--181},
  year={2019},
  publisher={Elsevier}
}

@inproceedings{chaitra2022bug,
  title={Bug triaging: right developer recommendation for bug resolution using data mining technique},
  author={Chaitra, BH and Swarnalatha, KS},
  booktitle={Emerging Research in Computing, Information, Communication and Applications: ERCICA 2020, Volume 2},
  pages={609--618},
  year={2022},
  organization={Springer}
}

@inproceedings{saha2024toward,
  title={Toward the Automated Localization of Buggy Mobile App UIs from Bug Descriptions},
  author={Saha, Antu and Song, Yang and Mahmud, Junayed and Zhou, Ying and Moran, Kevin and Chaparro, Oscar},
  booktitle={Proceedings of the 33rd ACM SIGSOFT International Symposium on Software Testing and Analysis},
  pages={1249--1261},
  year={2024}
}

@inproceedings{song2023burt,
  title={BURT: A Chatbot for Interactive Bug Reporting},
  author={Song, Yang and Mahmud, Junayed and De Silva, Nadeeshan and Zhou, Ying and Chaparro, Oscar and Moran, Kevin and Marcus, Andrian and Poshyvanyk, Denys},
  booktitle={2023 IEEE/ACM 45th International Conference on Software Engineering: Companion Proceedings (ICSE-Companion)},
  pages={170--174},
  year={2023},
  organization={IEEE}
}

@inproceedings{song2022toward,
  title={Toward interactive bug reporting for (android app) end-users},
  author={Song, Yang and Mahmud, Junayed and Zhou, Ying and Chaparro, Oscar and Moran, Kevin and Marcus, Andrian and Poshyvanyk, Denys},
  booktitle={Proceedings of the 30th ACM joint european software engineering conference and symposium on the foundations of software engineering},
  pages={344--356},
  year={2022}
}

@inproceedings{song2020bee,
  title={Bee: A tool for structuring and analyzing bug reports},
  author={Song, Yang and Chaparro, Oscar},
  booktitle={Proceedings of the 28th ACM joint meeting on european software engineering conference and symposium on the foundations of software engineering},
  pages={1551--1555},
  year={2020}
}

@inproceedings{chaparro2019assessing,
	title={Assessing the quality of the steps to reproduce in bug reports},
	author={Chaparro, Oscar and Bernal-C{\'a}rdenas, Carlos and Lu, Jing and Moran, Kevin and Marcus, Andrian and Di Penta, Massimiliano and Poshyvanyk, Denys and Ng, Vincent},
	booktitle={Proceedings of the 2019 27th ACM joint meeting on european software engineering conference and symposium on the foundations of software engineering},
	pages={86--96},
	year={2019}
}

@inproceedings{mahmud:icpc2025,
	title        = {Combining Language and App UI Analysis for the Automated Assessment of Bug Reproduction Steps},
	author       = {Mahmud, Junayed and Saha, Antu and Chaparro, Oscar and Moran, Kevin and Marcus, Andrian},
	year         = 2025,
	booktitle    = {Proceedings of the 33rd IEEE/ACM International Conference on Program Comprehension (ICPC'25)}
}

@inproceedings{Saha:icse25,
  title={Decoding the Issue Resolution Process in Practice via Issue Report Analysis: A Case Study of Firefox},
  author={Saha, Antu and Chaparro, Oscar},
  booktitle={Proceedings of the IEEE/ACM 47th International Conference on Software Engineering (ICSE'25)},
  year={2025}
}