@inproceedings{10.1145/3357384.3358013,
	title        = {Question Difficulty Prediction for Multiple Choice Problems in Medical Exams},
	author       = {Qiu, Zhaopeng and Wu, Xian and Fan, Wei},
	year         = 2019,
	location     = {Beijing, China},
	publisher    = {Association for Computing Machinery},
	address      = {New York, NY, USA},
	series       = {CIKM '19},
	pages        = {139â€“148},
	doi          = {10.1145/3357384.3358013},
	isbn         = 9781450369763,
	numpages     = 10,
	keywords     = {question difficulty prediction, educational mining, document retrieval, attention}
}

@book{10.5555/1394399,
	title        = {Introduction to Information Retrieval},
	author       = {Manning, Christopher D. and Raghavan, Prabhakar and Sch\"{u}tze, Hinrich},
	year         = 2008,
	publisher    = {Cambridge University Press},
	address      = {USA},
	isbn         = {0521865719},
    doi          = {10.1162/coli.2009.35.2.307}
}

@article{10.5555/3455716.3455856,
	title        = {Exploring the limits of transfer learning with a unified text-to-text transformer},
	author       = {Raffel, Colin and Shazeer, Noam and Roberts, Adam and Lee, Katherine and Narang, Sharan and Matena, Michael and Zhou, Yanqi and Li, Wei and Liu, Peter J.},
	year         = 2020,
	month        = jan,
	journal      = {J. Mach. Learn. Res.},
	publisher    = {JMLR.org},
	volume       = 21,
	number       = 1,
	issn         = {1532-4435},
	issue_date   = {January 2020},
	articleno    = 140,
	numpages     = 67,
	keywords     = {deep learning, attention based models, multi-task learning, natural language processing, transfer learning},
    url          = {http://jmlr.org/papers/v21/20-074.html}

}

@article{2017arXiv170405179D,
	title        = {{SearchQA: A New Q\&A Dataset Augmented with Context from a Search Engine}},
	author       = {{Dunn}, Matthew and {Sagun}, Levent and {Higgins}, Mike and {Ugur Guney}, V. and {Cirik}, Volkan and {Cho}, Kyunghyun},
	year         = 2017,
	month        = apr,
	journal      = {arXiv e-prints},
	doi          = {10.48550/arXiv.1704.05179},
	keywords     = {Computer Science - Computation and Language}
}

@article{2018arXiv180305457C,
	title        = {{Think you have Solved Question Answering? Try ARC, the AI2 Reasoning Challenge}},
	author       = {{Clark}, Peter and {Cowhey}, Isaac and {Etzioni}, Oren and {Khot}, Tushar and {Sabharwal}, Ashish and {Schoenick}, Carissa and {Tafjord}, Oyvind},
	year         = 2018,
	month        = mar,
	journal      = {arXiv e-prints},
	doi          = {10.48550/arXiv.1803.05457},
	keywords     = {Computer Science - Artificial Intelligence, Computer Science - Computation and Language, Computer Science - Information Retrieval},
}

@article{2018arXiv180809732H,
	title        = {{Development and Evaluation of a Personalized Computer-aided Question Generation for English Learners to Improve Proficiency and Correct Mistakes}},
	author       = {{Huang}, Yi-Ting and {Chen}, Meng Chang and {Sun}, Yeali S.},
	year         = 2018,
	month        = aug,
	journal      = {arXiv e-prints},
	doi          = {10.48550/arXiv.1808.09732},
	keywords     = {Computer Science - Computation and Language, Computer Science - Human-Computer Interaction}
}

@article{2019arXiv191001108S,
	title        = {{DistilBERT, a distilled version of BERT: smaller, faster, cheaper and lighter}},
	author       = {{Sanh}, Victor and {Debut}, Lysandre and {Chaumond}, Julien and {Wolf}, Thomas},
	year         = 2019,
	month        = oct,
	journal      = {arXiv e-prints},
	doi          = {10.48550/arXiv.1910.01108},
	keywords     = {Computer Science - Computation and Language}
}

@article{2023arXiv230308774O,
	title        = {{GPT-4 Technical Report}},
	author       = {{OpenAI} and {Achiam}, Josh and {Adler}, Steven and {Agarwal}, Sandhini and {Ahmad}, Lama and {Akkaya}, Ilge and {Leoni Aleman}, Florencia and {Almeida}, Diogo and {Altenschmidt}, Janko and {Altman}, Sam and others},
	year         = 2023,
	month        = mar,
	journal      = {arXiv e-prints},
	doi          = {10.48550/arXiv.2303.08774},
	keywords     = {Computer Science - Computation and Language, Computer Science - Artificial Intelligence},
}

@inproceedings{8539464,
	title        = {Feature Analysis on English word difficulty by Gaussian Mixture Model},
	author       = {Yang, Hua and EUM, Suyong},
	year         = 2018,
	booktitle    = {2018 International Conference on Information and Communication Technology Convergence (ICTC)},
	volume       = {},
	number       = {},
	pages        = {191--194},
	doi          = {10.1109/ICTC.2018.8539464},
	keywords     = {Phonetics;Support vector machines;Principal component analysis;Gaussian mixture model;Frequency measurement;Data visualization;PCA;word difficulty level;difficulty features;GMM;SVM}
}

@inproceedings{9258850,
	title        = {Multi-task BERT for problem difficulty prediction},
	author       = {Zhou, Ya and Tao, Can},
	year         = 2020,
	booktitle    = {2020 International Conference on Communications, Information System and Computer Engineering (CISCE)},
	volume       = {},
	number       = {},
	pages        = {213--216},
	doi          = {10.1109/CISCE50729.2020.00048},
	keywords     = {Bit error rate;Optical wavelength conversion;Information systems;Data mining;Natural language processing;Data mining;BERT;Difficulty prediction}
}

@inproceedings{Kaushik2020Learning,
	title        = {Learning The Difference That Makes A Difference With Counterfactually-Augmented Data},
	author       = {Divyansh Kaushik and Eduard Hovy and Zachary Lipton},
	year         = 2020,
	booktitle    = {International Conference on Learning Representations},
	url          = {https://openreview.net/forum?id=Sklgs0NFvr}
}

@inproceedings{NEURIPS2020_1457c0d6,
	title        = {Language Models are Few-Shot Learners},
	author       = {Brown, Tom and Mann, Benjamin and Ryder, Nick and Subbiah, Melanie and Kaplan, Jared D and Dhariwal, Prafulla and Neelakantan, Arvind and Shyam, Pranav and Sastry, Girish and Askell, Amanda and Agarwal, Sandhini and Herbert-Voss, Ariel and Krueger, Gretchen and Henighan, Tom and Child, Rewon and Ramesh, Aditya and Ziegler, Daniel and Wu, Jeffrey and Winter, Clemens and Hesse, Chris and Chen, Mark and Sigler, Eric and Litwin, Mateusz and Gray, Scott and Chess, Benjamin and Clark, Jack and Berner, Christopher and McCandlish, Sam and Radford, Alec and Sutskever, Ilya and Amodei, Dario},
	year         = 2020,
	booktitle    = {Advances in Neural Information Processing Systems},
	publisher    = {Curran Associates, Inc.},
	volume       = 33,
	pages        = {1877--1901},
	url          = {https://proceedings.neurips.cc/paper_files/paper/2020/file/1457c0d6bfcb4967418bfb8ac142f64a-Paper.pdf},
	editor       = {H. Larochelle and M. Ranzato and R. Hadsell and M.F. Balcan and H. Lin}
}

@inproceedings{NIPS2013_9aa42b31,
	title        = {Distributed Representations of Words and Phrases and their Compositionality},
	author       = {Mikolov, Tomas and Sutskever, Ilya and Chen, Kai and Corrado, Greg S and Dean, Jeff},
	year         = 2013,
	booktitle    = {Advances in Neural Information Processing Systems},
	publisher    = {Curran Associates, Inc.},
	volume       = 26,
	url          = {https://proceedings.neurips.cc/paper_files/paper/2013/file/9aa42b31882ec039965f3c4923ce901b-Paper.pdf},
	editor       = {C.J. Burges and L. Bottou and M. Welling and Z. Ghahramani and K.Q. Weinberger}
}

@article{Pandarova2019,
	title        = {Predicting the Difficulty of Exercise Items for Dynamic Difficulty Adaptation in Adaptive Language Tutoring},
	author       = {Pandarova, Irina and Schmidt, Torben and Hartig, Johannes and Boubekki, Ahc{\`e}ne and Jones, Roger Dale and Brefeld, Ulf},
	year         = 2019,
	month        = {Aug},
	day          = {01},
	journal      = {International Journal of Artificial Intelligence in Education},
	volume       = 29,
	number       = 3,
	pages        = {342--367},
	doi          = {10.1007/s40593-019-00180-4},
	issn         = {1560-4306}
}

@inproceedings{devlin-etal-2019-bert,
	title        = {{BERT}: Pre-training of Deep Bidirectional Transformers for Language Understanding},
	author       = {Devlin, Jacob  and Chang, Ming-Wei  and Lee, Kenton  and Toutanova, Kristina},
	year         = 2019,
	month        = jun,
	booktitle    = {Proceedings of the 2019 Conference of the North {A}merican Chapter of the Association for Computational Linguistics: Human Language Technologies, Volume 1 (Long and Short Papers)},
	publisher    = {Association for Computational Linguistics},
	address      = {Minneapolis, Minnesota},
	pages        = {4171--4186},
	doi          = {10.18653/v1/N19-1423},
	editor       = {Burstein, Jill  and Doran, Christy  and Solorio, Thamar}
}

@article{doi:10.1177/0265532215572268,
	title        = {A comparison of three test formats to assess word difficulty},
	author       = {Brent Culligan},
	year         = 2015,
	journal      = {Language Testing},
	volume       = 32,
	number       = 4,
	pages        = {503--520},
	doi          = {10.1177/0265532215572268}
}

@article{doi:10.1177/0265532215623581,
	title        = {Determining cloze item difficulty from item and passage characteristics across different learner backgrounds},
	author       = {Jonathan Trace and James Dean Brown and Gerriet Janssen and Liudmila Kozhevnikova},
	year         = 2017,
	journal      = {Language Testing},
	volume       = 34,
	number       = 2,
	pages        = {151--174},
	doi          = {10.1177/0265532215623581}
}

@inproceedings{gardner-etal-2020-evaluating,
	title        = {Evaluating Models' Local Decision Boundaries via Contrast Sets},
	author       = {Gardner, Matt  and Artzi, Yoav  and Basmov, Victoria  and Berant, Jonathan  and Bogin, Ben  and Chen, Sihao  and Dasigi, Pradeep  and Dua, Dheeru  and Elazar, Yanai  and Gottumukkala, Ananth  and Gupta, Nitish  and Hajishirzi, Hannaneh  and Ilharco, Gabriel  and Khashabi, Daniel  and Lin, Kevin  and Liu, Jiangming  and Liu, Nelson F.  and Mulcaire, Phoebe  and Ning, Qiang  and Singh, Sameer  and Smith, Noah A.  and Subramanian, Sanjay  and Tsarfaty, Reut  and Wallace, Eric  and Zhang, Ally  and Zhou, Ben},
	year         = 2020,
	month        = nov,
	booktitle    = {Findings of the Association for Computational Linguistics: EMNLP 2020},
	publisher    = {Association for Computational Linguistics},
	address      = {Online},
	pages        = {1307--1323},
	doi          = {10.18653/v1/2020.findings-emnlp.117},
	editor       = {Cohn, Trevor  and He, Yulan  and Liu, Yang}
}

@inproceedings{hou-etal-2019-modeling,
	title        = {Modeling language learning using specialized Elo rating},
	author       = {Hou, Jue  and Maximilian, Koppatz  and Hoya Quecedo, Jos{\'e} Mar{\'i}a  and Stoyanova, Nataliya  and Yangarber, Roman},
	year         = 2019,
	month        = aug,
	booktitle    = {Proceedings of the Fourteenth Workshop on Innovative Use of NLP for Building Educational Applications},
	publisher    = {Association for Computational Linguistics},
	address      = {Florence, Italy},
	pages        = {494--506},
	doi          = {10.18653/v1/W19-4451},
	editor       = {Yannakoudakis, Helen  and Kochmar, Ekaterina  and Leacock, Claudia  and Madnani, Nitin  and Pil{\'a}n, Ildik{\'o}  and Zesch, Torsten}
}

@inproceedings{jia-liang-2017-adversarial,
	title        = {Adversarial Examples for Evaluating Reading Comprehension Systems},
	author       = {Jia, Robin  and Liang, Percy},
	year         = 2017,
	month        = sep,
	booktitle    = {Proceedings of the 2017 Conference on Empirical Methods in Natural Language Processing},
	publisher    = {Association for Computational Linguistics},
	address      = {Copenhagen, Denmark},
	pages        = {2021--2031},
	doi          = {10.18653/v1/D17-1215},
	editor       = {Palmer, Martha  and Hwa, Rebecca  and Riedel, Sebastian}
}

@article{kwiatkowski-etal-2019-natural,
	title        = {Natural Questions: A Benchmark for Question Answering Research},
	author       = {Kwiatkowski, Tom  and Palomaki, Jennimaria  and Redfield, Olivia  and Collins, Michael  and Parikh, Ankur  and Alberti, Chris  and Epstein, Danielle  and Polosukhin, Illia  and Devlin, Jacob  and Lee, Kenton  and Toutanova, Kristina  and Jones, Llion  and Kelcey, Matthew  and Chang, Ming-Wei  and Dai, Andrew M.  and Uszkoreit, Jakob  and Le, Quoc  and Petrov, Slav},
	year         = 2019,
	journal      = {Transactions of the Association for Computational Linguistics},
	publisher    = {MIT Press},
	address      = {Cambridge, MA},
	volume       = 7,
	pages        = {452--466},
	doi          = {10.1162/tacl_a_00276},
	editor       = {Lee, Lillian  and Johnson, Mark  and Roark, Brian  and Nenkova, Ani}
}

@inproceedings{lai-etal-2017-race,
	title        = {{RACE}: Large-scale {R}e{A}ding Comprehension Dataset From Examinations},
	author       = {Lai, Guokun  and Xie, Qizhe  and Liu, Hanxiao  and Yang, Yiming  and Hovy, Eduard},
	year         = 2017,
	month        = sep,
	booktitle    = {Proceedings of the 2017 Conference on Empirical Methods in Natural Language Processing},
	publisher    = {Association for Computational Linguistics},
	address      = {Copenhagen, Denmark},
	pages        = {785--794},
	doi          = {10.18653/v1/D17-1082},
	editor       = {Palmer, Martha  and Hwa, Rebecca  and Riedel, Sebastian}
}

@inproceedings{lee-etal-2019-manipulating,
	title        = {Manipulating the Difficulty of {C}-Tests},
	author       = {Lee, Ji-Ung  and Schwan, Erik  and Meyer, Christian M.},
	year         = 2019,
	month        = jul,
	booktitle    = {Proceedings of the 57th Annual Meeting of the Association for Computational Linguistics},
	publisher    = {Association for Computational Linguistics},
	address      = {Florence, Italy},
	pages        = {360--370},
	doi          = {10.18653/v1/P19-1035},
	editor       = {Korhonen, Anna  and Traum, David  and M{\`a}rquez, Llu{\'i}s}
}

@inproceedings{lewis-etal-2020-bart,
	title        = {{BART}: Denoising Sequence-to-Sequence Pre-training for Natural Language Generation, Translation, and Comprehension},
	author       = {Lewis, Mike  and Liu, Yinhan  and Goyal, Naman  and Ghazvininejad, Marjan  and Mohamed, Abdelrahman  and Levy, Omer  and Stoyanov, Veselin  and Zettlemoyer, Luke},
	year         = 2020,
	month        = jul,
	booktitle    = {Proceedings of the 58th Annual Meeting of the Association for Computational Linguistics},
	publisher    = {Association for Computational Linguistics},
	address      = {Online},
	pages        = {7871--7880},
	doi          = {10.18653/v1/2020.acl-main.703},
	editor       = {Jurafsky, Dan  and Chai, Joyce  and Schluter, Natalie  and Tetreault, Joel}
}

@inproceedings{pmlr-v101-liang19a,
	title        = {A New Multi-choice Reading Comprehension Dataset for Curriculum Learning},
	author       = {Liang, Yichan and Li, Jianheng and Yin, Jian},
	year         = 2019,
	month        = {17--19 Nov},
	booktitle    = {Proceedings of The Eleventh Asian Conference on Machine Learning},
	publisher    = {PMLR},
	series       = {Proceedings of Machine Learning Research},
	volume       = 101,
	pages        = {742--757},
	url          = {https://proceedings.mlr.press/v101/liang19a.html},
	editor       = {Lee, Wee Sun and Suzuki, Taiji}
}

@inproceedings{rajpurkar-etal-2016-squad,
	title        = {{SQ}u{AD}: 100,000+ Questions for Machine Comprehension of Text},
	author       = {Rajpurkar, Pranav  and Zhang, Jian  and Lopyrev, Konstantin  and Liang, Percy},
	year         = 2016,
	month        = nov,
	booktitle    = {Proceedings of the 2016 Conference on Empirical Methods in Natural Language Processing},
	publisher    = {Association for Computational Linguistics},
	address      = {Austin, Texas},
	pages        = {2383--2392},
	doi          = {10.18653/v1/D16-1264},
	editor       = {Su, Jian  and Duh, Kevin  and Carreras, Xavier}
}

@article{reddy-etal-2019-coqa,
	title        = {{C}o{QA}: A Conversational Question Answering Challenge},
	author       = {Reddy, Siva  and Chen, Danqi  and Manning, Christopher D.},
	year         = 2019,
	journal      = {Transactions of the Association for Computational Linguistics},
	publisher    = {MIT Press},
	address      = {Cambridge, MA},
	volume       = 7,
	pages        = {249--266},
	doi          = {10.1162/tacl_a_00266},
	editor       = {Lee, Lillian  and Johnson, Mark  and Roark, Brian  and Nenkova, Ani}
}

@inproceedings{sanh2022multitask,
	title        = {Multitask prompted training enables zero-shot task generalization},
	author       = {Sanh, Victor and Webson, Albert and Raffel, Colin and Bach, Stephen and Sutawika, Lintang and Alyafeai, Zaid and Chaffin, Antoine and Stiegler, Arnaud and Raja, Arun and Dey, Manan and others},
	year         = 2022,
	booktitle    = {International Conference on Learning Representations},
    url          = {https://openreview.net/forum?id=9Vrb9D0WI4}
}

@inproceedings{serban-etal-2016-generating,
	title        = {Generating Factoid Questions With Recurrent Neural Networks: The 30{M} Factoid Question-Answer Corpus},
	author       = {Serban, Iulian Vlad  and Garc{\'i}a-Dur{\'a}n, Alberto  and Gulcehre, Caglar  and Ahn, Sungjin  and Chandar, Sarath  and Courville, Aaron  and Bengio, Yoshua},
	year         = 2016,
	month        = aug,
	booktitle    = {Proceedings of the 54th Annual Meeting of the Association for Computational Linguistics (Volume 1: Long Papers)},
	publisher    = {Association for Computational Linguistics},
	address      = {Berlin, Germany},
	pages        = {588--598},
	doi          = {10.18653/v1/P16-1056},
	editor       = {Erk, Katrin  and Smith, Noah A.}
}

@inproceedings{welbl-etal-2017-crowdsourcing,
	title        = {Crowdsourcing Multiple Choice Science Questions},
	author       = {Welbl, Johannes  and Liu, Nelson F.  and Gardner, Matt},
	year         = 2017,
	month        = sep,
	booktitle    = {Proceedings of the 3rd Workshop on Noisy User-generated Text},
	publisher    = {Association for Computational Linguistics},
	address      = {Copenhagen, Denmark},
	pages        = {94--106},
	doi          = {10.18653/v1/W17-4413},
	editor       = {Derczynski, Leon  and Xu, Wei  and Ritter, Alan  and Baldwin, Tim}
}

@inproceedings{yang-etal-2018-hotpotqa,
	title        = {{H}otpot{QA}: A Dataset for Diverse, Explainable Multi-hop Question Answering},
	author       = {Yang, Zhilin  and Qi, Peng  and Zhang, Saizheng  and Bengio, Yoshua  and Cohen, William  and Salakhutdinov, Ruslan  and Manning, Christopher D.},
	year         = 2018,
	month        = oct,
	booktitle    = {Proceedings of the 2018 Conference on Empirical Methods in Natural Language Processing},
	publisher    = {Association for Computational Linguistics},
	address      = {Brussels, Belgium},
	pages        = {2369--2380},
	doi          = {10.18653/v1/D18-1259},
	editor       = {Riloff, Ellen  and Chiang, David  and Hockenmaier, Julia  and Tsujii, Jun{'}ichi}
}

