@inproceedings{rajpurkar-etal-2016-squad,
	title        = {{SQ}u{AD}: 100,000+ Questions for Machine Comprehension of Text},
	author       = {Rajpurkar, Pranav  and Zhang, Jian  and Lopyrev, Konstantin  and Liang, Percy},
	year         = 2016,
	month        = nov,
	booktitle    = {Proceedings of the 2016 Conference on Empirical Methods in Natural Language Processing},
	publisher    = {Association for Computational Linguistics},
	address      = {Austin, Texas},
	pages        = {2383--2392},
	doi          = {10.18653/v1/D16-1264},
	editor       = {Su, Jian  and Duh, Kevin  and Carreras, Xavier}
}

@article{kwiatkowski-etal-2019-natural,
	title        = {Natural Questions: A Benchmark for Question Answering Research},
	author       = {Kwiatkowski, Tom  and Palomaki, Jennimaria  and Redfield, Olivia  and Collins, Michael  and Parikh, Ankur  and Alberti, Chris  and Epstein, Danielle  and Polosukhin, Illia  and Devlin, Jacob  and Lee, Kenton  and Toutanova, Kristina  and Jones, Llion  and Kelcey, Matthew  and Chang, Ming-Wei  and Dai, Andrew M.  and Uszkoreit, Jakob  and Le, Quoc  and Petrov, Slav},
	year         = 2019,
	journal      = {Transactions of the Association for Computational Linguistics},
	publisher    = {MIT Press},
	address      = {Cambridge, MA},
	volume       = 7,
	pages        = {452--466},
	doi          = {10.1162/tacl_a_00276},
	editor       = {Lee, Lillian  and Johnson, Mark  and Roark, Brian  and Nenkova, Ani}
}

@inproceedings{yang-etal-2018-hotpotqa,
	title        = {{H}otpot{QA}: A Dataset for Diverse, Explainable Multi-hop Question Answering},
	author       = {Yang, Zhilin  and Qi, Peng  and Zhang, Saizheng  and Bengio, Yoshua  and Cohen, William  and Salakhutdinov, Ruslan  and Manning, Christopher D.},
	year         = 2018,
	month        = oct,
	booktitle    = {Proceedings of the 2018 Conference on Empirical Methods in Natural Language Processing},
	publisher    = {Association for Computational Linguistics},
	address      = {Brussels, Belgium},
	pages        = {2369--2380},
	doi          = {10.18653/v1/D18-1259},
	editor       = {Riloff, Ellen  and Chiang, David  and Hockenmaier, Julia  and Tsujii, Jun{'}ichi}
}

@inproceedings{lewis-etal-2020-bart,
	title        = {{BART}: Denoising Sequence-to-Sequence Pre-training for Natural Language Generation, Translation, and Comprehension},
	author       = {Lewis, Mike  and Liu, Yinhan  and Goyal, Naman  and Ghazvininejad, Marjan  and Mohamed, Abdelrahman  and Levy, Omer  and Stoyanov, Veselin  and Zettlemoyer, Luke},
	year         = 2020,
	month        = jul,
	booktitle    = {Proceedings of the 58th Annual Meeting of the Association for Computational Linguistics},
	publisher    = {Association for Computational Linguistics},
	address      = {Online},
	pages        = {7871--7880},
	doi          = {10.18653/v1/2020.acl-main.703},
	editor       = {Jurafsky, Dan  and Chai, Joyce  and Schluter, Natalie  and Tetreault, Joel}
}

@inproceedings{NEURIPS2020_1457c0d6,
	title        = {Language Models are Few-Shot Learners},
	author       = {Brown, Tom and Mann, Benjamin and Ryder, Nick and Subbiah, Melanie and Kaplan, Jared D and Dhariwal, Prafulla and Neelakantan, Arvind and Shyam, Pranav and Sastry, Girish and Askell, Amanda and Agarwal, Sandhini and Herbert-Voss, Ariel and Krueger, Gretchen and Henighan, Tom and Child, Rewon and Ramesh, Aditya and Ziegler, Daniel and Wu, Jeffrey and Winter, Clemens and Hesse, Chris and Chen, Mark and Sigler, Eric and Litwin, Mateusz and Gray, Scott and Chess, Benjamin and Clark, Jack and Berner, Christopher and McCandlish, Sam and Radford, Alec and Sutskever, Ilya and Amodei, Dario},
	year         = 2020,
	booktitle    = {Advances in Neural Information Processing Systems},
	publisher    = {Curran Associates, Inc.},
	volume       = 33,
	pages        = {1877--1901},
	url          = {https://proceedings.neurips.cc/paper_files/paper/2020/file/1457c0d6bfcb4967418bfb8ac142f64a-Paper.pdf},
	editor       = {H. Larochelle and M. Ranzato and R. Hadsell and M.F. Balcan and H. Lin}
}

@article{2023arXiv230308774O,
	title        = {{GPT-4 Technical Report}},
	author       = {{OpenAI} and {Achiam}, Josh and {Adler}, Steven and {Agarwal}, Sandhini and {Ahmad}, Lama and {Akkaya}, Ilge and {Leoni Aleman}, Florencia and {Almeida}, Diogo and {Altenschmidt}, Janko and {Altman}, Sam and others},
	year         = 2023,
	month        = mar,
	journal      = {arXiv e-prints},
	doi          = {10.48550/arXiv.2303.08774},
	keywords     = {Computer Science - Computation and Language, Computer Science - Artificial Intelligence},
}

@article{10.5555/3455716.3455856,
	title        = {Exploring the limits of transfer learning with a unified text-to-text transformer},
	author       = {Raffel, Colin and Shazeer, Noam and Roberts, Adam and Lee, Katherine and Narang, Sharan and Matena, Michael and Zhou, Yanqi and Li, Wei and Liu, Peter J.},
	year         = 2020,
	month        = jan,
	journal      = {J. Mach. Learn. Res.},
	publisher    = {JMLR.org},
	volume       = 21,
	number       = 1,
	issn         = {1532-4435},
	issue_date   = {January 2020},
	articleno    = 140,
	numpages     = 67,
	keywords     = {deep learning, attention based models, multi-task learning, natural language processing, transfer learning},
    url          = {http://jmlr.org/papers/v21/20-074.html}

}

@inproceedings{jia-liang-2017-adversarial,
	title        = {Adversarial Examples for Evaluating Reading Comprehension Systems},
	author       = {Jia, Robin  and Liang, Percy},
	year         = 2017,
	month        = sep,
	booktitle    = {Proceedings of the 2017 Conference on Empirical Methods in Natural Language Processing},
	publisher    = {Association for Computational Linguistics},
	address      = {Copenhagen, Denmark},
	pages        = {2021--2031},
	doi          = {10.18653/v1/D17-1215},
	editor       = {Palmer, Martha  and Hwa, Rebecca  and Riedel, Sebastian}
}

@inproceedings{Kaushik2020Learning,
	title        = {Learning The Difference That Makes A Difference With Counterfactually-Augmented Data},
	author       = {Divyansh Kaushik and Eduard Hovy and Zachary Lipton},
	year         = 2020,
	booktitle    = {International Conference on Learning Representations},
	url          = {https://openreview.net/forum?id=Sklgs0NFvr}
}

@inproceedings{gardner-etal-2020-evaluating,
	title        = {Evaluating Models' Local Decision Boundaries via Contrast Sets},
	author       = {Gardner, Matt  and Artzi, Yoav  and Basmov, Victoria  and Berant, Jonathan  and Bogin, Ben  and Chen, Sihao  and Dasigi, Pradeep  and Dua, Dheeru  and Elazar, Yanai  and Gottumukkala, Ananth  and Gupta, Nitish  and Hajishirzi, Hannaneh  and Ilharco, Gabriel  and Khashabi, Daniel  and Lin, Kevin  and Liu, Jiangming  and Liu, Nelson F.  and Mulcaire, Phoebe  and Ning, Qiang  and Singh, Sameer  and Smith, Noah A.  and Subramanian, Sanjay  and Tsarfaty, Reut  and Wallace, Eric  and Zhang, Ally  and Zhou, Ben},
	year         = 2020,
	month        = nov,
	booktitle    = {Findings of the Association for Computational Linguistics: EMNLP 2020},
	publisher    = {Association for Computational Linguistics},
	address      = {Online},
	pages        = {1307--1323},
	doi          = {10.18653/v1/2020.findings-emnlp.117},
	editor       = {Cohn, Trevor  and He, Yulan  and Liu, Yang}
}

@inproceedings{lai-etal-2017-race,
	title        = {{RACE}: Large-scale {R}e{A}ding Comprehension Dataset From Examinations},
	author       = {Lai, Guokun  and Xie, Qizhe  and Liu, Hanxiao  and Yang, Yiming  and Hovy, Eduard},
	year         = 2017,
	month        = sep,
	booktitle    = {Proceedings of the 2017 Conference on Empirical Methods in Natural Language Processing},
	publisher    = {Association for Computational Linguistics},
	address      = {Copenhagen, Denmark},
	pages        = {785--794},
	doi          = {10.18653/v1/D17-1082},
	editor       = {Palmer, Martha  and Hwa, Rebecca  and Riedel, Sebastian}
}

@article{2018arXiv180305457C,
	title        = {{Think you have Solved Question Answering? Try ARC, the AI2 Reasoning Challenge}},
	author       = {{Clark}, Peter and {Cowhey}, Isaac and {Etzioni}, Oren and {Khot}, Tushar and {Sabharwal}, Ashish and {Schoenick}, Carissa and {Tafjord}, Oyvind},
	year         = 2018,
	month        = mar,
	journal      = {arXiv e-prints},
	doi          = {10.48550/arXiv.1803.05457},
	keywords     = {Computer Science - Artificial Intelligence, Computer Science - Computation and Language, Computer Science - Information Retrieval},
}

@inproceedings{welbl-etal-2017-crowdsourcing,
	title        = {Crowdsourcing Multiple Choice Science Questions},
	author       = {Welbl, Johannes  and Liu, Nelson F.  and Gardner, Matt},
	year         = 2017,
	month        = sep,
	booktitle    = {Proceedings of the 3rd Workshop on Noisy User-generated Text},
	publisher    = {Association for Computational Linguistics},
	address      = {Copenhagen, Denmark},
	pages        = {94--106},
	doi          = {10.18653/v1/W17-4413},
	editor       = {Derczynski, Leon  and Xu, Wei  and Ritter, Alan  and Baldwin, Tim}
}

@inproceedings{serban-etal-2016-generating,
	title        = {Generating Factoid Questions With Recurrent Neural Networks: The 30{M} Factoid Question-Answer Corpus},
	author       = {Serban, Iulian Vlad  and Garc{\'i}a-Dur{\'a}n, Alberto  and Gulcehre, Caglar  and Ahn, Sungjin  and Chandar, Sarath  and Courville, Aaron  and Bengio, Yoshua},
	year         = 2016,
	month        = aug,
	booktitle    = {Proceedings of the 54th Annual Meeting of the Association for Computational Linguistics (Volume 1: Long Papers)},
	publisher    = {Association for Computational Linguistics},
	address      = {Berlin, Germany},
	pages        = {588--598},
	doi          = {10.18653/v1/P16-1056},
	editor       = {Erk, Katrin  and Smith, Noah A.}
}

@article{2017arXiv170405179D,
	title        = {{SearchQA: A New Q\&A Dataset Augmented with Context from a Search Engine}},
	author       = {{Dunn}, Matthew and {Sagun}, Levent and {Higgins}, Mike and {Ugur Guney}, V. and {Cirik}, Volkan and {Cho}, Kyunghyun},
	year         = 2017,
	month        = apr,
	journal      = {arXiv e-prints},
	doi          = {10.48550/arXiv.1704.05179},
	keywords     = {Computer Science - Computation and Language}
}

@article{reddy-etal-2019-coqa,
	title        = {{C}o{QA}: A Conversational Question Answering Challenge},
	author       = {Reddy, Siva  and Chen, Danqi  and Manning, Christopher D.},
	year         = 2019,
	journal      = {Transactions of the Association for Computational Linguistics},
	publisher    = {MIT Press},
	address      = {Cambridge, MA},
	volume       = 7,
	pages        = {249--266},
	doi          = {10.1162/tacl_a_00266},
	editor       = {Lee, Lillian  and Johnson, Mark  and Roark, Brian  and Nenkova, Ani}
}

@inproceedings{sanh2022multitask,
	title        = {Multitask prompted training enables zero-shot task generalization},
	author       = {Sanh, Victor and Webson, Albert and Raffel, Colin and Bach, Stephen and Sutawika, Lintang and Alyafeai, Zaid and Chaffin, Antoine and Stiegler, Arnaud and Raja, Arun and Dey, Manan and others},
	year         = 2022,
	booktitle    = {International Conference on Learning Representations},
    url          = {https://openreview.net/forum?id=9Vrb9D0WI4}
}

%11
@article{doi:10.1177/0265532215572268,
	title        = {A comparison of three test formats to assess word difficulty},
	author       = {Brent Culligan},
	year         = 2015,
	journal      = {Language Testing},
	volume       = 32,
	number       = 4,
	pages        = {503--520},
	doi          = {10.1177/0265532215572268}
}

%20
@inproceedings{hou-etal-2019-modeling,
	title        = {Modeling language learning using specialized Elo rating},
	author       = {Hou, Jue  and Maximilian, Koppatz  and Hoya Quecedo, Jos{\'e} Mar{\'i}a  and Stoyanova, Nataliya  and Yangarber, Roman},
	year         = 2019,
	month        = aug,
	booktitle    = {Proceedings of the Fourteenth Workshop on Innovative Use of NLP for Building Educational Applications},
	publisher    = {Association for Computational Linguistics},
	address      = {Florence, Italy},
	pages        = {494--506},
	doi          = {10.18653/v1/W19-4451},
	editor       = {Yannakoudakis, Helen  and Kochmar, Ekaterina  and Leacock, Claudia  and Madnani, Nitin  and Pil{\'a}n, Ildik{\'o}  and Zesch, Torsten}
}

%38
@article{doi:10.1177/0265532215623581,
	title        = {Determining cloze item difficulty from item and passage characteristics across different learner backgrounds},
	author       = {Jonathan Trace and James Dean Brown and Gerriet Janssen and Liudmila Kozhevnikova},
	year         = 2017,
	journal      = {Language Testing},
	volume       = 34,
	number       = 2,
	pages        = {151--174},
	doi          = {10.1177/0265532215623581}
}

%22
@article{2018arXiv180809732H,
	title        = {{Development and Evaluation of a Personalized Computer-aided Question Generation for English Learners to Improve Proficiency and Correct Mistakes}},
	author       = {{Huang}, Yi-Ting and {Chen}, Meng Chang and {Sun}, Yeali S.},
	year         = 2018,
	month        = aug,
	journal      = {arXiv e-prints},
	doi          = {10.48550/arXiv.1808.09732},
	keywords     = {Computer Science - Computation and Language, Computer Science - Human-Computer Interaction}
}

%30
@book{10.5555/1394399,
	title        = {Introduction to Information Retrieval},
	author       = {Manning, Christopher D. and Raghavan, Prabhakar and Sch\"{u}tze, Hinrich},
	year         = 2008,
	publisher    = {Cambridge University Press},
	address      = {USA},
	isbn         = {0521865719},
    doi          = {10.1162/coli.2009.35.2.307}
}

%31
@inproceedings{NIPS2013_9aa42b31,
	title        = {Distributed Representations of Words and Phrases and their Compositionality},
	author       = {Mikolov, Tomas and Sutskever, Ilya and Chen, Kai and Corrado, Greg S and Dean, Jeff},
	year         = 2013,
	booktitle    = {Advances in Neural Information Processing Systems},
	publisher    = {Curran Associates, Inc.},
	volume       = 26,
	url          = {https://proceedings.neurips.cc/paper_files/paper/2013/file/9aa42b31882ec039965f3c4923ce901b-Paper.pdf},
	editor       = {C.J. Burges and L. Bottou and M. Welling and Z. Ghahramani and K.Q. Weinberger}
}

%2
@inproceedings{lee-etal-2019-manipulating,
	title        = {Manipulating the Difficulty of {C}-Tests},
	author       = {Lee, Ji-Ung  and Schwan, Erik  and Meyer, Christian M.},
	year         = 2019,
	month        = jul,
	booktitle    = {Proceedings of the 57th Annual Meeting of the Association for Computational Linguistics},
	publisher    = {Association for Computational Linguistics},
	address      = {Florence, Italy},
	pages        = {360--370},
	doi          = {10.18653/v1/P19-1035},
	editor       = {Korhonen, Anna  and Traum, David  and M{\`a}rquez, Llu{\'i}s}
}

%4
@inproceedings{pmlr-v101-liang19a,
	title        = {A New Multi-choice Reading Comprehension Dataset for Curriculum Learning},
	author       = {Liang, Yichan and Li, Jianheng and Yin, Jian},
	year         = 2019,
	month        = {17--19 Nov},
	booktitle    = {Proceedings of The Eleventh Asian Conference on Machine Learning},
	publisher    = {PMLR},
	series       = {Proceedings of Machine Learning Research},
	volume       = 101,
	pages        = {742--757},
	url          = {https://proceedings.mlr.press/v101/liang19a.html},
	editor       = {Lee, Wee Sun and Suzuki, Taiji}
}

%27
@article{Pandarova2019,
	title        = {Predicting the Difficulty of Exercise Items for Dynamic Difficulty Adaptation in Adaptive Language Tutoring},
	author       = {Pandarova, Irina and Schmidt, Torben and Hartig, Johannes and Boubekki, Ahc{\`e}ne and Jones, Roger Dale and Brefeld, Ulf},
	year         = 2019,
	month        = {Aug},
	day          = {01},
	journal      = {International Journal of Artificial Intelligence in Education},
	volume       = 29,
	number       = 3,
	pages        = {342--367},
	doi          = {10.1007/s40593-019-00180-4},
	issn         = {1560-4306}
}

%42
@inproceedings{8539464,
	title        = {Feature Analysis on English word difficulty by Gaussian Mixture Model},
	author       = {Yang, Hua and EUM, Suyong},
	year         = 2018,
	booktitle    = {2018 International Conference on Information and Communication Technology Convergence (ICTC)},
	volume       = {},
	number       = {},
	pages        = {191--194},
	doi          = {10.1109/ICTC.2018.8539464},
	keywords     = {Phonetics;Support vector machines;Principal component analysis;Gaussian mixture model;Frequency measurement;Data visualization;PCA;word difficulty level;difficulty features;GMM;SVM}
}

%13
@inproceedings{devlin-etal-2019-bert,
	title        = {{BERT}: Pre-training of Deep Bidirectional Transformers for Language Understanding},
	author       = {Devlin, Jacob  and Chang, Ming-Wei  and Lee, Kenton  and Toutanova, Kristina},
	year         = 2019,
	month        = jun,
	booktitle    = {Proceedings of the 2019 Conference of the North {A}merican Chapter of the Association for Computational Linguistics: Human Language Technologies, Volume 1 (Long and Short Papers)},
	publisher    = {Association for Computational Linguistics},
	address      = {Minneapolis, Minnesota},
	pages        = {4171--4186},
	doi          = {10.18653/v1/N19-1423},
	editor       = {Burstein, Jill  and Doran, Christy  and Solorio, Thamar}
}

%34
@article{2019arXiv191001108S,
	title        = {{DistilBERT, a distilled version of BERT: smaller, faster, cheaper and lighter}},
	author       = {{Sanh}, Victor and {Debut}, Lysandre and {Chaumond}, Julien and {Wolf}, Thomas},
	year         = 2019,
	month        = oct,
	journal      = {arXiv e-prints},
	doi          = {10.48550/arXiv.1910.01108},
	keywords     = {Computer Science - Computation and Language}
}

%3
@inproceedings{10.1145/3357384.3358013,
	title        = {Question Difficulty Prediction for Multiple Choice Problems in Medical Exams},
	author       = {Qiu, Zhaopeng and Wu, Xian and Fan, Wei},
	year         = 2019,
	location     = {Beijing, China},
	publisher    = {Association for Computing Machinery},
	address      = {New York, NY, USA},
	series       = {CIKM '19},
	pages        = {139–148},
	doi          = {10.1145/3357384.3358013},
	isbn         = 9781450369763,
	numpages     = 10,
	keywords     = {question difficulty prediction, educational mining, document retrieval, attention}
}

%43
@inproceedings{9258850,
	title        = {Multi-task BERT for problem difficulty prediction},
	author       = {Zhou, Ya and Tao, Can},
	year         = 2020,
	booktitle    = {2020 International Conference on Communications, Information System and Computer Engineering (CISCE)},
	volume       = {},
	number       = {},
	pages        = {213--216},
	doi          = {10.1109/CISCE50729.2020.00048},
	keywords     = {Bit error rate;Optical wavelength conversion;Information systems;Data mining;Natural language processing;Data mining;BERT;Difficulty prediction}
}

%1
@article{10.1007/s10115-022-01783-5,
	title        = {Deep learning-based question answering: a survey},
	author       = {Abdel-Nabi, Heba and Awajan, Arafat and Ali, Mostafa Z.},
	year         = 2022,
	month        = dec,
	journal      = {Knowl. Inf. Syst.},
	publisher    = {Springer-Verlag},
	address      = {Berlin, Heidelberg},
	volume       = 65,
	number       = 4,
	pages        = {1399–1485},
	doi          = {10.1007/s10115-022-01783-5},
	issn         = {0219-1377},
	issue_date   = {Apr 2023},
	numpages     = 87,
	keywords     = {Attention mechanism, Recurrent network, Convolutional network, Deep learning, Reading comprehension, Natural Language Processing, Question answering}
}

%23
@inproceedings{karpukhin-etal-2020-dense,
	title        = {Dense Passage Retrieval for Open-Domain Question Answering},
	author       = {Karpukhin, Vladimir  and Oguz, Barlas  and Min, Sewon  and Lewis, Patrick  and Wu, Ledell  and Edunov, Sergey  and Chen, Danqi  and Yih, Wen-tau},
	year         = 2020,
	month        = nov,
	booktitle    = {Proceedings of the 2020 Conference on Empirical Methods in Natural Language Processing (EMNLP)},
	publisher    = {Association for Computational Linguistics},
	address      = {Online},
	pages        = {6769--6781},
	doi          = {10.18653/v1/2020.emnlp-main.550},
	editor       = {Webber, Bonnie  and Cohn, Trevor  and He, Yulan  and Liu, Yang}
}

%36
@article{INR-102,
	title        = {Multi-hop Question Answering},
	author       = {Vaibhav Mavi and Anubhav Jangra and Adam Jatowt},
	year         = 2024,
	journal      = {Foundations and Trends® in Information Retrieval},
	volume       = 17,
	number       = 5,
	pages        = {457--586},
	doi          = {10.1561/1500000102},
	issn         = {1554-0669}
}

%57
@inproceedings{zhao-etal-2021-sparta,
	title        = {{SPARTA}: Efficient Open-Domain Question Answering via Sparse Transformer Matching Retrieval},
	author       = {Zhao, Tiancheng  and Lu, Xiaopeng  and Lee, Kyusong},
	year         = 2021,
	month        = jun,
	booktitle    = {Proceedings of the 2021 Conference of the North American Chapter of the Association for Computational Linguistics: Human Language Technologies},
	publisher    = {Association for Computational Linguistics},
	address      = {Online},
	pages        = {565--575},
	doi          = {10.18653/v1/2021.naacl-main.47},
	editor       = {Toutanova, Kristina  and Rumshisky, Anna  and Zettlemoyer, Luke  and Hakkani-Tur, Dilek  and Beltagy, Iz  and Bethard, Steven  and Cotterell, Ryan  and Chakraborty, Tanmoy  and Zhou, Yichao}
}

@article{2024arXiv240305530G,
	title        = {{Gemini 1.5: Unlocking multimodal understanding across millions of tokens of context}},
	author       = {{Gemini Team} and {Georgiev}, Petko and {Lei}, Ving Ian and {Burnell}, Ryan and {Bai}, Libin and {Gulati}, Anmol and {Tanzer}, Garrett and {Vincent}, Damien and {Pan}, Zhufeng and {Wang}, Shibo and {Mariooryad}, Soroosh and {Ding}, Yifan and {Geng}, Xinyang and {Alcober}, Fred and {Frostig}, Roy and {Omernick}, Mark and {Walker}, Lexi and {Paduraru}, Cosmin and {Sorokin}, Christina and {Tacchetti}, Others},
	year         = 2024,
	month        = mar,
	journal      = {arXiv e-prints},
	doi          = {10.48550/arXiv.2403.05530},
	keywords     = {Computer Science - Computation and Language, Computer Science - Artificial Intelligence}
}

@article{2024arXiv241219437D,
	title        = {{DeepSeek-V3 Technical Report}},
	author       = {{DeepSeek-AI} and {Liu}, Aixin and {Feng}, Bei and {Xue}, Bing and {Wang}, Bingxuan and {Wu}, Bochao and {Lu}, Chengda and {Zhao}, Chenggang and {Deng}, Chengqi and {Zhang}, Chenyu and {Ruan}, Chong and {Dai}, Damai and {Guo}, Daya and {Yang}, Dejian and {Chen}, Deli and {Ji}, Dongjie and {Li}, Erhang and {Lin}, Fangyun and {Dai}, Fucong and {Luo}, Fuli and {Hao}, Guangbo and {Chen}, Guanting and {Li}, Guowei and {Zhang}, H. and {Bao}, Others},
	year         = 2024,
	month        = dec,
	journal      = {arXiv e-prints},
	doi          = {10.48550/arXiv.2412.19437},
	keywords     = {Computer Science - Computation and Language, Computer Science - Artificial Intelligence}
}

@article{2024arXiv240512819Q,
	title        = {{Large Language Models Meet NLP: A Survey}},
	author       = {{Qin}, Libo and {Chen}, Qiguang and {Feng}, Xiachong and {Wu}, Yang and {Zhang}, Yongheng and {Li}, Yinghui and {Li}, Min and {Che}, Wanxiang and {Yu}, Philip S.},
	year         = 2024,
	month        = may,
	journal      = {arXiv e-prints},
	doi          = {10.48550/arXiv.2405.12819},
	keywords     = {Computer Science - Computation and Language, Computer Science - Artificial Intelligence}
}

@inproceedings{kamalloo-etal-2023-evaluating,
	title        = {Evaluating Open-Domain Question Answering in the Era of Large Language Models},
	author       = {Kamalloo, Ehsan  and Dziri, Nouha  and Clarke, Charles  and Rafiei, Davood},
	year         = 2023,
	month        = jul,
	booktitle    = {Proceedings of the 61st Annual Meeting of the Association for Computational Linguistics (Volume 1: Long Papers)},
	publisher    = {Association for Computational Linguistics},
	address      = {Toronto, Canada},
	pages        = {5591--5606},
	doi          = {10.18653/v1/2023.acl-long.307},
	editor       = {Rogers, Anna  and Boyd-Graber, Jordan  and Okazaki, Naoaki}
}

@article{pelanek2016properties,
	title        = {Properties and Applications of Wrong Answers in Online Educational Systems.},
	author       = {Pel{\'a}nek, Radek and Rih{\'a}k, Ji and others},
	year         = 2016,
	journal      = {International Educational Data Mining Society},
	publisher    = {ERIC},
    url          = {https://eric.ed.gov/?id=ED592699}
}

@article{2025arXiv250113125L,
	title        = {Generating Plausible Distractors for Multiple-Choice Questions via Student Choice Prediction},
	author       = {{Lee}, Yooseop and {Kim}, Suin and {Jo}, Yohan},
	year         = 2025,
	month        = jan,
	journal      = {arXiv e-prints},
	doi          = {10.48550/arXiv.2501.13125},
	keywords     = {Computer Science - Computation and Language, Computer Science - Artificial Intelligence, Computer Science - Machine Learning}
}

@inproceedings{cao-etal-2022-exploring,
	title        = {Exploring the Impact of Negative Samples of Contrastive Learning: A Case Study of Sentence Embedding},
	author       = {Cao, Rui  and Wang, Yihao  and Liang, Yuxin  and Gao, Ling  and Zheng, Jie  and Ren, Jie  and Wang, Zheng},
	year         = 2022,
	month        = may,
	booktitle    = {Findings of the Association for Computational Linguistics: ACL 2022},
	publisher    = {Association for Computational Linguistics},
	address      = {Dublin, Ireland},
	pages        = {3138--3152},
	doi          = {10.18653/v1/2022.findings-acl.248},
	editor       = {Muresan, Smaranda  and Nakov, Preslav  and Villavicencio, Aline}
}

@inproceedings{yu-etal-2024-enhancing,
	title        = {Enhancing Distractor Generation for Multiple-Choice Questions with Retrieval Augmented Pretraining and Knowledge Graph Integration},
	author       = {Yu, Han Cheng  and Shih, Yu An  and Law, Kin Man  and Hsieh, KaiYu  and Cheng, Yu Chen  and Ho, Hsin Chih  and Lin, Zih An  and Hsu, Wen-Chuan  and Fan, Yao-Chung},
	year         = 2024,
	month        = aug,
	booktitle    = {Findings of the Association for Computational Linguistics: ACL 2024},
	publisher    = {Association for Computational Linguistics},
	address      = {Bangkok, Thailand},
	pages        = {11019--11029},
	doi          = {10.18653/v1/2024.findings-acl.655},
	editor       = {Ku, Lun-Wei  and Martins, Andre  and Srikumar, Vivek}
}

@inproceedings{qu-etal-2024-unsupervised,
	title        = {Unsupervised Distractor Generation via Large Language Model Distilling and Counterfactual Contrastive Decoding},
	author       = {Qu, Fanyi  and Sun, Hao  and Wu, Yunfang},
	year         = 2024,
	month        = aug,
	booktitle    = {Findings of the Association for Computational Linguistics: ACL 2024},
	publisher    = {Association for Computational Linguistics},
	address      = {Bangkok, Thailand},
	pages        = {827--838},
	doi          = {10.18653/v1/2024.findings-acl.47},
	editor       = {Ku, Lun-Wei  and Martins, Andre  and Srikumar, Vivek}
}

@inproceedings{alhazmi-etal-2024-distractor,
	title        = {Distractor Generation in Multiple-Choice Tasks: A Survey of Methods, Datasets, and Evaluation},
	author       = {Alhazmi, Elaf  and Sheng, Quan Z.  and Zhang, Wei Emma  and Zaib, Munazza  and Alhazmi, Ahoud},
	year         = 2024,
	month        = nov,
	booktitle    = {Proceedings of the 2024 Conference on Empirical Methods in Natural Language Processing},
	publisher    = {Association for Computational Linguistics},
	address      = {Miami, Florida, USA},
	pages        = {14437--14458},
	doi          = {10.18653/v1/2024.emnlp-main.799},
	editor       = {Al-Onaizan, Yaser  and Bansal, Mohit  and Chen, Yun-Nung}
}

@inproceedings{raina-etal-2023-assessing,
	title        = {Assessing Distractors in Multiple-Choice Tests},
	author       = {Raina, Vatsal  and Liusie, Adian  and Gales, Mark},
	year         = 2023,
	month        = nov,
	booktitle    = {Proceedings of the 4th Workshop on Evaluation and Comparison of NLP Systems},
	publisher    = {Association for Computational Linguistics},
	address      = {Bali, Indonesia},
	pages        = {12--22},
	doi          = {10.18653/v1/2023.eval4nlp-1.2},
	editor       = {Deutsch, Daniel  and Dror, Rotem  and Eger, Steffen  and Gao, Yang  and Leiter, Christoph  and Opitz, Juri  and R{\"u}ckl{\'e}, Andreas}
}

@inproceedings{han-etal-2023-robustqa,
	title        = {{R}obust{QA}: Benchmarking the Robustness of Domain Adaptation for Open-Domain Question Answering},
	author       = {Han, Rujun  and Qi, Peng  and Zhang, Yuhao  and Liu, Lan  and Burger, Juliette  and Wang, William Yang  and Huang, Zhiheng  and Xiang, Bing  and Roth, Dan},
	year         = 2023,
	month        = jul,
	booktitle    = {Findings of the Association for Computational Linguistics: ACL 2023},
	publisher    = {Association for Computational Linguistics},
	address      = {Toronto, Canada},
	pages        = {4294--4311},
	doi          = {10.18653/v1/2023.findings-acl.263},
	editor       = {Rogers, Anna  and Boyd-Graber, Jordan  and Okazaki, Naoaki}
}

@inproceedings{joshi-etal-2017-triviaqa,
	title        = {{T}rivia{QA}: A Large Scale Distantly Supervised Challenge Dataset for Reading Comprehension},
	author       = {Joshi, Mandar  and Choi, Eunsol  and Weld, Daniel  and Zettlemoyer, Luke},
	year         = 2017,
	month        = jul,
	booktitle    = {Proceedings of the 55th Annual Meeting of the Association for Computational Linguistics (Volume 1: Long Papers)},
	publisher    = {Association for Computational Linguistics},
	address      = {Vancouver, Canada},
	pages        = {1601--1611},
	doi          = {10.18653/v1/P17-1147},
	editor       = {Barzilay, Regina  and Kan, Min-Yen}
}

@inproceedings{berant-etal-2013-semantic,
	title        = {Semantic Parsing on {F}reebase from Question-Answer Pairs},
	author       = {Berant, Jonathan  and Chou, Andrew  and Frostig, Roy  and Liang, Percy},
	year         = 2013,
	month        = oct,
	booktitle    = {Proceedings of the 2013 Conference on Empirical Methods in Natural Language Processing},
	publisher    = {Association for Computational Linguistics},
	address      = {Seattle, Washington, USA},
	pages        = {1533--1544},
	editor       = {Yarowsky, David  and Baldwin, Timothy  and Korhonen, Anna  and Livescu, Karen  and Bethard, Steven},
    url          = {https://aclanthology.org/D13-1160/},
}

@article{2019arXiv190711692L,
	title        = {{RoBERTa: A Robustly Optimized BERT Pretraining Approach}},
	author       = {{Liu}, Yinhan and {Ott}, Myle and {Goyal}, Naman and {Du}, Jingfei and {Joshi}, Mandar and {Chen}, Danqi and {Levy}, Omer and {Lewis}, Mike and {Zettlemoyer}, Luke and {Stoyanov}, Veselin},
	year         = 2019,
	month        = jul,
	journal      = {arXiv e-prints},
	doi          = {10.48550/arXiv.1907.11692},
	keywords     = {Computer Science - Computation and Language}
}

@inproceedings{li-roth-2002-learning,
	title        = {Learning Question Classifiers},
	author       = {Li, Xin  and Roth, Dan},
	year         = 2002,
	booktitle    = {{COLING} 2002: The 19th International Conference on Computational Linguistics},
	url          = {https://aclanthology.org/C02-1150/}
}

@incollection{ARNAB2017213,
	title        = {Chapter 7 - Stratified Sampling},
	author       = {Raghunath Arnab},
	year         = 2017,
	booktitle    = {Survey Sampling Theory and Applications},
	publisher    = {Academic Press},
	pages        = {213--256},
	doi          = {https://doi.org/10.1016/B978-0-12-811848-1.00007-8},
	isbn         = {978-0-12-811848-1},
	editor       = {Raghunath Arnab},
	keywords     = {Gain in efficiency, Neyman's allocation, Optimum allocation, Post stratification, Proportional allocation, Stratified sampling}
}

@article{2024arXiv240721783G,
	title        = {{The Llama 3 Herd of Models}},
	author       = {{Grattafiori}, Aaron and {Dubey}, Abhimanyu and {Jauhri}, Abhinav and {Pandey}, Abhinav and {Kadian}, Abhishek and {Al-Dahle}, Ahmad and {Letman}, Aiesha and {Mathur}, Akhil and {Schelten}, Alan and {Vaughan}, Alex and {Yang}, Amy and {Fan}, Angela and {Goyal}, Anirudh and {Hartshorn}, Anthony and {Yang}, Aobo and {Mitra}, Archi and {Sravankumar}, Archie and {Korenev}, Artem and {Hinsvark}, Arthur and {Rao}, Arun and {Zhang}, Aston and {Rodriguez}, Aurelien and {Gregerson}, Austen and {Spataru}, Ava and {Roziere}, Baptiste and {Biron}, Bethany and {Tang}, Binh and {Chern}, Bobbie and {Caucheteux}, Charlotte and {Nayak}, Chaya and {Bi}, Chloe and {Marra}, Chris and {McConnell}, Chris and {Keller}, Christian and {Touret}, Christophe and {Wu}, Other},
	year         = 2024,
	month        = jul,
	journal      = {arXiv e-prints},
	doi          = {10.48550/arXiv.2407.21783},
	keywords     = {Computer Science - Artificial Intelligence, Computer Science - Computation and Language, Computer Science - Computer Vision and Pattern Recognition}
}

@inproceedings{huang-etal-2023-large,
	title        = {Large Language Models Can Self-Improve},
	author       = {Huang, Jiaxin  and Gu, Shixiang  and Hou, Le  and Wu, Yuexin  and Wang, Xuezhi  and Yu, Hongkun  and Han, Jiawei},
	year         = 2023,
	month        = dec,
	booktitle    = {Proceedings of the 2023 Conference on Empirical Methods in Natural Language Processing},
	publisher    = {Association for Computational Linguistics},
	address      = {Singapore},
	pages        = {1051--1068},
	doi          = {10.18653/v1/2023.emnlp-main.67},
	editor       = {Bouamor, Houda  and Pino, Juan  and Bali, Kalika}
}

@inproceedings{bulian-etal-2022-tomayto,
	title        = {Tomayto, Tomahto. Beyond Token-level Answer Equivalence for Question Answering Evaluation},
	author       = {Bulian, Jannis  and Buck, Christian  and Gajewski, Wojciech  and B{\"o}rschinger, Benjamin  and Schuster, Tal},
	year         = 2022,
	month        = dec,
	booktitle    = {Proceedings of the 2022 Conference on Empirical Methods in Natural Language Processing},
	publisher    = {Association for Computational Linguistics},
	address      = {Abu Dhabi, United Arab Emirates},
	pages        = {291--305},
	doi          = {10.18653/v1/2022.emnlp-main.20},
	editor       = {Goldberg, Yoav  and Kozareva, Zornitsa  and Zhang, Yue}
}

@article{a0dc553c-0830-3fe2-ab2a-eece0d66a7db,
	title        = {Note on Regression and Inheritance in the Case of Two Parents},
	author       = {Karl Pearson},
	year         = 1895,
	journal      = {Proceedings of the Royal Society of London},
	publisher    = {The Royal Society},
	volume       = 58,
	pages        = {240--242},
	issn         = {03701662},
	url          = {http://www.jstor.org/stable/115794},
	urldate      = {2025-02-06}
}

@article{ca468a70-0be4-389a-b0b9-5dd1ff52b33f,
	title        = {The Proof and Measurement of Association between Two Things},
	author       = {C. Spearman},
	year         = 1904,
	journal      = {The American Journal of Psychology},
	publisher    = {University of Illinois Press},
	volume       = 15,
	number       = 1,
	pages        = {72--101},
	issn         = {00029556},
	url          = {http://www.jstor.org/stable/1412159},
	urldate      = {2025-02-06}
}

@article{1320776d-9e76-337e-a755-73010b6e4b64,
	title        = {On Information and Sufficiency},
	author       = {S. Kullback and R. A. Leibler},
	year         = 1951,
	journal      = {The Annals of Mathematical Statistics},
	publisher    = {Institute of Mathematical Statistics},
	volume       = 22,
	number       = 1,
	pages        = {79--86},
	issn         = {00034851},
	url          = {http://www.jstor.org/stable/2236703},
	urldate      = {2025-02-06}
}

@article{19ff28b9-64f9-3656-ba40-08326a05748e,
	title        = {Rank Analysis of Incomplete Block Designs: I. The Method of Paired Comparisons},
	author       = {Ralph Allan Bradley and Milton E. Terry},
	year         = 1952,
	journal      = {Biometrika},
	publisher    = {[Oxford University Press, Biometrika Trust]},
	volume       = 39,
	number       = {3/4},
	pages        = {324--345},
	issn         = {00063444, 14643510},
	url          = {http://www.jstor.org/stable/2334029},
	urldate      = {2025-02-06}
}

@article{af5079a1-8ca5-3727-a405-0a82390327b7,
	title        = {The Analysis of Permutations},
	author       = {R. L. Plackett},
	year         = 1975,
	journal      = {Journal of the Royal Statistical Society. Series C (Applied Statistics)},
	publisher    = {[Royal Statistical Society, Oxford University Press]},
	volume       = 24,
	number       = 2,
	pages        = {193--202},
	issn         = {00359254, 14679876},
	url          = {http://www.jstor.org/stable/2346567},
	urldate      = {2025-02-06}
}

@inproceedings{Gabburo2024,
	title        = {Measuring Retrieval Complexity in Question Answering Systems},
	author       = {Gabburo, Matteo  and Jedema, Nicolaas Paul  and Garg, Siddhant  and Ribeiro, Leonardo F. R.  and Moschitti, Alessandro},
	year         = 2024,
	month        = aug,
	booktitle    = {Findings of the Association for Computational Linguistics: ACL 2024},
	publisher    = {Association for Computational Linguistics},
	address      = {Bangkok, Thailand},
	pages        = {14636--14650},
	doi          = {10.18653/v1/2024.findings-acl.872},
	editor       = {Ku, Lun-Wei  and Martins, Andre  and Srikumar, Vivek}
}

}
@inproceedings{10.1145/3626772.3657855,
	title        = {TriviaHG: A Dataset for Automatic Hint Generation from Factoid Questions},
	author       = {Mozafari, Jamshid and Jangra, Anubhav and Jatowt, Adam},
	year         = 2024,
	booktitle    = {Proceedings of the 47th International ACM SIGIR Conference on Research and Development in Information Retrieval},
	location     = {Washington DC, USA},
	publisher    = {Association for Computing Machinery},
	address      = {New York, NY, USA},
	series       = {SIGIR '24},
	pages        = {2060–2070},
	doi          = {10.1145/3626772.3657855},
	isbn         = 9798400704314,
	numpages     = 11,
	keywords     = {hint generation, large language models, question answering}
}

@inproceedings{mozafari-etal-2024-exploring,
	title        = {Exploring Hint Generation Approaches for Open-Domain Question Answering},
	author       = {Mozafari, Jamshid  and Abdallah, Abdelrahman  and Piryani, Bhawna  and Jatowt, Adam},
	year         = 2024,
	month        = nov,
	booktitle    = {Findings of the Association for Computational Linguistics: EMNLP 2024},
	publisher    = {Association for Computational Linguistics},
	address      = {Miami, Florida, USA},
	pages        = {9327--9352},
	doi          = {10.18653/v1/2024.findings-emnlp.546},
	editor       = {Al-Onaizan, Yaser  and Bansal, Mohit  and Chen, Yun-Nung}
}

@article{2024arXiv240800118G,
	title        = {{Gemma 2: Improving Open Language Models at a Practical Size}},
	author       = {{Gemma Team} and {Riviere}, Morgane and {Pathak}, Shreya and {Sessa}, Pier Giuseppe and {Hardin}, Cassidy and {Bhupatiraju}, Surya and {Hussenot}, L{\'e}onard and {Mesnard}, Thomas and {Shahriari}, Bobak and {Ram{\'e}}, Alexandre and {Ferret}, Johan and {Liu}, Peter and {Tafti}, Pouya and {Friesen}, Abe and {Casbon}, Michelle and {Ramos}, Sabela and {Kumar}, Ravin and {Le Lan}, Charline and Others},
	year         = 2024,
	month        = jul,
	journal      = {arXiv e-prints},
	doi          = {10.48550/arXiv.2408.00118},
	keywords     = {Computer Science - Computation and Language, Computer Science - Artificial Intelligence}
}

@article{2023arXiv230213971T,
	title        = {{LLaMA: Open and Efficient Foundation Language Models}},
	author       = {{Touvron}, Hugo and {Lavril}, Thibaut and {Izacard}, Gautier and {Martinet}, Xavier and {Lachaux}, Marie-Anne and {Lacroix}, Timoth{\'e}e and {Rozi{\`e}re}, Baptiste and {Goyal}, Naman and {Hambro}, Eric and {Azhar}, Faisal and {Rodriguez}, Aurelien and {Joulin}, Armand and {Grave}, Edouard and {Lample}, Guillaume},
	year         = 2023,
	month        = feb,
	journal      = {arXiv e-prints},
	doi          = {10.48550/arXiv.2302.13971},
	keywords     = {Computer Science - Computation and Language}
}

@article{2024arXiv241215115Q,
	title        = {{Qwen2.5 Technical Report}},
	author       = {{Qwen} and {:} and {Yang}, An and {Yang}, Baosong and {Zhang}, Beichen and {Hui}, Binyuan and {Zheng}, Bo and {Yu}, Bowen and {Li}, Chengyuan and {Liu}, Dayiheng and {Huang}, Fei and {Wei}, Haoran and {Lin}, Huan and {Yang}, Jian and {Tu}, Jianhong and {Zhang}, Jianwei and {Yang}, Jianxin and {Yang}, Jiaxi and {Zhou}, Jingren and {Lin}, Junyang and {Dang}, Kai and {Lu}, Keming and {Bao}, Keqin and {Yang}, Kexin and {Yu}, Le and {Li}, Mei and {Xue}, Mingfeng and {Zhang}, Pei and {Zhu}, Qin and {Men}, Rui and {Lin}, Runji and {Li}, Tianhao and {Tang}, Tianyi and {Xia}, Tingyu and {Ren}, Xingzhang and {Ren}, Xuancheng and {Fan}, Yang and {Su}, Yang and {Zhang}, Yichang and {Wan}, Yu and {Liu}, Yuqiong and {Cui}, Zeyu and {Zhang}, Zhenru and {Qiu}, Zihan},
	year         = 2024,
	month        = dec,
	journal      = {arXiv e-prints},
	doi          = {10.48550/arXiv.2412.15115},
	keywords     = {Computer Science - Computation and Language}
}

@article{2023arXiv231006825J,
	title        = {{Mistral 7B}},
	author       = {{Jiang}, Albert Q. and {Sablayrolles}, Alexandre and {Mensch}, Arthur and {Bamford}, Chris and {Singh Chaplot}, Devendra and {de las Casas}, Diego and {Bressand}, Florian and {Lengyel}, Gianna and {Lample}, Guillaume and {Saulnier}, Lucile and {Renard Lavaud}, L{\'e}lio and {Lachaux}, Marie-Anne and {Stock}, Pierre and {Le Scao}, Teven and {Lavril}, Thibaut and {Wang}, Thomas and {Lacroix}, Timoth{\'e}e and {El Sayed}, William},
	year         = 2023,
	month        = oct,
	journal      = {arXiv e-prints},
	doi          = {10.48550/arXiv.2310.06825},
	keywords     = {Computer Science - Computation and Language, Computer Science - Artificial Intelligence, Computer Science - Machine Learning}
}

@article{10.1145/3556538,
author = {Benedetto, Luca and Cremonesi, Paolo and Caines, Andrew and Buttery, Paula and Cappelli, Andrea and Giussani, Andrea and Turrin, Roberto},
title = {A Survey on Recent Approaches to Question Difficulty Estimation from Text},
year = {2023},
issue_date = {September 2023},
publisher = {Association for Computing Machinery},
address = {New York, NY, USA},
volume = {55},
number = {9},
issn = {0360-0300},
doi = {10.1145/3556538},
journal = {ACM Comput. Surv.},
month = jan,
articleno = {178},
numpages = {37},
keywords = {student assessment, question calibration, Question difficulty estimation}
}