@article{cit:url,
	      title={http://vacommunity.org/VAST+Challenge+2018}
}
@article{eberle2007anomaly,
  title={Anomaly detection in data represented as graphs},
  author={Eberle, William and Holder, Lawrence},
  journal={Intelligent Data Analysis},
  volume={11},
  number={6},
  pages={663--689},
  year={2007},
  publisher={IOS Press}
}
@article{depren2005intelligent,
  title={An intelligent intrusion detection system (IDS) for anomaly and misuse detection in computer networks},
  author={Depren, Ozgur and Topallar, Murat and Anarim, Emin and Ciliz, M Kemal},
  journal={Expert systems with Applications},
  volume={29},
  number={4},
  pages={713--722},
  year={2005},
  publisher={Elsevier}
}
@inproceedings{ketkar2005subdue,
  title={Subdue: Compression-based frequent pattern discovery in graph data},
  author={Ketkar, Nikhil S and Holder, Lawrence B and Cook, Diane J},
  booktitle={Proceedings of the 1st international workshop on open source data mining: frequent pattern mining implementations},
  pages={71--76},
  year={2005},
  organization={ACM}
}
@book{rissanen1985minimum,
  title={Minimum description length principle},
  author={Rissanen, Jorma},
  year={1985},
  publisher={Wiley Online Library}
}
@article{vaqar2009traffic,
  title={Traffic pattern detection in a partially deployed vehicular ad hoc network of vehicles},
  author={Vaqar, Sayyid A and Basir, Otman},
  journal={IEEE Wireless Communications},
  volume={16},
  number={6},
  year={2009},
  publisher={IEEE}
}
@inproceedings{FLAIRS1715403,
  title={Novel Graph Based Anomaly Detection Using Background Knowledge},
  author={Velampalli, Sirisha and Eberle, William},
  booktitle={Florida AI Research Society (FLAIRS), May 2017}
  }

@inproceedings{mookiah2014detecting,
  title={Detecting suspicious behavior using a graph-based approach},
  author={Mookiah, Lenin and Eberle, William and Holder, Lawrence},
  booktitle={Visual Analytics Science and Technology (VAST), 2014 IEEE Conference on},
  pages={357--358},
  year={2014},
  organization={IEEE}
}
@inproceedings{michalak2011graph,
  title={Graph mining approach to suspicious transaction detection},
  author={Michalak, Krzysztof and Korczak, Jerzy},
  booktitle={Computer Science and Information Systems (FedCSIS), 2011 Federated Conference on},
  pages={69--75},
  year={2011},
  organization={IEEE}
}
@inproceedings{jedrzejek2009graph,
  title={Graph mining for detection of a large class of financial crimes},
  author={Jedrzejek, Czeslaw and Bak, J and Falkowski, M},
  booktitle={17th International Conference on Conceptual Structures, Moscow, Russia},
  volume={46},
  year={2009}
}
@inproceedings{velampalli2016novel,
  title={Novel Application of MapReduce and Conceptual Graphs},
  author={Velampalli, Sirisha and Eberle, William},
  booktitle={Computational Science and Computational Intelligence (CSCI), 2016 International Conference on},
  pages={1107--1112},
  year={2016},
  organization={IEEE}
}

@article{chen2018two,
  title={A Two-Step Resume Information Extraction Algorithm},
  author={Chen, Jie and Zhang, Chunxia and Niu, Zhendong},
  journal={Mathematical Problems in Engineering},
  volume={2018},
  year={2018},
  publisher={Hindawi}
}

@inproceedings{maheshwari2010approach,
  title={An approach to extract special skills to improve the performance of resume selection},
  author={Maheshwari, Sumit and Sainani, Abhishek and Reddy, P Krishna},
  booktitle={International Workshop on Databases in Networked Information Systems},
  pages={256--273},
  year={2010},
  organization={Springer}
}
@inproceedings{lai2016careermapper,
  title={CareerMapper: An automated resume evaluation tool},
  author={Lai, Vivian and Shim, Kyong Jin and Oentaryo, Richard J and Prasetyo, Philips K and Vu, Casey and Lim, Ee-Peng and Lo, David},
  booktitle={2016 IEEE International Conference on Big Data (Big Data)},
  pages={4005--4007},
  year={2016},
  organization={IEEE}
}
@inproceedings{nasr2019assessment,
  title={Assessment of Graduate Students' Resumes Using Short Text Searching Method},
  author={Nasr, Sara and German, Oleg},
  booktitle={2019 IEEE Second International Conference on Artificial Intelligence and Knowledge Engineering (AIKE)},
  pages={306--308},
  year={2019},
  organization={IEEE}
}
@article{nguyen2016hirability,
  title={Hirability in the wild: Analysis of online conversational video resumes},
  author={Nguyen, Laurent Son and Gatica-Perez, Daniel},
  journal={IEEE Transactions on Multimedia},
  volume={18},
  number={7},
  pages={1422--1437},
  year={2016},
  publisher={IEEE}
}

 @InProceedings{MohammadKZ2013,
  author    = {Mohammad, Saif and Kiritchenko, Svetlana and Zhu, Xiaodan},
  title     = {NRC-Canada: Building the State-of-the-Art in Sentiment Analysis of Tweets},
  booktitle = {Proceedings of the seventh international workshop on Semantic Evaluation Exercises (SemEval-2013)},
  month     = {June},
  year      = {2013},
  address   = {Atlanta, Georgia, USA}
}

@article{mikolov2013word2vec,
  title={word2vec},
  author={Mikolov, Tomas and Chen, Kai and Corrado, Greg and Dean, Jeffrey and Sutskever, L and Zweig, G},
  journal={URL https://code. google. com/p/word2vec},
  year={2013}
}


@inproceedings{pennington2014glove,
  title={Glove: Global vectors for word representation},
  author={Pennington, Jeffrey and Socher, Richard and Manning, Christopher},
  booktitle={Proceedings of the 2014 conference on empirical methods in natural language processing (EMNLP)},
  pages={1532--1543},
  year={2014}
}

@article{DBLP:journals/corr/abs-1904-12787,
  author    = {Yujia Li and
               Chenjie Gu and
               Thomas Dullien and
               Oriol Vinyals and
               Pushmeet Kohli},
  title     = {Graph Matching Networks for Learning the Similarity of Graph Structured
               Objects},
  journal   = {CoRR},
  volume    = {abs/1904.12787},
  year      = {2019},
  url       = {http://arxiv.org/abs/1904.12787},
  archivePrefix = {arXiv},
  eprint    = {1904.12787},
  timestamp = {Thu, 02 May 2019 15:13:44 +0200},
  biburl    = {https://dblp.org/rec/bib/journals/corr/abs-1904-12787},
  bibsource = {dblp computer science bibliography, https://dblp.org}
}

@article{DBLP:journals/corr/PerozziAS14,
  author    = {Bryan Perozzi and
               Rami Al{-}Rfou and
               Steven Skiena},
  title     = {DeepWalk: Online Learning of Social Representations},
  journal   = {CoRR},
  volume    = {abs/1403.6652},
  year      = {2014},
  url       = {http://arxiv.org/abs/1403.6652},
  archivePrefix = {arXiv},
  eprint    = {1403.6652},
  timestamp = {Mon, 13 Aug 2018 16:46:44 +0200},
  biburl    = {https://dblp.org/rec/bib/journals/corr/PerozziAS14},
  bibsource = {dblp computer science bibliography, https://dblp.org}
}

@inproceedings{ganguly2012graph,
  title={Graph semantic based semi structured data management for insurance industry: A case study},
  author={Ganguly, Rita and Sarkar, Anirban},
  booktitle={2012 NATIONAL CONFERENCE ON COMPUTING AND COMMUNICATION SYSTEMS},
  pages={1--6},
  year={2012},
  organization={IEEE}
}
@inproceedings{finn2004multi,
  title={Multi-level boundary classification for information extraction},
  author={Finn, Aidan and Kushmerick, Nicholas},
  booktitle={European Conference on Machine Learning},
  pages={111--122},
  year={2004},
  organization={Springer}
}

@article{peng2006information,
  title={Information extraction from research papers using conditional random fields},
  author={Peng, Fuchun and McCallum, Andrew},
  journal={Information processing \& management},
  volume={42},
  number={4},
  pages={963--979},
  year={2006},
  publisher={Elsevier}
}

@inproceedings{johnston2001information,
  title={Information extraction by text classication},
  author={Johnston, E and Kushmerick, N and McGuinness, S},
  booktitle={IJ-CAI01 Workshop on Adaptive Text Extraction and Mining},
  year={2001}
}

@article{concepts2006technique,
  title={Technique, Jiawei Han and Micheline Kamber},
  author={Concepts, Data Mining},
  journal={University of Illinois at Urbana-Champaign,},
  year={2006}
}

@unpublished{spacy2,
    AUTHOR = {Honnibal, Matthew and Montani, Ines},
    TITLE  = {{spaCy 2}: Natural language understanding with {B}loom embeddings, convolutional neural networks and incremental parsing},
    YEAR   = {2017},
    Note   = {To appear}
}

@misc{neo4j,
  author = {Neo4j.com},
  title = {Neo4j Graph Database},
  year = 2007,
  url = {https://neo4j.com/},
  urldate = {2019-11-19}
}







j