@misc{chen2015train,
  title       = {Trainable Nonlinear Reaction Diffusion: A Flexible Framework for Fast and Effective Image Restoration},
  author      = {Chen, Y. and Pock, T.},
  howpublished = {\url{https://arxiv.org/abs/1508.02848}},
  year        = {2015},
  note        = {arXiv:1508.02848}
}

@inproceedings{fsrcnn,
  title     = {Accelerating the Super-Resolution Convolutional Neural Network},
  author    = {Dong, C. and Loy, C. C. and Tang, X.},
  booktitle = {ECCV},
  year      = {2016}
}

@inproceedings{jahnavi2024study,
  title     = {A Comparative Study Of Super-Resolution Interpolation Techniques: Insights For Selecting The Most Appropriate Method},
  author    = {Jahnavia, M. and Raob, D. R. and Sujathac, A.},
  booktitle = {International Conference on Innovative Data Communication Technologies and Application},
  year      = {2024}
}

@inproceedings{lei2024dvmsr,
  title     = {DVMSR: Distillated Vision Mamba for Efficient Super-Resolution},
  author    = {Lei, X. and Zhang, W. and Cao, W.},
  booktitle = {ICCV},
  year      = {2024}
}

@article{mathur2021real,
  title     = {A Real-Time Super-Resolution for Surveillance Thermal Cameras Using Optimized Pipeline on Embedded Edge Device},
  author    = {Mathur, P. and others},
  journal   = {IEEE AVSS},
  year      = {2021}
}

@inproceedings{navarrete2022edge,
  title     = {Edge-SR: Super-Resolution for the Masses},
  author    = {Navarrete Michelini, P. and Lu, Y. and Jiang, X.},
  booktitle = {WACV},
  year      = {2022}
}

@inproceedings{ntire,
  title     = {Ntire 2023 Challenge on Efficient Super-Resolution: Methods and Results},
  author    = {Li, Y. and Zhang, Y. and others},
  booktitle = {CVPR Workshops},
  year      = {2023}
}

@inproceedings{perez2023efficient,
  title     = {An Efficient Facial Verification System for Surveillance That Automatically Selects a Lightweight CNN Method and Utilizes Super-Resolution Images},
  author    = {Perez-Montes, F. and Olivares-Mercado, J. and Sanchez-Perez, G.},
  booktitle = {MICAI},
  year      = {2023}
}

@inproceedings{rlfn,
  title     = {Residual Local Feature Network for Efficient Super-Resolution},
  author    = {Kong, F. and Li, M. and Liu, S. and Liu, D. and He, J. and Bai, Y. and Chen, F. and Fu, L.},
  booktitle = {CVPR},
  year      = {2022}
}

@inproceedings{shi2016real,
  title     = {Real-Time Single Image and Video Super-Resolution Using an Efficient Sub-Pixel Convolutional Neural Network},
  author    = {Shi, W. and others},
  booktitle = {CVPR},
  year      = {2016}
}

@inproceedings{srcnn,
  title     = {Image Super-Resolution Using Deep Convolutional Networks},
  author    = {Dong, C. and Loy, C. C. and He, K. and Tang, X.},
  booktitle = {ECCV},
  year      = {2014}
}

@article{srmamba,
  title   = {SRMamba-T: Exploring the Hybrid Mamba-Transformer Network for Single Image Super-Resolution},
  author  = {Liu, C. and Zhang, D. and Lu, G. and Yin, W. and Wang, J. and Luo, G.},
  journal = {Elsevier},
  year    = {2025}
}

@inproceedings{visionmamba,
  title     = {Vision Mamba: Efficient Visual Representation Learning with Bidirectional State Space Model},
  author    = {Zhu, L. and Liao, B. and Zhang, Q. and Wang, X. and Liu, W. and Wang, X.},
  booktitle = {ICML},
  year      = {2024}
}

@article{wang2024eshp,
  title   = {An Intelligent Co-Scheduling Framework for Efficient Super-Resolution on Edge Platforms},
  author  = {Wang, Q. and others},
  journal = {IEEE IoT Journal},
  year    = {2024}
}

@inproceedings{zhu2024visionmamba,
  title     = {Vision Mamba: Efficient Visual Representation Learning with Bidirectional State Space Model},
  author    = {Zhu, L. and Liao, B. and Zhang, Q. and Wang, X. and Liu, W. and Wang, X.},
  howpublished = {\url{https://arxiv.org/abs/2401.09417}},
  year      = {2024},
  note      = {arXiv:2401.09417}
}

