@IEEEtranBSTCTL{IEEEexample:BSTcontrol,
  CTLdash_repeated_names = "no"
}

@book{genai,
  title     = {Generative AI},
  author    = {Feuerriegel, S. and Hartmann, J. and Janiesch, C. and Zschech, P.},
  publisher = {Springer},
  year      = {2023}
}

@inproceedings{transformer,
  title     = {Attention Is All You Need},
  author    = {Vaswani, A. and Shazeer, N. and Parmar, N. and others},
  booktitle = {NeurIPS},
  year      = {2017}
}

@inproceedings{llmaug,
  title     = {Using LLMs for Augmenting Hierarchical Agents with Common Sense Priors},
  author    = {Prakash, B. and Oates, T. and Mohsenin, T.},
  booktitle = {International FLAIRS Conference Proceedings},
  volume    = {37},
  year      = {2024}
}

@inproceedings{yu2023review,
    author = {Yu, M. and Shi J. and Xue C. and others},
    title = {A review of single image super-resolution reconstruction based on deep learning},
    booktitle = {Springer},
    year = {2023}
}

@inproceedings{fatrabbit,
  title     = {FAT-RABBIT: Fault-Aware Training towards Robustness Against Bit-flip Based Attacks in Deep Neural Networks},
  author    = {Pourmehrani, H. and Bahrami, J. and others},
  booktitle = {2024 IEEE International Test Conference (ITC)},
  year      = {2024}
}

@article{navardi2024metatinyml,
  title   = {MetaTinyML: End-to-End Metareasoning Framework for TinyML Platforms},
  author  = {Navardi, M. and Humes, E. and Mohsenin, T.},
  journal = {IEEE Embedded Systems Letters},
  year    = {2024}
}

@inproceedings{kallakuri2024resource,
  title     = {Resource-Aware Saliency-Guided Differentiable Pruning for Deep Neural Networks},
  author    = {Kallakuri, U. and Humes, E. and Mohsenin, T.},
  booktitle = {Proceedings of the Great Lakes Symposium on VLSI},
  year      = {2024}
}

@misc{rashid2024tinym,
  title       = {TinyM2 Net-V3: Memory-Aware Compressed Multimodal Deep Neural Networks for Sustainable Edge Deployment},
  author      = {Rashid, H. and Mohsenin, T.},
  howpublished = {\url{https://arxiv.org/abs/2405.12353}},
  year        = {2024},
  note        = {arXiv:2405.12353}
}

@misc{bao2025decentralised,
  title       = {Decentralised Resource Sharing in TinyML: Wireless Bilayer Gossip Parallel SGD for Collaborative Learning},
  author      = {Bao, Z. and Kanjo, E. and Banerjee, S. and Rashid, H. and Mohsenin, T.},
  howpublished = {\url{https://arxiv.org/abs/2501.04817}},
  year        = {2025},
  note        = {arXiv:2501.04817}
}

@misc{reprohrl,
  title       = {ReProHRL: Towards Multi-Goal Navigation in the Real World Using Hierarchical Agents},
  author      = {Manjunath, T. and Navardi, M. and Dixit, P. and Mohsenin, T.},
  howpublished = {\url{https://arxiv.org/abs/2308.08737}},
  year        = {2023},
  note        = {arXiv:2308.08737}
}

@inproceedings{mlae2,
  title     = {Mlae2: Metareasoning for Latency-Aware Energy-Efficient Autonomous Nano-Drones},
  author    = {Navardi, M. and Mohsenin, T.},
  booktitle = {2023 IEEE International Symposium on Circuits and Systems (ISCAS)},
  year      = {2023}
}

@inproceedings{navarrete2022edge,
  title     = {Edge-SR: Super-Resolution for the Masses},
  author    = {Navarrete Michelini, P. and Lu, Y. and Jiang, X.},
  booktitle = {WACV},
  year      = {2022}
}

@article{wang2024eshp,
  title   = {An Intelligent Co-Scheduling Framework for Efficient Super-Resolution on Edge Platforms},
  author  = {Wang, Q. and others},
  journal = {IEEE IoT Journal},
  year    = {2024}
}

@article{mazumder2024reg,
  title   = {Reg-tune: A Regression-Focused Fine-Tuning Approach for Profiling Low Energy Consumption and Latency},
  author  = {Mazumder, A. and Safavi, F. and Rahnemoonfar, M. and Mohsenin, T.},
  journal = {IEEE IoT Journal},
  year    = {2024}
}

@article{meta,
  title   = {MetaE2RL: Toward Meta-Reasoning for Energy-Efficient Multigoal Reinforcement Learning With Squeezed-Edge You Only Look Once},
  author  = {Navardi, M. and Humes, E. and Manjunath, T. and Mohsenin, T.},
  journal = {IEEE Micro},
  year    = {2023}
}

@inproceedings{yolo,
  title     = {Squeezed Edge YOLO: Onboard Object Detection on Edge Devices},
  author    = {Humes, E. and Navardi, M. and Mohsenin, T.},
  booktitle = {NeurIPS},
  year      = {2023}
}

@article{water,
  title   = {Robust Face Recognition via Sparse Representation},
  author  = {Wright, J. and Yang, A. Y. and Ganesh, A. and Sastry, S. S. and Ma, Y.},
  journal = {IEEE Transactions on Pattern Analysis and Machine Intelligence},
  year    = {2009}
}

@inproceedings{srcnn,
  title     = {Image Super-Resolution Using Deep Convolutional Networks},
  author    = {Dong, C. and Loy, C. C. and He, K. and Tang, X.},
  booktitle = {ECCV},
  year      = {2014}
}

@inproceedings{vdsr,
  title     = {Accurate Image Super-Resolution Using Very Deep Convolutional Networks},
  author    = {Kim, J. and Lee, J. K. and Lee, K. M.},
  booktitle = {CVPR},
  year      = {2016}
}

@inproceedings{fsrcnn,
  title     = {Accelerating the Super-Resolution Convolutional Neural Network},
  author    = {Dong, C. and Loy, C. C. and Tang, X.},
  booktitle = {ECCV},
  year      = {2016}
}

@inproceedings{rcan,
  title     = {Image Super-Resolution Using Very Deep Residual Channel Attention Networks},
  author    = {Zhang, Y. and Li, K. and Li, K. and others},
  booktitle = {CVPR},
  year      = {2018}
}

@inproceedings{edsr,
  title     = {Enhanced Deep Residual Networks for Single Image Super-Resolution},
  author    = {Lim, B. and Son, S. and Kim, H. and Nah, S. and Lee, K. M.},
  booktitle = {CVPR Workshops},
  year      = {2017}
}

@inproceedings{denoiser,
  title     = {Learning Deep CNN Denoiser Prior for Image Restoration},
  author    = {Zhang, K. and Zuo, W. and Gu, S. and Zhang, L.},
  booktitle = {CVPR},
  year      = {2017}
}

@article{eshr,
  title   = {Efficient Self-Calibrated and Hierarchical Refinement Network for Lightweight Super-Resolution},
  author  = {Zhang, W. and Pan, L. and Xu, K. and Li, G. and Lv, Y.},
  journal = {Elsevier},
  year    = {2024}
}

@inproceedings{esr,
  title     = {ESR-DDLN: Enhanced Single Image Super-Resolution Via Dual-Domain Learning Network},
  author    = {He, Z. and Zhang, S. and others},
  booktitle = {ICME},
  year      = {2024}
}

@article{mafdn,
  title   = {A Multi-Attention Feature Distillation Neural Network for Lightweight Single Image Super-Resolution},
  author  = {Zhang, Y. and Lin, X. and Yang, H. and others},
  journal = {International Journal of Intelligent Systems},
  year    = {2024}
}

@misc{mamba,
  title       = {Mamba: Linear-Time Sequence Modeling with Selective State Spaces},
  author      = {Gu, A. and Dao, T.},
  howpublished = {\url{https://arxiv.org/abs/2312.00752}},
  year        = {2023},
  note        = {arXiv:2312.00752}
}

@inproceedings{visionmamba,
  title     = {Vision Mamba: Efficient Visual Representation Learning with Bidirectional State Space Model},
  author    = {Zhu, L. and Liao, B. and Zhang, Q. and Wang, X. and Liu, W. and Wang, X.},
  booktitle = {ICML},
  year      = {2024}
}

@misc{mambavision,
  title       = {MambaVision: A Hybrid Mamba-Transformer Vision Backbone},
  author      = {Hatamizadeh, A. and Kautz, J.},
  howpublished = {\url{https://arxiv.org/abs/2407.08083}},
  year        = {2024},
  note        = {arXiv:2407.08083}
}

@inproceedings{rlfn,
  title     = {Residual Local Feature Network for Efficient Super-Resolution},
  author    = {Kong, F. and Li, M. and Liu, S. and Liu, D. and He, J. and Bai, Y. and Chen, F. and Fu, L.},
  booktitle = {CVPR},
  year      = {2022}
}

@inproceedings{lei2024dvmsr,
  title     = {DVMSR: Distillated Vision Mamba for Efficient Super-Resolution},
  author    = {Lei, X. and Zhang, W. and Cao, W.},
  booktitle = {ICCV},
  year      = {2024}
}

@misc{himamba,
  title       = {Hi-Mamba: Hierarchical Mamba for Efficient Image Super-Resolution},
  author      = {Qiao, J. and Liao, J. and Li, W. and Zhang, Y. and Guo, Y. and Wen, Y. and Qiu, Z. and Xie, J. and Hu, J. and Lin, S.},
  howpublished = {\url{https://arxiv.org/abs/2410.10140}},
  year        = {2024},
  note        = {arXiv:2410.10140}
}

@article{srmamba,
  title   = {SRMamba-T: Exploring the Hybrid Mamba-Transformer Network for Single Image Super-Resolution},
  author  = {Liu, C. and Zhang, D. and Lu, G. and Yin, W. and Wang, J. and Luo, G.},
  journal = {Elsevier},
  year    = {2025}
}

@inproceedings{lora,
  title     = {LoRA: Low-Rank Adaptation of Large Language Models},
  author    = {Hu, E. J. and Shen, Y. and Wallis, P. and Allen-Zhu, Z. and Li, Y. and Wang, S. and Wang, L. and Chen, W.},
  booktitle = {ICLR},
  year      = {2022}
}

@misc{orin,
  title       = {NVIDIA Jetson Orin},
  howpublished = {\url{https://www.nvidia.com/en-us/autonomous-machines/embedded-systems/jetson-orin/}},
  note        = {Accessed: 2024}
}

@inproceedings{jahnavi2024study,
  title     = {A Comparative Study Of Super-Resolution Interpolation Techniques: Insights For Selecting The Most Appropriate Method},
  author    = {Jahnavia, M. and Raob, D. R. and Sujathac, A.},
  booktitle = {International Conference on Innovative Data Communication Technologies and Application},
  year      = {2024}
}

@misc{chen2015train,
  title       = {Trainable Nonlinear Reaction Diffusion: A Flexible Framework for Fast and Effective Image Restoration},
  author      = {Chen, Y. and Pock, T.},
  howpublished = {\url{https://arxiv.org/abs/1508.02848}},
  year        = {2015},
  note        = {arXiv:1508.02848}
}

@inproceedings{shi2016real,
  title     = {Real-Time Single Image and Video Super-Resolution Using an Efficient Sub-Pixel Convolutional Neural Network},
  author    = {Shi, W. and others},
  booktitle = {CVPR},
  year      = {2016}
}

@inproceedings{dong2016accel,
  title     = {Accelerating the Superâ€“Resolution Convolutional Neural Network},
  author    = {Dong, C. and Change Loy, C. and Tang, X.},
  booktitle = {ECCV},
  year      = {2016}
}

@inproceedings{ntire,
  title     = {Ntire 2023 Challenge on Efficient Super-Resolution: Methods and Results},
  author    = {Li, Y. and Zhang, Y. and others},
  booktitle = {CVPR Workshops},
  year      = {2023}
}

@inproceedings{zhu2024visionmamba,
  title     = {Vision Mamba: Efficient Visual Representation Learning with Bidirectional State Space Model},
  author    = {Zhu, L. and Liao, B. and Zhang, Q. and Wang, X. and Liu, W. and Wang, X.},
  howpublished = {\url{https://arxiv.org/abs/2401.09417}},
  year      = {2024},
  note      = {arXiv:2401.09417}
}

@article{mathur2021real,
  title     = {A Real-Time Super-Resolution for Surveillance Thermal Cameras Using Optimized Pipeline on Embedded Edge Device},
  author    = {Mathur, P. and others},
  journal   = {IEEE AVSS},
  year      = {2021}
}

@inproceedings{perez2023efficient,
  title     = {An Efficient Facial Verification System for Surveillance That Automatically Selects a Lightweight CNN Method and Utilizes Super-Resolution Images},
  author    = {Perez-Montes, F. and Olivares-Mercado, J. and Sanchez-Perez, G.},
  booktitle = {MICAI},
  year      = {2023}
}

@inproceedings{freq,
  title     = {Multiframe Image Restoration and Registration},
  author    = {Tsai, R. Y. and Huang, T. S.},
  booktitle = {Advances in Computer Vision and Image Processing},
  year      = {1984}
}

@article{problem,
  title   = {Limits on Super-Resolution and How to Break Them},
  author  = {Baker, S. and Kanade, T.},
  journal = {IEEE Transactions on Pattern Analysis and Machine Intelligence},
  year    = {2002}
}

@inproceedings{div2k,
  title     = {Ntire 2017 Challenge on Single Image Super-Resolution: Methods and Results},
  author    = {Timofte, R. and others},
  booktitle = {CVPR Workshops},
  year      = {2017}
}

@inproceedings{set5,
  title     = {Low-Complexity Single-Image Super-Resolution Based on Nonnegative Neighbor Embedding},
  author    = {Bevilacqua, M. and Roumy, A. and Guillemot, C. and Alberi-Morel, M.},
  booktitle = {BMVC},
  year      = {2012}
}

@inproceedings{set14,
  title     = {On Single Image Scale-Up Using Sparse-Representations},
  author    = {Zeyde, R. and Elad, M. and Protter, M.},
  booktitle = {Curves and Surfaces},
  year      = {2010}
}

@inproceedings{bsd100,
  title     = {A Database of Human Segmented Natural Images and Its Application to Evaluating Segmentation Algorithms and Measuring Ecological Statistics},
  author    = {Martin, D. R. and Fowlkes, C. C. and Tal, D. and Malik, J.},
  booktitle = {ICCV},
  year      = {2001}
}

@inproceedings{urban100,
  title     = {Single Image Super-Resolution from Transformed Self-Exemplars},
  author    = {Huang, J. and Singh, A. and Ahuja, N.},
  booktitle = {CVPR},
  year      = {2015}
}

@misc{lambda,
  title       = {Lambda GPU Server},
  howpublished = {\url{https://lambdalabs.com/}},
  note        = {Accessed: 2024}
}

@article{vitreg,
  title   = {ViT-Reg: Regression-Focused Hardware-Aware Fine-Tuning for ViT on tinyML Platforms},
  author  = {Shaharear, M. R. and Mazumder, A. N. and Mohsenin, T.},
  journal = {IEEE Design \& Test},
  year    = {2024}
}

@misc{nano,
  title       = {Jetson Orin Nano Super Developer Kit},
  howpublished = {\url{https://www.nvidia.com/en-us/autonomous-machines/embedded-systems/jetson-orin/nano-super-developer-kit/}},
  note        = {Accessed: 2024}
}

@misc{tegrastats,
  title       = {Tegrastats Utility},
  howpublished = {\url{https://docs.nvidia.com/jetson/archives/r34.1/DeveloperGuide/text/AT/JetsonLinuxDevelopmentTools/TegrastatsUtility.html}},
  note        = {Accessed: 2024}
}

@misc{xavier,
  title       = {NVIDIA Jetson AGX Xavier GPU},
  howpublished = {\url{https://www.nvidia.com/en-us/autonomous-machines/embedded-systems/jetson-agx-xavier/}},
  note        = {Accessed: 2024}
}

@misc{wandb,
  title       = {Weights \& Biases},
  howpublished = {\url{https://wandb.ai/}},
  note        = {Accessed: 2024}
}
