@misc{BART,
      title={BART: Denoising Sequence-to-Sequence Pre-training for Natural Language Generation, Translation, and Comprehension}, 
      author={Mike Lewis and Yinhan Liu and Naman Goyal and Marjan Ghazvininejad and Abdelrahman Mohamed and Omer Levy and Ves Stoyanov and Luke Zettlemoyer},
      year={2019},
      eprint={1910.13461},
      archivePrefix={arXiv},
      primaryClass={cs.CL},
      url={https://arxiv.org/abs/1910.13461}, 
}

@misc{GptNeo,
      title={GPT-NeoX-20B: An Open-Source Autoregressive Language Model}, 
      author={Sid Black and Stella Biderman and Eric Hallahan and Quentin Anthony and Leo Gao and Laurence Golding and Horace He and Connor Leahy and Kyle McDonell and Jason Phang and Michael Pieler and USVSN Sai Prashanth and Shivanshu Purohit and Laria Reynolds and Jonathan Tow and Ben Wang and Samuel Weinbach},
      year={2022},
      eprint={2204.06745},
      archivePrefix={arXiv},
      primaryClass={cs.CL},
      url={https://arxiv.org/abs/2204.06745}, 
}

@misc{OLMO,
      title={OLMo: Accelerating the Science of Language Models}, 
      author={Dirk Groeneveld and Iz Beltagy and Pete Walsh and Akshita Bhagia and Rodney Kinney and Oyvind Tafjord and Ananya Harsh Jha and Hamish Ivison and Ian Magnusson and Yizhong Wang and Shane Arora and David Atkinson and Russell Authur and Khyathi Raghavi Chandu and Arman Cohan and Jennifer Dumas and Yanai Elazar and Yuling Gu and Jack Hessel and Tushar Khot and William Merrill and Jacob Morrison and Niklas Muennighoff and Aakanksha Naik and Crystal Nam and Matthew E. Peters and Valentina Pyatkin and Abhilasha Ravichander and Dustin Schwenk and Saurabh Shah and Will Smith and Emma Strubell and Nishant Subramani and Mitchell Wortsman and Pradeep Dasigi and Nathan Lambert and Kyle Richardson and Luke Zettlemoyer and Jesse Dodge and Kyle Lo and Luca Soldaini and Noah A. Smith and Hannaneh Hajishirzi},
      year={2024},
      eprint={2402.00838},
      archivePrefix={arXiv},
      primaryClass={cs.CL},
      url={https://arxiv.org/abs/2402.00838}
}

@misc{RoBERTa,
      title={RoBERTa: A Robustly Optimized BERT Pretraining Approach}, 
      author={Yinhan Liu and Myle Ott and Naman Goyal and Jingfei Du and Mandar Joshi and Danqi Chen and Omer Levy and Mike Lewis and Luke Zettlemoyer and Veselin Stoyanov},
      year={2019},
      eprint={1907.11692},
      archivePrefix={arXiv},
      primaryClass={cs.CL},
      url={https://arxiv.org/abs/1907.11692}, 
}

@misc{XLMRoBERTa,
      title={Unsupervised Cross-lingual Representation Learning at Scale}, 
      author={Alexis Conneau and Kartikay Khandelwal and Naman Goyal and Vishrav Chaudhary and Guillaume Wenzek and Francisco Guzmán and Edouard Grave and Myle Ott and Luke Zettlemoyer and Veselin Stoyanov},
      year={2020},
      eprint={1911.02116},
      archivePrefix={arXiv},
      primaryClass={cs.CL},
      url={https://arxiv.org/abs/1911.02116}, 
}

@misc{bff,
      author={Dirk Groeneveld},
      title={The Big Friendly Filter}, 
      howpublished = {https://github.com/allenai/bff},
      year = {2023},
      note = {Accessed: 2024-12-24}
}

@misc{cerebras2023slimpajama,
  author = {Soboleva, Daria and Al-Khateeb, Faisal and Myers, Robert and Steeves, Jacob R and Hestness, Joel and Dey, Nolan},
  title = {{SlimPajama: A 627B token cleaned and deduplicated version of RedPajama}},
  month = Jun,
  year = {2023},
  howpublished = {\url{https://www.cerebras.net/blog/slimpajama-a-627b-token-cleaned-and-deduplicated-version-of-redpajama}},
  url = {https://huggingface.co/datasets/cerebras/SlimPajama-627B},
}

@misc{commoncrawl,
      author={Common Crawl}, 
      howpublished = {https://commoncrawl.org/},
    note = {Accessed: 2024-12-24},
     year = {2007}
}

@article{conneu2019cc100,
  author       = {Alexis Conneau and
                  Kartikay Khandelwal and
                  Naman Goyal and
                  Vishrav Chaudhary and
                  Guillaume Wenzek and
                  Francisco Guzm{\'{a}}n and
                  Edouard Grave and
                  Myle Ott and
                  Luke Zettlemoyer and
                  Veselin Stoyanov},
  title        = {Unsupervised Cross-lingual Representation Learning at Scale},
  journal      = {CoRR},
  volume       = {abs/1911.02116},
  year         = {2019},
  url          = {http://arxiv.org/abs/1911.02116},
  eprinttype    = {arXiv},
  eprint       = {1911.02116},
}

@misc{falcon,
      title={The Falcon Series of Open Language Models}, 
      author={Ebtesam Almazrouei and Hamza Alobeidli and Abdulaziz Alshamsi and Alessandro Cappelli and Ruxandra Cojocaru and Mérouane Debbah and Étienne Goffinet and Daniel Hesslow and Julien Launay and Quentin Malartic and Daniele Mazzotta and Badreddine Noune and Baptiste Pannier and Guilherme Penedo},
      year={2023},
      eprint={2311.16867},
      archivePrefix={arXiv},
      primaryClass={cs.CL},
      url={https://arxiv.org/abs/2311.16867}
}

@misc{gao2020pile,
      title={The Pile: An 800GB Dataset of Diverse Text for Language Modeling}, 
      author={Leo Gao and Stella Biderman and Sid Black and Laurence Golding and Travis Hoppe and Charles Foster and Jason Phang and Horace He and Anish Thite and Noa Nabeshima and Shawn Presser and Connor Leahy},
      year={2020},
      eprint={2101.00027},
      archivePrefix={arXiv},
      primaryClass={cs.CL},
      url={https://arxiv.org/abs/2101.00027}, 
}

@inproceedings{joulin2017bag,
    title = "Bag of Tricks for Efficient Text Classification",
    author = "Joulin, Armand  and
      Grave, Edouard  and
      Bojanowski, Piotr  and
      Mikolov, Tomas",
    editor = "Lapata, Mirella  and
      Blunsom, Phil  and
      Koller, Alexander",
    booktitle = "Proceedings of the 15th Conference of the {E}uropean Chapter of the Association for Computational Linguistics: Volume 2, Short Papers",
    month = apr,
    year = "2017",
    address = "Valencia, Spain",
    publisher = "Association for Computational Linguistics",
    url = "https://aclanthology.org/E17-2068",
    pages = "427--431"
}

@misc{justext,
      author={JusText Library}, 
      howpublished = {https://pypi.org/project/jusText/},
    note = {Accessed: 2024-12-24},
     year={2024}
}

@misc{langdetect,
      author={Langdetect Library}, 
      howpublished = {https://pypi.org/project/langdetect/},
    note = {Accessed: 2024-12-24},
    year = {2014}
}

@misc{li2024datacomplm,
      title={DataComp-LM: In search of the next generation of training sets for language models}, 
      author={Jeffrey Li and Alex Fang and Georgios Smyrnis and Maor Ivgi and Matt Jordan and Samir Gadre and Hritik Bansal and Etash Guha and Sedrick Keh and Kushal Arora and Saurabh Garg and Rui Xin and Niklas Muennighoff and Reinhard Heckel and Jean Mercat and Mayee Chen and Suchin Gururangan and Mitchell Wortsman and Alon Albalak and Yonatan Bitton and Marianna Nezhurina and Amro Abbas and Cheng-Yu Hsieh and Dhruba Ghosh and Josh Gardner and Maciej Kilian and Hanlin Zhang and Rulin Shao and Sarah Pratt and Sunny Sanyal and Gabriel Ilharco and Giannis Daras and Kalyani Marathe and Aaron Gokaslan and Jieyu Zhang and Khyathi Chandu and Thao Nguyen and Igor Vasiljevic and Sham Kakade and Shuran Song and Sujay Sanghavi and Fartash Faghri and Sewoong Oh and Luke Zettlemoyer and Kyle Lo and Alaaeldin El-Nouby and Hadi Pouransari and Alexander Toshev and Stephanie Wang and Dirk Groeneveld and Luca Soldaini and Pang Wei Koh and Jenia Jitsev and Thomas Kollar and Alexandros G. Dimakis and Yair Carmon and Achal Dave and Ludwig Schmidt and Vaishaal Shankar},
      year={2024},
      eprint={2406.11794},
      archivePrefix={arXiv},
      primaryClass={cs.LG},
      url={https://arxiv.org/abs/2406.11794}, 
}

@inproceedings{muennighoff2023scaling,
title={Scaling Data-Constrained Language Models},
author={Niklas Muennighoff and Alexander M Rush and Boaz Barak and Teven Le Scao and Nouamane Tazi and Aleksandra Piktus and Sampo Pyysalo and Thomas Wolf and Colin Raffel},
booktitle={Thirty-seventh Conference on Neural Information Processing Systems},
year={2023},
url={https://openreview.net/forum?id=j5BuTrEj35}
}

@article{penedo2023refinedweb,
  title={The RefinedWeb dataset for Falcon LLM: outperforming curated corpora with web data, and web data only},
  author={Penedo, Guilherme and Malartic, Quentin and Hesslow, Daniel and Cojocaru, Ruxandra and Cappelli, Alessandro and Alobeidli, Hamza and Pannier, Baptiste and Almazrouei, Ebtesam and Launay, Julien},
  journal={arXiv preprint arXiv:2306.01116},
  year={2023}
}

@misc{penedo2024fineweb,
      title={The FineWeb Datasets: Decanting the Web for the Finest Text Data at Scale}, 
      author={Guilherme Penedo and Hynek Kydlíček and Loubna Ben allal and Anton Lozhkov and Margaret Mitchell and Colin Raffel and Leandro Von Werra and Thomas Wolf},
      year={2024},
      eprint={2406.17557},
      archivePrefix={arXiv},
      primaryClass={cs.CL},
      url={https://arxiv.org/abs/2406.17557}, 
}

@misc{pycld2,
      author={pycld2 Library}, 
      howpublished = {https://pypi.org/project/pycld2/},
    note = {Accessed: 2024-12-24},
     year = {2019}
}

@misc{rae2021scaling,
      title={Scaling Language Models: Methods, Analysis and Insights from Training Gopher}, 
      author={Jack W. Rae and Sebastian Borgeaud and Trevor Cai and Katie Millican and Jordan Hoffmann and Francis Song and John Aslanides and Sarah Henderson and Roman Ring and Susannah Young and Eliza Rutherford and Tom Hennigan and Jacob Menick and Albin Cassirer and Richard Powell and George van den Driessche and Lisa Anne Hendricks and Maribeth Rauh and Po-Sen Huang and Amelia Glaese and Johannes Welbl and Sumanth Dathathri and Saffron Huang and Jonathan Uesato and John Mellor and Irina Higgins and Antonia Creswell and Nat McAleese and Amy Wu and Erich Elsen and Siddhant Jayakumar and Elena Buchatskaya and David Budden and Esme Sutherland and Karen Simonyan and Michela Paganini and Laurent Sifre and Lena Martens and Xiang Lorraine Li and Adhiguna Kuncoro and Aida Nematzadeh and Elena Gribovskaya and Domenic Donato and Angeliki Lazaridou and Arthur Mensch and Jean-Baptiste Lespiau and Maria Tsimpoukelli and Nikolai Grigorev and Doug Fritz and Thibault Sottiaux and Mantas Pajarskas and Toby Pohlen and Zhitao Gong and Daniel Toyama and Cyprien de Masson d'Autume and Yujia Li and Tayfun Terzi and Vladimir Mikulik and Igor Babuschkin and Aidan Clark and Diego de Las Casas and Aurelia Guy and Chris Jones and James Bradbury and Matthew Johnson and Blake Hechtman and Laura Weidinger and Iason Gabriel and William Isaac and Ed Lockhart and Simon Osindero and Laura Rimell and Chris Dyer and Oriol Vinyals and Kareem Ayoub and Jeff Stanway and Lorrayne Bennett and Demis Hassabis and Koray Kavukcuoglu and Geoffrey Irving},
      year={2022},
      eprint={2112.11446},
      archivePrefix={arXiv},
      primaryClass={cs.CL},
      url={https://arxiv.org/abs/2112.11446}, 
}

@article{raffel2020exploring,
author = {Raffel, Colin and Shazeer, Noam and Roberts, Adam and Lee, Katherine and Narang, Sharan and Matena, Michael and Zhou, Yanqi and Li, Wei and Liu, Peter J.},
title = {Exploring the limits of transfer learning with a unified text-to-text transformer},
journal = {J. Mach. Learn. Res.},
year = {2020}
}

@misc{redpajama1,
      title={RedPajama: an Open Dataset for Training Large Language Models}, 
      author={Maurice Weber and Daniel Fu and Quentin Anthony and Yonatan Oren and Shane Adams and Anton Alexandrov and Xiaozhong Lyu and Huu Nguyen and Xiaozhe Yao and Virginia Adams and Ben Athiwaratkun and Rahul Chalamala and Kezhen Chen and Max Ryabinin and Tri Dao and Percy Liang and Christopher Ré and Irina Rish and Ce Zhang},
      year={2024},
      eprint={2411.12372},
      archivePrefix={arXiv},
      primaryClass={cs.CL},
      url={https://arxiv.org/abs/2411.12372}
}

@misc{resiliparse,
      author={Resiliparse Library}, 
      howpublished = {https://pypi.org/project/Resiliparse/},
    note = {Accessed: 2024-12-24},
     year={2021}
}

@misc{soldaini2024dolma,
      title={Dolma: an Open Corpus of Three Trillion Tokens for Language Model Pretraining Research}, 
      author={Luca Soldaini and Rodney Kinney and Akshita Bhagia and Dustin Schwenk and David Atkinson and Russell Authur and Ben Bogin and Khyathi Chandu and Jennifer Dumas and Yanai Elazar and Valentin Hofmann and Ananya Harsh Jha and Sachin Kumar and Li Lucy and Xinxi Lyu and Nathan Lambert and Ian Magnusson and Jacob Morrison and Niklas Muennighoff and Aakanksha Naik and Crystal Nam and Matthew E. Peters and Abhilasha Ravichander and Kyle Richardson and Zejiang Shen and Emma Strubell and Nishant Subramani and Oyvind Tafjord and Pete Walsh and Luke Zettlemoyer and Noah A. Smith and Hannaneh Hajishirzi and Iz Beltagy and Dirk Groeneveld and Jesse Dodge and Kyle Lo},
      year={2024},
      eprint={2402.00159},
      archivePrefix={arXiv},
      primaryClass={cs.CL},
      url={https://arxiv.org/abs/2402.00159}, 
}

@misc{su2024nemotron,
      title={Nemotron-CC: Transforming Common Crawl into a Refined Long-Horizon Pretraining Dataset}, 
      author={Dan Su and Kezhi Kong and Ying Lin and Joseph Jennings and Brandon Norick and Markus Kliegl and Mostofa Patwary and Mohammad Shoeybi and Bryan Catanzaro},
      year={2024},
      eprint={2412.02595},
      archivePrefix={arXiv},
      primaryClass={cs.CL},
      url={https://arxiv.org/abs/2412.02595}, 
}

@misc{tokpanov2024zyda,
      title={Zyda-2: a 5 Trillion Token High-Quality Dataset}, 
      author={Yury Tokpanov and Paolo Glorioso and Quentin Anthony and Beren Millidge},
      year={2024},
      eprint={2411.06068},
      archivePrefix={arXiv},
      primaryClass={cs.CL},
      url={https://arxiv.org/abs/2411.06068}, 
}

@misc{trafilatura,
      author={Trafilatura Library}, 
      howpublished = {https://pypi.org/project/trafilatura/},
    note = {Accessed: 2024-12-24},
     year={2024}
}

@misc{txt360data2024,
      title={TxT360: A Top-Quality LLM Pre-training Dataset Requires the Perfect Blend}, 
      author={Liping Tang and Nikhil Ranjan and Omkar Pangarkar and Xuezhi Liang and Zhen Wang and Li An and Bhaskar Rao and Linghao Jin and Huijuan Wang and Zhoujun Cheng and Suqi Sun and Cun Mu and Victor Miller and Xuezhe Ma and Yue Peng and Zhengzhong Liu and Eric P. Xing},
      year={2024}
}

@misc{wenzek2019ccnet,
      title={CCNet: Extracting High Quality Monolingual Datasets from Web Crawl Data}, 
      author={Guillaume Wenzek and Marie-Anne Lachaux and Alexis Conneau and Vishrav Chaudhary and Francisco Guzman and Armand Joulin and Edouard Grave},
      year={2019},
      eprint={1911.00359},
      archivePrefix={arXiv},
      primaryClass={cs.CL},
      url={https://arxiv.org/abs/1911.00359}, 
}

