@article{Carleo_2019,
   title={Machine learning and the physical sciences},
   volume={91},
   ISSN={1539-0756},
   url={http://dx.doi.org/10.1103/RevModPhys.91.045002},
   DOI={10.1103/revmodphys.91.045002},
   number={4},
   journal={Reviews of Modern Physics},
   publisher={American Physical Society (APS)},
   author={Carleo, Giuseppe and Cirac, Ignacio and Cranmer, Kyle and Daudet, Laurent and Schuld, Maria and Tishby, Naftali and Vogt-Maranto, Leslie and Zdeborová, Lenka},
   year={2019},
   month=dec }

@article{Carrasquilla_2017,
   title={Machine learning phases of matter},
   volume={13},
   ISSN={1745-2481},
   url={http://dx.doi.org/10.1038/nphys4035},
   DOI={10.1038/nphys4035},
   number={5},
   journal={Nature Physics},
   publisher={Springer Science and Business Media LLC},
   author={Carrasquilla, Juan and Melko, Roger G.},
   year={2017},
   month=feb, pages={431–434} }

@article{Carrasquilla_2020,
   title={Machine learning for quantum matter},
   volume={5},
   ISSN={2374-6149},
   url={http://dx.doi.org/10.1080/23746149.2020.1797528},
   DOI={10.1080/23746149.2020.1797528},
   number={1},
   journal={Advances in Physics: X},
   publisher={Informa UK Limited},
   author={Carrasquilla, Juan},
   year={2020},
   month=jan, pages={1797528} }

@article{Krenn,
  title = {Artificial intelligence and machine learning for quantum technologies},
  author = {Krenn, Mario and Landgraf, Jonas and Foesel, Thomas and Marquardt, Florian},
  journal = {Phys. Rev. A},
  volume = {107},
  issue = {1},
  pages = {010101},
  numpages = {22},
  year = {2023},
  month = {Jan},
  publisher = {American Physical Society},
  doi = {10.1103/PhysRevA.107.010101},
  url = {https://link.aps.org/doi/10.1103/PhysRevA.107.010101}
}

@article{PhysRevB.102.134213,
  title = {Topological quantum phase transitions retrieved through unsupervised machine learning},
  author = {Che, Yanming and Gneiting, Clemens and Liu, Tao and Nori, Franco},
  journal = {Phys. Rev. B},
  volume = {102},
  issue = {13},
  pages = {134213},
  numpages = {13},
  year = {2020},
  month = {Oct},
  publisher = {American Physical Society},
  doi = {10.1103/PhysRevB.102.134213},
  url = {https://link.aps.org/doi/10.1103/PhysRevB.102.134213}
}

@article{PhysRevB.98.085402,
  title = {Deep learning topological invariants of band insulators},
  author = {Sun, Ning and Yi, Jinmin and Zhang, Pengfei and Shen, Huitao and Zhai, Hui},
  journal = {Phys. Rev. B},
  volume = {98},
  issue = {8},
  pages = {085402},
  numpages = {7},
  year = {2018},
  month = {Aug},
  publisher = {American Physical Society},
  doi = {10.1103/PhysRevB.98.085402},
  url = {https://link.aps.org/doi/10.1103/PhysRevB.98.085402}
}

@article{PhysRevLett.124.226401,
  title = {Unsupervised Machine Learning and Band Topology},
  author = {Scheurer, Mathias S. and Slager, Robert-Jan},
  journal = {Phys. Rev. Lett.},
  volume = {124},
  issue = {22},
  pages = {226401},
  numpages = {6},
  year = {2020},
  month = {Jun},
  publisher = {American Physical Society},
  doi = {10.1103/PhysRevLett.124.226401},
  url = {https://link.aps.org/doi/10.1103/PhysRevLett.124.226401}
}

@article{PhysRevResearch.2.013354,
  title = {Unsupervised learning using topological data augmentation},
  author = {Balabanov, Oleksandr and Granath, Mats},
  journal = {Phys. Rev. Res.},
  volume = {2},
  issue = {1},
  pages = {013354},
  numpages = {10},
  year = {2020},
  month = {Mar},
  publisher = {American Physical Society},
  doi = {10.1103/PhysRevResearch.2.013354},
  url = {https://link.aps.org/doi/10.1103/PhysRevResearch.2.013354}
}

@article{Zhang,
  title = {Interpreting machine learning of topological quantum phase transitions},
  author = {Zhang, Yi and Ginsparg, Paul and Kim, Eun-Ah},
  journal = {Phys. Rev. Res.},
  volume = {2},
  issue = {2},
  pages = {023283},
  numpages = {9},
  year = {2020},
  month = {Jun},
  publisher = {American Physical Society},
  doi = {10.1103/PhysRevResearch.2.023283},
  url = {https://link.aps.org/doi/10.1103/PhysRevResearch.2.023283}
}

@article{Zhang_2018,
   title={Machine Learning Topological Invariants with Neural Networks},
   volume={120},
   ISSN={1079-7114},
   url={http://dx.doi.org/10.1103/PhysRevLett.120.066401},
   DOI={10.1103/physrevlett.120.066401},
   number={6},
   journal={Physical Review Letters},
   publisher={American Physical Society (APS)},
   author={Zhang, Pengfei and Shen, Huitao and Zhai, Hui},
   year={2018},
   month=feb }

@inproceedings{abbott2023,
  ids = {Abbott:2022hkm,abbott2022},
  title = {Sampling {{QCD}} Field Configurations with Gauge-Equivariant Flow Models},
  booktitle = {Proceedings of {{The}} 39th {{International Symposium}} on {{Lattice Field Theory}} --- {{PoS}}({{LATTICE2022}})},
  author = {Abbott, Ryan and Albergo, Michael and Botev, Aleksandar and Boyda, Denis and Cranmer, Kyle and Hackett, Daniel and Kanwar, Gurtej and Matthews, Alexander and Racaniere, Sebastien and Razavi, Ali and Rezende, Danilo and {Romero-Lopez}, Fernando and Shanahan, Phiala and Urban, Julian},
  year = {2023},
  month = apr,
  volume = {430},
  eprint = {2208.03832},
  pages = {036},
  publisher = {SISSA Medialab},
  doi = {10.22323/1.430.0036},
  urldate = {2025-01-16},
  archiveprefix = {arXiv},
  langid = {english},
  keywords = {High Energy Physics - Lattice}
}

@article{bacchio2023,
  title = {Learning Trivializing Gradient Flows for Lattice Gauge Theories},
  author = {Bacchio, Simone and Kessel, Pan and Schaefer, Stefan and Vaitl, Lorenz},
  year = {2023},
  month = mar,
  journal = {Physical Review D},
  volume = {107},
  number = {5},
  pages = {L051504},
  publisher = {American Physical Society},
  doi = {10.1103/PhysRevD.107.L051504},
  urldate = {2024-10-19}
}

@article{balabanov2020unsupervised,
  title={Unsupervised interpretable learning of topological indices invariant under permutations of atomic bands},
  author={Balabanov, Oleksandr and Granath, Mats},
  journal={Machine Learning: Science and Technology},
  volume={2},
  number={2},
  pages={025008},
  year={2020},
  publisher={IOP Publishing},
DOI={10.1088/2632-2153/abcc43}
}

@article{boyda2021,
  title = {Sampling Using {{SU(N)}} Gauge Equivariant Flows},
  author = {Boyda, Denis and Kanwar, Gurtej and Racani{\`e}re, S{\'e}bastien and Rezende, Danilo Jimenez and Albergo, Michael S. and Cranmer, Kyle and Hackett, Daniel C. and Shanahan, Phiala E.},
  year = {2021},
  month = apr,
  journal = {Physical Review D},
  volume = {103},
  number = {7},
  pages = {074504},
  publisher = {American Physical Society},
  doi = {10.1103/PhysRevD.103.074504},
  urldate = {2024-10-18}
}

@misc{bronstein2021,
  title = {Geometric {{Deep Learning}}: {{Grids}}, {{Groups}}, {{Graphs}}, {{Geodesics}}, and {{Gauges}}},
  shorttitle = {Geometric {{Deep Learning}}},
  author = {Bronstein, Michael M. and Bruna, Joan and Cohen, Taco and Veli{\v c}kovi{\'c}, Petar},
  year = {2021},
  month = apr,
  journal = {arXiv:2104.13478 [cs, stat]},
  eprint = {2104.13478},
  primaryclass = {cs, stat},
  urldate = {2021-04-29},
  archiveprefix = {arXiv},
  keywords = {Computer Science - Artificial Intelligence,Computer Science - Computational Geometry,Computer Science - Computer Vision and Pattern Recognition,Computer Science - Machine Learning,Statistics - Machine Learning}
}

@article{cheng2019,
  title = {Covariance in {{Physics}} and {{Convolutional Neural Networks}}},
  author = {Cheng, Miranda C. N. and Anagiannis, Vassilis and Weiler, Maurice and {de Haan}, Pim and Cohen, Taco S. and Welling, Max},
  year = {2019},
  month = jun,
  journal = {arXiv:1906.02481 [hep-th, stat]},
  eprint = {1906.02481},
  primaryclass = {hep-th, stat},
  urldate = {2019-06-13},
  archiveprefix = {arXiv},
  keywords = {Computer Science - Machine Learning,High Energy Physics - Theory,Statistics - Machine Learning}
}

@article{cohen2019,
  title = {Gauge {{Equivariant Convolutional Networks}} and the {{Icosahedral CNN}}},
  author = {Cohen, Taco S. and Weiler, Maurice and Kicanaoglu, Berkay and Welling, Max},
  year = {2019},
  month = feb,
  journal = {arXiv:1902.04615 [cs, stat]},
  eprint = {1902.04615},
  primaryclass = {cs, stat},
  urldate = {2019-06-13},
  archiveprefix = {arXiv},
  keywords = {Computer Science - Computer Vision and Pattern Recognition,Computer Science - Machine Learning,Computer Science - Neural and Evolutionary Computing,Statistics - Machine Learning}
}

@misc{dawid2023modernapplicationsmachinelearning,
      title={Modern applications of machine learning in quantum sciences}, 
      author={Anna Dawid and Julian Arnold and Borja Requena and Alexander Gresch and Marcin Płodzień and Kaelan Donatella and Kim A. Nicoli and Paolo Stornati and Rouven Koch and Miriam Büttner and Robert Okuła and Gorka Muñoz-Gil and Rodrigo A. Vargas-Hernández and Alba Cervera-Lierta and Juan Carrasquilla and Vedran Dunjko and Marylou Gabrié and Patrick Huembeli and Evert van Nieuwenburg and Filippo Vicentini and Lei Wang and Sebastian J. Wetzel and Giuseppe Carleo and Eliška Greplová and Roman Krems and Florian Marquardt and Michał Tomza and Maciej Lewenstein and Alexandre Dauphin},
      year={2023},
      eprint={2204.04198},
      archivePrefix={arXiv},
      primaryClass={quant-ph},
      url={https://arxiv.org/abs/2204.04198}, 
}

@article{dehaan2020,
  title = {Gauge {{Equivariant Mesh CNNs}}: {{Anisotropic}} Convolutions on Geometric Graphs},
  shorttitle = {Gauge {{Equivariant Mesh CNNs}}},
  author = {{de Haan}, Pim and Weiler, Maurice and Cohen, Taco and Welling, Max},
  year = {2020},
  month = mar,
  journal = {arXiv:2003.05425 [cs, stat]},
  eprint = {2003.05425},
  primaryclass = {cs, stat},
  urldate = {2020-03-12},
  archiveprefix = {arXiv},
  keywords = {Computer Science - Computer Vision and Pattern Recognition,Computer Science - Machine Learning,Statistics - Machine Learning}
}

@article{favoni2022,
  ids = {favoni2020},
  title = {Lattice {{Gauge Equivariant Convolutional Neural Networks}}},
  author = {Favoni, Matteo and Ipp, Andreas and M{\"u}ller, David I. and Schuh, Daniel},
  year = {2022},
  month = jan,
  journal = {Physical Review Letters},
  volume = {128},
  number = {3},
  eprint = {2012.12901},
  pages = {032003},
  doi = {10.1103/PhysRevLett.128.032003},
  urldate = {2023-03-29},
  archiveprefix = {arXiv},
  keywords = {Computer Science - Machine Learning,High Energy Physics - Lattice,High Energy Physics - Phenomenology,High Energy Physics - Theory,Statistics - Machine Learning}
}

@article{gerken2023,
  ids = {gerken2021b},
  title = {Geometric Deep Learning and Equivariant Neural Networks},
  author = {Gerken, Jan E. and Aronsson, Jimmy and Carlsson, Oscar and Linander, Hampus and Ohlsson, Fredrik and Petersson, Christoffer and Persson, Daniel},
  year = {2023},
  month = jun,
  journal = {Artificial Intelligence Review},
  eprint = {2105.13926},
  issn = {1573-7462},
  doi = {10.1007/s10462-023-10502-7},
  urldate = {2023-06-04},
  archiveprefix = {arXiv},
  langid = {english},
  keywords = {Computer Science - Computer Vision and Pattern Recognition,Computer Science - Machine Learning,High Energy Physics - Theory}
}

@article{kanwar2020,
  title = {Equivariant {{Flow-Based Sampling}} for {{Lattice Gauge Theory}}},
  author = {Kanwar, Gurtej and Albergo, Michael S. and Boyda, Denis and Cranmer, Kyle and Hackett, Daniel C. and Racani{\`e}re, S{\'e}bastien and Rezende, Danilo Jimenez and Shanahan, Phiala E.},
  year = {2020},
  month = sep,
  journal = {Physical Review Letters},
  volume = {125},
  number = {12},
  pages = {121601},
  publisher = {American Physical Society},
  doi = {10.1103/PhysRevLett.125.121601},
  urldate = {2024-10-18}
}

@article{luo2021a,
  ids = {luo2020},
  title = {Gauge {{Equivariant Neural Networks}} for {{Quantum Lattice Gauge Theories}}},
  author = {Luo, Di and Carleo, Giuseppe and Clark, Bryan K. and Stokes, James},
  year = {2021},
  month = dec,
  journal = {Physical Review Letters},
  volume = {127},
  number = {27},
  eprint = {2012.05232},
  pages = {276402},
  doi = {10.1103/PhysRevLett.127.276402},
  urldate = {2025-01-16},
  archiveprefix = {arXiv},
  keywords = {Computer Science - Machine Learning,Condensed Matter - Disordered Systems and Neural Networks,Condensed Matter - Strongly Correlated Electrons,High Energy Physics - Lattice,Quantum Physics}
}

@article{nicoli2021,
  title = {Estimation of {{Thermodynamic Observables}} in {{Lattice Field Theories}} with {{Deep Generative Models}}},
  author = {Nicoli, Kim A. and Anders, Christopher J. and Funcke, Lena and Hartung, Tobias and Jansen, Karl and Kessel, Pan and Nakajima, Shinichi and Stornati, Paolo},
  year = {2021},
  month = jan,
  journal = {Physical Review Letters},
  volume = {126},
  number = {3},
  pages = {032001},
  publisher = {American Physical Society},
  doi = {10.1103/PhysRevLett.126.032001},
  urldate = {2023-06-14}
}

@article{van_Nieuwenburg_2017,
   title={Learning phase transitions by confusion},
   volume={13},
   ISSN={1745-2481},
   url={http://dx.doi.org/10.1038/nphys4037},
   DOI={10.1038/nphys4037},
   number={5},
   journal={Nature Physics},
   publisher={Springer Science and Business Media LLC},
   author={van Nieuwenburg, Evert P. L. and Liu, Ye-Hua and Huber, Sebastian D.},
   year={2017},
   month=feb, pages={435–439} }

@book{weiler2023EquivariantAndCoordinateIndependentCNNs,
  title = {Equivariant and Coordinate Independent Convolutional Networks. {{A Gauge Field Theory}} of {{Neural Networks}}},
  author = {Weiler, Maurice and Forr{\'e}, Patrick and Verlinde, Erik and Welling, Max},
  year = {2023},
DOI={10.1142/14143}
}

