@article{ABD+09,
 author = {Aaronson, Scott and Beigi, Salman and Drucker, Andrew and Fefferman, Bill and Shor, Peter},
 title = {The Power of Unentanglement},
 year = {2009},
 pages = {1--42},
 doi = {10.4086/toc.2009.v005a001},
 publisher = {Theory of Computing},
 journal = {Theory of Computing},
 volume = {5},
 number = {1},
 URL = {https://theoryofcomputing.org/articles/v005a001},
}

@article{ACQ22,
  title={Quantum algorithmic measurement},
  author={Aharonov, Dorit and Cotler, Jordan and Qi, Xiao-Liang},
  journal={Nature communications},
  volume={13},
  number={1},
  pages={887},
  year={2022},
  publisher={Nature Publishing Group UK London}
}

@inproceedings{ALL22,
  title={Distributed quantum inner product estimation},
  author={Anshu, Anurag and Landau, Zeph and Liu, Yunchao},
  booktitle={Proceedings of the 54th Annual ACM SIGACT Symposium on Theory of Computing (STOC 2022)},
  pages={44--51},
  year={2022}
}

@inproceedings{Aar18,
  title={Shadow tomography of quantum states},
  author={Aaronson, Scott},
  booktitle={Proceedings of the 50th Annual ACM SIGACT Symposium on Theory of Computing (STOC 2018)},
  pages={325--338},
  year={2018}
}

@inproceedings{BCL20,
  title={Entanglement is necessary for optimal quantum property testing},
  author={Bubeck, Sebastien and Chen, Sitan and Li, Jerry},
  booktitle={2020 IEEE 61st Annual Symposium on Foundations of Computer Science (FOCS 2020)},
  pages={692--703},
  year={2020},
  organization={IEEE}
}

@article{BCY11,
  title={Faithful squashed entanglement},
  author={Brandao, Fernando G. S. L. and Christandl, Matthias and Yard, Jon},
  journal={Communications in Mathematical Physics},
  volume={306},
  pages={805--830},
  year={2011},
  publisher={Springer}
}

@inproceedings{BOW19,
  title={Quantum state certification},
  author={B{\u{a}}descu, Costin and O'Donnell, Ryan and Wright, John},
  booktitle={Proceedings of the 51st Annual ACM SIGACT Symposium on Theory of Computing (STOC 2019)},
  pages={503--514},
  year={2019}
}

@inproceedings{CCHL22,
  title={Exponential separations between learning with and without quantum memory},
  author={Chen, Sitan and Cotler, Jordan and Huang, Hsin-Yuan and Li, Jerry},
  booktitle={2021 IEEE 62nd Annual Symposium on Foundations of Computer Science (FOCS 2021)},
  pages={574--585},
  year={2022},
  organization={IEEE}
}

@article{CD10,
  title={Short multi-prover quantum proofs for {SAT} without entangled measurements},
  author={Chen, Jing and Drucker, Andrew},
  journal={arXiv preprint arXiv:1011.0716},
  year={2010}
}

@INPROCEEDINGS{CGY24,
  author={Chen, Sitan and Gong, Weiyuan and Ye, Qi},
  booktitle={2024 IEEE 65th Annual Symposium on Foundations of Computer Science (FOCS 2024)}, 
  title={{Optimal Tradeoffs for Estimating Pauli Observables}}, 
  year={2024},
  volume={},
  number={},
  pages={1086-1105},
  keywords={Computer science;Protocols;Additives;Qubit;Tomography;Quantum state;Time measurement;Complexity theory;Testing;Quantum learning;shadow tomography;Pauli observables;sample complexity;tradeoffs;quantum memory},
  doi={10.1109/FOCS61266.2024.00072}}

@inproceedings{CHL+23,
  title={When does adaptivity help for quantum state learning?},
  author={Chen, Sitan and Huang, Brice and Li, Jerry and Liu, Allen and Sellke, Mark},
  booktitle={2023 IEEE 64th Annual Symposium on Foundations of Computer Science (FOCS 2023)},
  pages={391--404},
  year={2023},
  organization={IEEE}
}

@inproceedings{CHLL22, 
  title={Tight Bounds for Quantum State Certification with Incoherent Measurements},
  author={Chen, Sitan and Huang, Brice and Li, Jerry and Liu, Allen},
  booktitle={2022 IEEE 63th Annual Symposium on Foundations of Computer Science (FOCS 2022)},
  pages={1205--1213},
  year={2022},
  organization={IEEE}
}

@inproceedings{CLL24,
  title={An optimal tradeoff between entanglement and copy complexity for state tomography},
  author={Chen, Sitan and Li, Jerry and Liu, Allen},
  booktitle={Proceedings of the 56th Annual ACM Symposium on Theory of Computing (STOC 2024)},
  pages={1331--1342},
  year={2024}
}

@inproceedings{CLO22,
  title={Toward instance-optimal state certification with incoherent measurements},
  author={Chen, Sitan and Li, Jerry and Oâ€™Donnell, Ryan},
  booktitle={Conference on Learning Theory},
  pages={2541--2596},
  year={2022},
  organization={PMLR}
}

@inproceedings{Chi10,
  title={On quantum estimation, quantum cloning and finite quantum {de Finetti} theorems},
  author={Chiribella, Giulio},
  booktitle={Conference on Quantum Computation, Communication, and Cryptography},
  pages={9--25},
  year={2010},
  organization={Springer}
}

@inproceedings{HHJ+16,
  title={Sample-optimal tomography of quantum states},
  author={Haah, Jeongwan and Harrow, Aram W and Ji, Zhengfeng and Wu, Xiaodi and Yu, Nengkun},
  booktitle={Proceedings of the 48th Annual ACM Symposium on Theory of Computing (STOC 2016)},
  pages={913--925},
  year={2016}
}

@article{HKP20,
  title={Predicting many properties of a quantum system from very few measurements},
  author={Huang, Hsin-Yuan and Kueng, Richard and Preskill, John},
  journal={Nature Physics},
  volume={16},
  number={10},
  pages={1050--1057},
  year={2020},
  publisher={Nature Publishing Group UK London}
}

@article{HKP21,
  title={Information-theoretic bounds on quantum advantage in machine learning},
  author={Huang, Hsin-Yuan and Kueng, Richard and Preskill, John},
  journal={Physical Review Letters},
  volume={126},
  number={19},
  pages={190505},
  year={2021},
  publisher={APS}
}

@article{HM13,
  title={Testing product states, quantum {Merlin-Arthur} games and tensor optimization},
  author={Harrow, Aram W. and Montanaro, Ashley},
  journal={Journal of the ACM (JACM)},
  volume={60},
  number={1},
  pages={1--43},
  year={2013},
  publisher={ACM New York, NY, USA}
}

@inproceedings{KMY03,
  title={Quantum {Merlin-Arthur} proof systems: Are multiple {Merlins} more helpful to {Arthur}?},
  author={Kobayashi, Hirotada and Matsumoto, Keiji and Yamakami, Tomoyuki},
  booktitle={Algorithms and Computation: 14th International Symposium, (ISAAC 2003)},
  pages={189--198},
  year={2003}
}

@article{LS15,
  title={Quantum de {Finetti} theorem under fully-one-way adaptive measurements},
  author={Li, Ke and Smith, Graeme},
  journal={Physical Review Letters},
  volume={114},
  number={16},
  pages={160503},
  year={2015},
  publisher={APS}
}

@book{MdW16,
 author = {Montanaro, Ashley and de Wolf, Ronald},
 title = {A Survey of Quantum Property Testing},
 year = {2016},
 pages = {1--81},
 doi = {10.4086/toc.gs.2016.007},
 publisher = {Theory of Computing Library},
 number = {7},
 series = {Graduate Surveys},
 URL = {http://www.theoryofcomputing.org/library.html}
}

@inproceedings{OW16,
  title={Efficient quantum tomography},
  author={O'Donnell, Ryan and Wright, John},
  booktitle={Proceedings of the 48th Annual ACM Symposium on Theory of Computing (STOC 2016)},
  pages={899--912},
  year={2016}
}

