@book{NC10, 
    place={Cambridge}, 
    title={Quantum Computation and Quantum Information: 10th Anniversary Edition},
    DOI={10.1017/CBO9780511976667},
    publisher={Cambridge University Press}, 
    author={Nielsen, Michael A. and Chuang, Isaac L.}, 
    year={2010}
}

@book{MW16,
 author = {Montanaro, Ashley and de Wolf, Ronald},
 title = {A Survey of Quantum Property Testing},
 year = {2016},
 pages = {1--81},
 doi = {10.4086/toc.gs.2016.007},
 publisher = {Theory of Computing Library},
 number = {7},
 series = {Graduate Surveys},
 URL = {http://www.theoryofcomputing.org/library.html},
}

@article{BCWdW01,
  title = {Quantum Fingerprinting},
  author = {Buhrman, Harry and Cleve, Richard and Watrous, John and de Wolf, Ronald},
  journal = {Physical Review Letters},
  volume = {87},
  issue = {16},
  pages = {167902},
  numpages = {4},
  year = {2001},
  publisher = {American Physical Society},
  doi = {10.1103/PhysRevLett.87.167902},
  url = {https://link.aps.org/doi/10.1103/PhysRevLett.87.167902}
}

@article{BBD+97,
 author = {Barenco, Adriano and Berthiaume, Andr\'{e} and Deutsch, David and Ekert, Artur and Jozsa, Richard and Macchiavello, Chiara},
 title = {Stabilization of Quantum Computations by Symmetrization},
 journal = {SIAM Journal on Computing},
 volume = {26},
 number = {5},
 pages = {1541-1557},
 year = {1997},
 doi = {10.1137/S0097539796302452},
 URL = {https://doi.org/10.1137/S0097539796302452},
 eprint = {https://doi.org/10.1137/S0097539796302452},
 abstract = { We propose a method for the stabilization of quantum computations (including quantum state storage). The method is based on the operation of projection into \$\cal SYM\$, the symmetric subspace of the full state space of R redundant copies of the computer. We describe an efficient algorithm and quantum network effecting \$\cal SYM\$--projection and discuss the stabilizing effect of the proposed method in the context of unitary errors generated by hardware imprecision, and nonunitary errors arising from external environmental interaction. Finally, limitations of the method are discussed. }
}

@phdthesis{dW01,
    author = "Ronald de Wolf",
    title = "Quantum Computing and Communication Complexity",
    school = "University of Amsterdam",
    year = "2001",
    URL = {https://homepages.cwi.nl/~rdewolf/publ/qc/phd.pdf},
}

@phdthesis{Chr06,
  author  = "Matthias Christandl",
  title   = "The Structure of Bipartite Quantum States - Insights from Group Theory and Cryptography",
  school  = "University of Cambridge",
  year    = "2006",
  URL = {https://arxiv.org/abs/quant-ph/0604183},
}

@phdthesis{Har05,
  author  = "Aram W. Harrow",
  title   = "Applications of coherent classical communication and the Schur transform to quantum information theory",
  school  = "Massachusetts Institute of Technology",
  year    = "2005",
  URL = {https://arxiv.org/abs/quant-ph/0512255},
}

@book{Wat18,
    place={Cambridge},
    title={The Theory of Quantum Information},
    DOI={10.1017/9781316848142},
    publisher={Cambridge University Press}, 
    author={Watrous, John}, 
    year={2018}
}

@misc{Wat11,
  author = "John Watrous",
  title  = "{Theory of Quantum Information (Fall 2011) Further remarks on measurements and channels}",
  note   = "URL: \url{https://johnwatrous.com/wp-content/uploads/TQI-notes.06.pdf}. 
            Last visited on 2024/12/31",
  year   = 2011,
}

@article{GKW04,
  title={Quantum communication cannot simulate a public coin},
  author={Gavinsky, Dmytro and Kempe, Julia and de Wolf, Ronald},
  journal={arXiv preprint quant-ph/0411051},
  year={2004}
}

@book{KN96,
 place={Cambridge},
 title={Communication Complexity},
 DOI={10.1017/CBO9780511574948},
 publisher={Cambridge University Press},
 author={Kushilevitz, Eyal and Nisan, Noam},
 year={1996}
}

@book{RY20,
 place={Cambridge},
 title={Communication Complexity: and Applications}, DOI={10.1017/9781108671644},
 publisher={Cambridge University Press},
 author={Rao, Anup and Yehudayoff, Amir},
 year={2020}
}

@book{KSV02,
  title={Classical and quantum computation},
  author={Kitaev, Alexei Yu and Shen, Alexander and Vyalyi, Mikhail N},
  number={47},
  year={2002},
  publisher={American Mathematical Soc.}
}

@book{Pel00,
  title={Distributed computing: a locality-sensitive approach},
  author={Peleg, David},
  year={2000},
  publisher={SIAM}
}

@article{dW19,
  title={Quantum computing: Lecture notes},
  author={de Wolf, Ronald},
  journal={arXiv preprint arXiv:1907.09415},
  year={2019}
}

@article{dW02,
  title={Quantum communication and complexity},
  author={de Wolf, Ronald},
  journal={Theoretical computer science},
  volume={287},
  number={1},
  pages={337--353},
  year={2002},
  publisher={Elsevier}
}


@inproceedings{NS96,
  title={Public vs. private coin flips in one round communication games},
  author={Newman, Ilan and Szegedy, Mario},
  booktitle={Proceedings of the 28th Annual ACM Symposium on Theory of Computing (STOC 1996)},
  pages={561--570},
  year={1996}
}

@article{Raz03,
  title={Quantum communication complexity of symmetric predicates},
  author={Razborov, Alexander A},
  journal={Izvestiya: Mathematics},
  volume={67},
  number={1},
  pages={145},
  year={2003},
  publisher={IOP Publishing}
}

@article{AA05,
 author = {Aaronson, Scott and Ambainis, Andris},
 title = {Quantum Search of Spatial Regions},
 year = {2005},
 pages = {47--79},
 doi = {10.4086/toc.2005.v001a004},
 publisher = {Theory of Computing},
 journal = {Theory of Computing},
 volume = {1},
 number = {4},
 URL = {https://theoryofcomputing.org/articles/v001a004},
}

@article{Aar16,
  title={The complexity of quantum states and transformations: from quantum money to black holes},
  author={Aaronson, Scott},
  journal={arXiv preprint arXiv:1607.05256},
  year={2016}
}

@inproceedings{Aar06,
  title={{QMA}/qpoly in contained in {PSPACE}/poly: de-merlinizing quantum protocols},
  author={Aaronson, Scott},
  booktitle={21st Annual IEEE Conference on Computational Complexity (CCC'06)},
  pages={261–273},
  year={2006},
  organization={IEEE}
}

@inproceedings{GKdW06,
  title={Strengths and weaknesses of quantum fingerprinting},
  author={Gavinsky, Dmitry and Kempe, Julia and de Wolf, Ronald},
  booktitle={Proceedings of 21st Annual IEEE Conference on Computational Complexity (CCC 2006)},
  pages={288-295},
  year={2006}
}

@article{BCMdW10,
  title={Nonlocality and communication complexity},
  author={Buhrman, Harry and Cleve, Richard and Massar, Serge and de Wolf, Ronald},
  journal={Reviews of Modern Physics},
  volume={82},
  number={1},
  pages={665},
  year={2010},
  publisher={APS}
}

@article{FvdG99,
  title={Cryptographic distinguishability measures for quantum-mechanical states},
  author={Fuchs, Christopher A and van de Graaf, Jeroen},
  journal={IEEE Transactions on Information Theory},
  volume={45},
  number={4},
  pages={1216--1227},
  year={1999},
  publisher={IEEE}
}

@inproceedings{BdW01,
  title={Communication complexity lower bounds by polynomials},
  author={Buhrman, Harry and de Wolf, Ronald},
  booktitle={Proceedings 16th Annual IEEE Conference on Computational Complexity (CCC 2001)},
  pages={120--130},
  year={2001}
}

@inproceedings{KP14,
  title={Two results about quantum messages},
  author={Klauck, Hartmut and Podder, Supartha},
  booktitle={International Symposium on Mathematical Foundations of Computer Science (MFCS 2014)},
  pages={445--456},
  year={2014}
}

@inproceedings{CLL24,
  title={An optimal tradeoff between entanglement and copy complexity for state tomography},
  author={Chen, Sitan and Li, Jerry and Liu, Allen},
  booktitle={Proceedings of the 56th Annual ACM Symposium on Theory of Computing (STOC 2024)},
  pages={1331--1342},
  year={2024}
}

@article{HKP21,
  title={Information-theoretic bounds on quantum advantage in machine learning},
  author={Huang, Hsin-Yuan and Kueng, Richard and Preskill, John},
  journal={Physical Review Letters},
  volume={126},
  number={19},
  pages={190505},
  year={2021},
  publisher={APS}
}

@article{OW21,
  title={Quantum spectrum testing},
  author={O’Donnell, Ryan and Wright, John},
  journal={Communications in Mathematical Physics},
  volume={387},
  number={1},
  pages={1--75},
  year={2021},
  publisher={Springer}
}

@inproceedings{CCHL22,
  title={Exponential separations between learning with and without quantum memory},
  author={Chen, Sitan and Cotler, Jordan and Huang, Hsin-Yuan and Li, Jerry},
  booktitle={2021 IEEE 62nd Annual Symposium on Foundations of Computer Science (FOCS 2021)},
  pages={574--585},
  year={2022},
  organization={IEEE}
}

@inproceedings{CHLL22, 
  title={Tight Bounds for Quantum State Certification with Incoherent Measurements},
  author={Chen, Sitan and Huang, Brice and Li, Jerry and Liu, Allen},
  booktitle={2022 IEEE 63th Annual Symposium on Foundations of Computer Science (FOCS 2022)},
  pages={1205--1213},
  year={2022},
  organization={IEEE}
}

@inproceedings{CLO22,
  title={Toward instance-optimal state certification with incoherent measurements},
  author={Chen, Sitan and Li, Jerry and O’Donnell, Ryan},
  booktitle={Conference on Learning Theory},
  pages={2541--2596},
  year={2022},
  organization={PMLR}
}

@inproceedings{BOW19,
  title={Quantum state certification},
  author={B{\u{a}}descu, Costin and O'Donnell, Ryan and Wright, John},
  booktitle={Proceedings of the 51st Annual ACM SIGACT Symposium on Theory of Computing (STOC 2019)},
  pages={503--514},
  year={2019}
}

@article{ACQ22,
  title={Quantum algorithmic measurement},
  author={Aharonov, Dorit and Cotler, Jordan and Qi, Xiao-Liang},
  journal={Nature communications},
  volume={13},
  number={1},
  pages={887},
  year={2022},
  publisher={Nature Publishing Group UK London}
}

@INPROCEEDINGS{CGY24,
  author={Chen, Sitan and Gong, Weiyuan and Ye, Qi},
  booktitle={2024 IEEE 65th Annual Symposium on Foundations of Computer Science (FOCS 2024)}, 
  title={{Optimal Tradeoffs for Estimating Pauli Observables}}, 
  year={2024},
  volume={},
  number={},
  pages={1086-1105},
  keywords={Computer science;Protocols;Additives;Qubit;Tomography;Quantum state;Time measurement;Complexity theory;Testing;Quantum learning;shadow tomography;Pauli observables;sample complexity;tradeoffs;quantum memory},
  doi={10.1109/FOCS61266.2024.00072}}

@inproceedings{BCL20,
  title={Entanglement is necessary for optimal quantum property testing},
  author={Bubeck, Sebastien and Chen, Sitan and Li, Jerry},
  booktitle={2020 IEEE 61st Annual Symposium on Foundations of Computer Science (FOCS 2020)},
  pages={692--703},
  year={2020},
  organization={IEEE}
}

@inproceedings{CHL+23,
  title={When does adaptivity help for quantum state learning?},
  author={Chen, Sitan and Huang, Brice and Li, Jerry and Liu, Allen and Sellke, Mark},
  booktitle={2023 IEEE 64th Annual Symposium on Foundations of Computer Science (FOCS 2023)},
  pages={391--404},
  year={2023},
  organization={IEEE}
}

@inproceedings{OW16,
  title={Efficient quantum tomography},
  author={O'Donnell, Ryan and Wright, John},
  booktitle={Proceedings of the 48th Annual ACM Symposium on Theory of Computing (STOC 2016)},
  pages={899--912},
  year={2016}
}

@inproceedings{HHJ+16,
  title={Sample-optimal tomography of quantum states},
  author={Haah, Jeongwan and Harrow, Aram W and Ji, Zhengfeng and Wu, Xiaodi and Yu, Nengkun},
  booktitle={Proceedings of the 48th Annual ACM Symposium on Theory of Computing (STOC 2016)},
  pages={913--925},
  year={2016}
}

@article{HM13,
  title={Testing product states, quantum {Merlin-Arthur} games and tensor optimization},
  author={Harrow, Aram W. and Montanaro, Ashley},
  journal={Journal of the ACM (JACM)},
  volume={60},
  number={1},
  pages={1--43},
  year={2013},
  publisher={ACM New York, NY, USA}
}

@article{BCY11,
  title={Faithful squashed entanglement},
  author={Brandao, Fernando G. S. L. and Christandl, Matthias and Yard, Jon},
  journal={Communications in Mathematical Physics},
  volume={306},
  pages={805--830},
  year={2011},
  publisher={Springer}
}

@article{LS15,
  title={Quantum de {Finetti} theorem under fully-one-way adaptive measurements},
  author={Li, Ke and Smith, Graeme},
  journal={Physical Review Letters},
  volume={114},
  number={16},
  pages={160503},
  year={2015},
  publisher={APS}
}

@article{ABD+09,
 author = {Aaronson, Scott and Beigi, Salman and Drucker, Andrew and Fefferman, Bill and Shor, Peter},
 title = {The Power of Unentanglement},
 year = {2009},
 pages = {1--42},
 doi = {10.4086/toc.2009.v005a001},
 publisher = {Theory of Computing},
 journal = {Theory of Computing},
 volume = {5},
 number = {1},
 URL = {https://theoryofcomputing.org/articles/v005a001},
}

@article{CD10,
  title={Short multi-prover quantum proofs for {SAT} without entangled measurements},
  author={Chen, Jing and Drucker, Andrew},
  journal={arXiv preprint arXiv:1011.0716},
  year={2010}
}

@article{GRdW08,
  title={Simultaneous communication protocols with quantum and classical messages},
  author={Gavinsky, Dmitry and Regev, Oded and de Wolf, Ronald},
  journal={Chicago Journal of Theorectical Computer Science},
  volume={7},
  year={2008}
}

@article{Amb96,
  title={Communication complexity in a 3-computer model},
  author={Ambainis, Andris},
  journal={Algorithmica},
  volume={16},
  number={3},
  pages={298--301},
  year={1996}
}

@inproceedings{BK97,
  title={Randomized simultaneous messages: Solution of a problem of {Yao} in communication complexity},
  author={Babai, L{\'a}szl{\'o} and Kimmel, Peter G},
  booktitle={Proceedings of Computational Complexity. 12th Annual IEEE Conference (CCC 1997)},
  pages={239--246},
  year={1997}
}

@inproceedings{KMY03,
  title={Quantum {Merlin-Arthur} proof systems: Are multiple {Merlins} more helpful to {Arthur}?},
  author={Kobayashi, Hirotada and Matsumoto, Keiji and Yamakami, Tomoyuki},
  booktitle={Algorithms and Computation: 14th International Symposium, (ISAAC 2003)},
  pages={189--198},
  year={2003}
}

@inproceedings{BGK15,
  title={Equality, revisited},
  author={Bottesch, Ralph and Gavinsky, Dmitry and Klauck, Hartmut},
  booktitle={International Symposium on Mathematical Foundations of Computer Science (MFCS 2015)},
  pages={127--138},
  year={2015}
}

@article{OGWA17,
  title={Simulating positive-operator-valued measures with projective measurements},
  author={Oszmaniec, Micha{\l} and Guerini, Leonardo and Wittek, Peter and Ac{\'\i}n, Antonio},
  journal={Physical Review Letters},
  volume={119},
  number={19},
  pages={190501},
  year={2017},
  publisher={APS}
}

@inproceedings{Yao79,
  title={Some complexity questions related to distributive computing (preliminary report)},
  author={Yao, Andrew Chi-Chih},
  booktitle={Proceedings of the 11th Annual ACM Symposium on Theory of Computing (STOC 1979)},
  pages={209--213},
  year={1979}
}

@article{BKD+05,
  title={Clean positive operator valued measures},
  author={Buscemi, Francesco and Keyl, Michael and D’Ariano, Giacomo Mauro and Perinotti, Paolo and Werner, Reinhard F},
  journal={Journal of mathematical physics},
  volume={46},
  number={8},
  year={2005},
  publisher={AIP Publishing}
}

@article{New91,
  title={Private vs. common random bits in communication complexity},
  author={Newman, Ilan},
  journal={Information Processing Letters},
  volume={39},
  number={2},
  pages={67--71},
  year={1991},
  publisher={Citeseer}
}

@inproceedings{ALL22,
  title={Distributed quantum inner product estimation},
  author={Anshu, Anurag and Landau, Zeph and Liu, Yunchao},
  booktitle={Proceedings of the 54th Annual ACM SIGACT Symposium on Theory of Computing (STOC 2022)},
  pages={44--51},
  year={2022}
}

@article{BCJ+15,
  title={Limitations on separable measurements by convex optimization},
  author={Bandyopadhyay, Somshubhro and Cosentino, Alessandro and Johnston, Nathaniel and Russo, Vincent and Watrous, John and Yu, Nengkun},
  journal={IEEE Transactions on Information Theory},
  volume={61},
  number={6},
  pages={3593--3604},
  year={2015},
  publisher={IEEE}
}

@misc{Wat20,
    title = {Advanced Topics in Quantum Information Theory},
    url = {https://johnwatrous.com/wp-content/uploads/2023/08/QIT-notes.pdf},
    author = {John Watrous},
    year = {2020},
    note = {Accessed on September 16th, 2024}
}

@article{Cos13,
  title={Positive-partial-transpose-indistinguishable states via semidefinite programming},
  author={Cosentino, Alessandro},
  journal={Physical Review A—Atomic, Molecular, and Optical Physics},
  volume={87},
  number={1},
  pages={012321},
  year={2013},
  publisher={APS}
}

@article{Aar05,
 author = {Aaronson, Scott},
 title = {Limitations of Quantum Advice and One-Way Communication},
 year = {2005},
 pages = {1--28},
 doi = {10.4086/toc.2005.v001a001},
 publisher = {Theory of Computing},
 journal = {Theory of Computing},
 volume = {1},
 number = {1},
 URL = {https://theoryofcomputing.org/articles/v001a001},
}

@article{Aar07,
  title={The learnability of quantum states},
  author={Aaronson, Scott},
  journal={Proceedings of the Royal Society A: Mathematical, Physical and Engineering Sciences},
  volume={463},
  number={2088},
  pages={3089--3114},
  year={2007},
  publisher={The Royal Society London}
}

@article{HHH96,
    title = {Teleportation, {Bell's inequalities} and inseparability},
    journal = {Physics Letters A},
    volume = {222},
    number = {1},
    pages = {21-25},
    year = {1996},
    issn = {0375-9601},
    doi = {https://doi.org/10.1016/0375-9601(96)00639-1},
    url = {https://www.sciencedirect.com/science/article/pii/0375960196006391},
    author = {Ryszard Horodecki and Michał Horodecki and Paweł Horodecki},
    abstract = {Relations between teleportation, Bell's inequalities and inseparability are investigated. It is shown that any mixed two spin-12 state which violates the Bell-CHSH inequality is useful for teleportation. The result is extended to any Bell's inequalities constructed from the expectation values of products of spin operators. It is also shown that there exist inseparable states which are not useful for teleportation within the standard scheme.}
}

@article{Per96,
  title = {Separability Criterion for Density Matrices},
  author = {Peres, Asher},
  journal = {Physical Review Letters},
  volume = {77},
  issue = {8},
  pages = {1413--1415},
  numpages = {0},
  year = {1996},
  publisher = {American Physical Society},
  doi = {10.1103/PhysRevLett.77.1413},
  url = {https://link.aps.org/doi/10.1103/PhysRevLett.77.1413}
}

@article{CLM+14,
  title={Everything you always wanted to know about {LOCC} (but were afraid to ask)},
  author={Chitambar, Eric and Leung, Debbie and Man{\v{c}}inska, Laura and Ozols, Maris and Winter, Andreas},
  journal={Communications in Mathematical Physics},
  volume={328},
  pages={303--326},
  year={2014},
  publisher={Springer}
}

@inproceedings{Yao93,
  title={Quantum circuit complexity},
  author={Yao, Andrew Chi-Chih},
  booktitle={Proceedings of 1993 IEEE 34th Annual Foundations of Computer Science (FOCS 1993)},
  pages={352--361},
  year={1993},
  organization={IEEE}
}

@inproceedings{BCW98,
  title={Quantum vs. classical communication and computation},
  author={Buhrman, Harry and Cleve, Richard and Wigderson, Avi},
  booktitle={Proceedings of the 30th Annual ACM Symposium on Theory of Computing (STOC 1998)},
  pages={63--68},
  year={1998}
}

@article{CB97,
  title={Substituting quantum entanglement for communication},
  author={Cleve, Richard and Buhrman, Harry},
  journal={Physical Review A},
  volume={56},
  number={2},
  pages={1201},
  year={1997},
  publisher={APS}
}

@article{BvDHT99,
  title={Multiparty quantum communication complexity},
  author={Buhrman, Harry and van Dam, Wim and H{\o}yer, Peter and Tapp, Alain},
  journal={Physical Review A},
  volume={60},
  number={4},
  pages={2737},
  year={1999},
  publisher={APS}
}

@inproceedings{Raz99,
author = {Raz, Ran},
title = {Exponential separation of quantum and classical communication complexity},
year = {1999},
booktitle = {Proceedings of the 31st Annual ACM Symposium on Theory of Computing (STOC 1999)},
pages = {358–367}
}

@InProceedings{LMdW23,
  author =	{Lalonde, Olivier and Mande, Nikhil S. and de Wolf, Ronald},
  title =	{{Tight Bounds for the Randomized and Quantum Communication Complexities of Equality with Small Error}},
  booktitle =	{Proceedings of 43rd IARCS Annual Conference on Foundations of Software Technology and Theoretical Computer Science (FSTTCS 2023)},
  pages =	{32:1--32:18},
  series =	{LIPIcs},
  year =	{2023},
  volume =	{284}
}

@mastersthesis{Kre95,
  title={Quantum communication},
  author={Kremer, Ilan},
  school = "The Hebrew University
of Jerusalem",
  year={1995}
}

@inproceedings{CvDNT98,
  title={Quantum entanglement and the communication complexity of the inner product function},
  author={Cleve, Richard and van Dam, Wim and Nielsen, Michael and Tapp, Alain},
  booktitle={NASA International Conference on Quantum Computing and Quantum Communications},
  pages={61--74},
  year={1998},
  organization={Springer}
}

@inproceedings{Aar18,
  title={Shadow tomography of quantum states},
  author={Aaronson, Scott},
  booktitle={Proceedings of the 50th Annual ACM SIGACT Symposium on Theory of Computing (STOC 2018)},
  pages={325--338},
  year={2018}
}

@article{HKP20,
  title={Predicting many properties of a quantum system from very few measurements},
  author={Huang, Hsin-Yuan and Kueng, Richard and Preskill, John},
  journal={Nature Physics},
  volume={16},
  number={10},
  pages={1050--1057},
  year={2020},
  publisher={Nature Publishing Group UK London}
}

@article{ACH+18,
  title={Online learning of quantum states},
  author={Aaronson, Scott and Chen, Xinyi and Hazan, Elad and Kale, Satyen and Nayak, Ashwin},
  journal={Advances in Neural Information Processing Systems (NeurIPS 2018)},
  volume={31},
  year={2018}
}

@article{EAO+02,
  title={Direct estimations of linear and nonlinear functionals of a quantum state},
  author={Ekert, Artur K and Alves, Carolina Moura and Oi, Daniel KL and Horodecki, Micha{\l} and Horodecki, Pawe{\l} and Kwek, Leong Chuan},
  journal={Physical Review Letters},
  volume={88},
  number={21},
  pages={217901},
  year={2002},
  publisher={APS}
}

@inproceedings{Gav20,
  title={Bare quantum simultaneity versus classical interactivity in communication complexity},
  author={Gavinsky, Dmitry},
  booktitle={Proceedings of the 52nd Annual ACM SIGACT Symposium on Theory of Computing (STOC 2020)},
  pages={401--411},
  year={2020}
}

@InProceedings{ABK24,
  author =	{Aaronson, Scott and Buhrman, Harry and Kretschmer, William},
  title =	{{A Qubit, a Coin, and an Advice String Walk into a Relational Problem}},
  booktitle =	{15th Innovations in Theoretical Computer Science Conference (ITCS 2024)},
  pages =	{1:1--1:24},
  series =	{Leibniz International Proceedings in Informatics (LIPIcs)},
  ISBN =	{978-3-95977-309-6},
  ISSN =	{1868-8969},
  year =	{2024},
  volume =	{287},
  editor =	{Guruswami, Venkatesan},
  publisher =	{Schloss Dagstuhl -- Leibniz-Zentrum f{\"u}r Informatik},
  address =	{Dagstuhl, Germany},
  URL =		{https://drops.dagstuhl.de/entities/document/10.4230/LIPIcs.ITCS.2024.1},
  URN =		{urn:nbn:de:0030-drops-195290},
  doi =		{10.4230/LIPIcs.ITCS.2024.1},
  annote =	{Keywords: Relational problems, quantum advice, randomized advice, FBQP, FBPP}
}

@article{BYJK08,
  title={Exponential separation of quantum and classical one-way communication complexity},
  author={Bar-Yossef, Ziv and Jayram, Thathachar S and Kerenidis, Iordanis},
  journal={SIAM Journal on Computing},
  volume={38},
  number={1},
  pages={366--384},
  year={2008},
  publisher={SIAM}
}

@article{Car11,
  title={{\"U}ber den {Variabilit{\"a}tsbereich} der {Fourier’schen Konstanten} von positiven harmonischen {Funktionen}},
  author={Carath{\'e}odory, Constantin},
  journal={Rendiconti Del Circolo Matematico di Palermo (1884-1940)},
  volume={32},
  number={1},
  pages={193--217},
  year={1911},
  publisher={Springer}
}

@inproceedings{Chi10,
  title={On quantum estimation, quantum cloning and finite quantum {de Finetti} theorems},
  author={Chiribella, Giulio},
  booktitle={Conference on Quantum Computation, Communication, and Cryptography},
  pages={9--25},
  year={2010},
  organization={Springer}
}

@article{CD04,
  title={Extremal covariant positive operator valued measures},
  author={Chiribella, Giulio and D’Ariano, Giacomo Mauro},
  journal={Journal of mathematical physics},
  volume={45},
  number={12},
  pages={4435--4447},
  year={2004},
  publisher={AIP Publishing}
}

@article{DPP05,
  title={Classical randomness in quantum measurements},
  author={D'Ariano, Giacomo Mauro and Presti, Paoloplacido Lo and Perinotti, Paolo},
  journal={Journal of Physics A: Mathematical and General},
  volume={38},
  number={26},
  pages={5979},
  year={2005},
  publisher={IOP Publishing}
}

@article{Hoe63,
  title={Probability inequalities for sums of bounded random variables},
  author={Hoeffding, Wassily},
  journal={Journal of the American Statistical Association},
  volume={58},
  number={301},
  pages={13--30},
  doi={10.1080/01621459.1963.10500830},
  year={1963}
}

@book{MdW16,
 author = {Montanaro, Ashley and de Wolf, Ronald},
 title = {A Survey of Quantum Property Testing},
 year = {2016},
 pages = {1--81},
 doi = {10.4086/toc.gs.2016.007},
 publisher = {Theory of Computing Library},
 number = {7},
 series = {Graduate Surveys},
 URL = {http://www.theoryofcomputing.org/library.html}
}

@article{Wil13,
  title={Sequential decoding of a general classical-quantum channel},
  author={Wilde, Mark M},
  journal={Proceedings of the Royal Society A: Mathematical, Physical and Engineering Sciences},
  volume={469},
  number={2157},
  pages={20130259},
  year={2013},
  publisher={The Royal Society Publishing}
}

@article{GGJL24,
  title={Quantum Communication Advantage in {TFNP}},
  author={G{\"o}{\"o}s, Mika and Gur, Tom and Jain, Siddhartha and Li, Jiawei},
  journal={arXiv preprint arXiv:2411.03296},
  year={2024}
}
