@inproceedings{bhat2021adabins,
  title={Adabins: Depth estimation using adaptive bins},
  author={Bhat, Shariq Farooq and Alhashim, Ibraheem and Wonka, Peter},
  booktitle={Proceedings of the IEEE/CVF Conference on Computer Vision and Pattern Recognition},
  pages={4009--4018},
  year={2021}
}

@InProceedings{gong2022ranksim,
  title={{R}ank{S}im: Ranking Similarity Regularization for Deep Imbalanced Regression},
  author={Gong, Yu and Mori, Greg and Tung, Frederick},
  booktitle={International Conference on Machine Learning (ICML)},
  year={2022}
}

@inproceedings{gu2022dive,
  title={Dive deeper into integral pose regression},
  author={Gu, Kerui and Yang, Linlin and Yao, Angela},
  booktitle={International Conference on Learning Representations},
  year={2022}
}

@inproceedings{keramati2023conr,
  title={Conr: Contrastive regularizer for deep imbalanced regression},
  author={Keramati, Mahsa and Meng, Lili and Evans, R David},
  booktitle={ICLR},
  year={2023}
}

@inproceedings{li2022simcc,
  title={Simcc: A simple coordinate classification perspective for human pose estimation},
  author={Li, Yanjie and Yang, Sen and Liu, Peidong and Zhang, Shoukui and Wang, Yunxiao and Wang, Zhicheng and Yang, Wankou and Xia, Shu-Tao},
  booktitle={European Conference on Computer Vision},
  pages={89--106},
  year={2022},
  organization={Springer}
}

@inproceedings{pintea2023step,
  title={A step towards understanding why classification helps regression},
  author={Pintea, Silvia L and Lin, Yancong and Dijkstra, Jouke and van Gemert, Jan C},
  booktitle={Proceedings of the IEEE/CVF International Conference on Computer Vision},
  pages={19972--19981},
  year={2023}
}

@article{wang2024variational,
  title={Variational imbalanced regression: Fair uncertainty quantification via probabilistic smoothing},
  author={Wang, Ziyan and Wang, Hao},
  journal={Advances in Neural Information Processing Systems},
  volume={36},
  year={2024}
}

@inproceedings{xiong2022discrete,
  title={Discrete-constrained regression for local counting models},
  author={Xiong, Haipeng and Yao, Angela},
  booktitle={European Conference on Computer Vision},
  pages={621--636},
  year={2022},
  organization={Springer}
}

@inproceedings{yang2021delving,
  title={Delving into deep imbalanced regression},
  author={Yang, Yuzhe and Zha, Kaiwen and Chen, Yingcong and Wang, Hao and Katabi, Dina},
  booktitle={International Conference on Machine Learning},
  pages={11842--11851},
  year={2021},
  organization={PMLR}
}

@article{zhang2023improving,
  title={Improving Deep Regression with Ordinal Entropy},
  author={Zhang, Shihao and Yang, Linlin and Mi, Michael Bi and Zheng, Xiaoxu and Yao, Angela},
  journal={ICLR},
  year={2023}
}

@InProceedings{zhang2024deep,
  title={Deep Regression Representation Learning with Topology},
  author={Zhang, Shihao and Kawaguchi, Kenji and Yao, Angela},
  booktitle={International Conference on Machine Learning (ICML)},
  year={2024}
}

