

@article{achille2018emergence,
  title={Emergence of invariance and disentanglement in deep representations},
  author={Achille, Alessandro and Soatto, Stefano},
  journal={The Journal of Machine Learning Research},
  volume={19},
  number={1},
  pages={1947--1980},
  year={2018},
  publisher={JMLR. org}
}

@article{shwartz2017opening,
  title={Opening the black box of deep neural networks via information},
  author={Shwartz-Ziv, Ravid and Tishby, Naftali},
  journal={arXiv preprint arXiv:1703.00810},
  year={2017}
}

@article{achille2018information,
  title={Information dropout: Learning optimal representations through noisy computation},
  author={Achille, Alessandro and Soatto, Stefano},
  journal={IEEE transactions on pattern analysis and machine intelligence},
  volume={40},
  number={12},
  pages={2897--2905},
  year={2018},
  publisher={IEEE}
}

@inproceedings{wang2011information,
  title={Information theoretical clustering via semidefinite programming},
  author={Wang, Meihong and Sha, Fei},
  booktitle={Proceedings of the Fourteenth International Conference on Artificial Intelligence and Statistics},
  pages={761--769},
  year={2011},
  organization={JMLR Workshop and Conference Proceedings}
}

@article{birdal2021intrinsic,
  title={Intrinsic dimension, persistent homology and generalization in neural networks},
  author={Birdal, Tolga and Lou, Aaron and Guibas, Leonidas J and Simsekli, Umut},
  journal={Advances in Neural Information Processing Systems},
  volume={34},
  pages={6776--6789},
  year={2021}
}

@article{ghosh2023local,
  title={Local Intrinsic Dimensional Entropy},
  author={Ghosh, Rohan and Motani, Mehul},
  journal={AAAI},
  year={2023}
}

@article{faivishevsky2008ica,
  title={ICA based on a smooth estimation of the differential entropy},
  author={Faivishevsky, Lev and Goldberger, Jacob},
  journal={Advances in neural information processing systems},
  volume={21},
  year={2008}
}

@article{zhang2023improving,
  title={Improving Deep Regression with Ordinal Entropy},
  author={Zhang, Shihao and Yang, Linlin and Mi, Michael Bi and Zheng, Xiaoxu and Yao, Angela},
  journal={ICLR},
  year={2023}
}

@article{zha2022supervised,
  title={Supervised Contrastive Regression},
  author={Zha, Kaiwen and Cao, Peng and Yang, Yuzhe and Katabi, Dina},
  journal={arXiv preprint arXiv:2210.01189},
  year={2022}
}

@inproceedings{wang2022contrastive,
  title={Contrastive regression for domain adaptation on gaze estimation},
  author={Wang, Yaoming and Jiang, Yangzhou and Li, Jin and Ni, Bingbing and Dai, Wenrui and Li, Chenglin and Xiong, Hongkai and Li, Teng},
  booktitle={Proceedings of the IEEE/CVF Conference on Computer Vision and Pattern Recognition},
  pages={19376--19385},
  year={2022}
}

@inproceedings{boudiaf2020unifying,
  title={A unifying mutual information view of metric learning: cross-entropy vs. pairwise losses},
  author={Boudiaf, Malik and Rony, J{\'e}r{\^o}me and Ziko, Imtiaz Masud and Granger, Eric and Pedersoli, Marco and Piantanida, Pablo and Ayed, Ismail Ben},
  booktitle={European conference on computer vision},
  pages={548--564},
  year={2020},
  organization={Springer}
}

@article{facco2017estimating,
  title={Estimating the intrinsic dimension of datasets by a minimal neighborhood information},
  author={Facco, Elena and dâ€™Errico, Maria and Rodriguez, Alex and Laio, Alessandro},
  journal={Scientific reports},
  volume={7},
  number={1},
  pages={12140},
  year={2017},
  publisher={Nature Publishing Group UK London}
}

@inproceedings{gong2019intrinsic,
  title={On the intrinsic dimensionality of image representations},
  author={Gong, Sixue and Boddeti, Vishnu Naresh and Jain, Anil K},
  booktitle={Proceedings of the IEEE/CVF Conference on Computer Vision and Pattern Recognition},
  pages={3987--3996},
  year={2019}
}

@article{bengio2013representation,
  title={Representation learning: A review and new perspectives},
  author={Bengio, Yoshua and Courville, Aaron and Vincent, Pascal},
  journal={IEEE transactions on pattern analysis and machine intelligence},
  volume={35},
  number={8},
  pages={1798--1828},
  year={2013},
  publisher={IEEE}
}

@article{ansuini2019intrinsic,
  title={Intrinsic dimension of data representations in deep neural networks},
  author={Ansuini, Alessio and Laio, Alessandro and Macke, Jakob H and Zoccolan, Davide},
  journal={Advances in Neural Information Processing Systems},
  volume={32},
  year={2019}
}

@article{brown2022relating,
  title={Relating Regularization and Generalization through the Intrinsic Dimension of Activations},
  author={Brown, Bradley CA and Juravsky, Jordan and Caterini, Anthony L and Loaiza-Ganem, Gabriel},
  journal={arXiv preprint arXiv:2211.13239},
  year={2022}
}

@inproceedings{zhu2018ldmnet,
  title={LDMNet: Low dimensional manifold regularized neural networks},
  author={Zhu, Wei and Qiu, Qiang and Huang, Jiaji and Calderbank, Robert and Sapiro, Guillermo and Daubechies, Ingrid},
  booktitle={Proceedings of the IEEE conference on computer vision and pattern recognition},
  pages={2743--2751},
  year={2018}
}

@inproceedings{ma2018dimensionality,
  title={Dimensionality-driven learning with noisy labels},
  author={Ma, Xingjun and Wang, Yisen and Houle, Michael E and Zhou, Shuo and Erfani, Sarah and Xia, Shutao and Wijewickrema, Sudanthi and Bailey, James},
  booktitle={International Conference on Machine Learning},
  pages={3355--3364},
  year={2018},
  organization={PMLR}
}

@article{rieck2020uncovering,
  title={Uncovering the topology of time-varying fMRI data using cubical persistence},
  author={Rieck, Bastian and Yates, Tristan and Bock, Christian and Borgwardt, Karsten and Wolf, Guy and Turk-Browne, Nicholas and Krishnaswamy, Smita},
  journal={Advances in neural information processing systems},
  volume={33},
  pages={6900--6912},
  year={2020}
}

@inproceedings{reininghaus2015stable,
  title={A stable multi-scale kernel for topological machine learning},
  author={Reininghaus, Jan and Huber, Stefan and Bauer, Ulrich and Kwitt, Roland},
  booktitle={Proceedings of the IEEE conference on computer vision and pattern recognition},
  pages={4741--4748},
  year={2015}
}
@article{zhao2019learning,
  title={Learning metrics for persistence-based summaries and applications for graph classification},
  author={Zhao, Qi and Wang, Yusu},
  journal={Advances in Neural Information Processing Systems},
  volume={32},
  year={2019}
}

@inproceedings{hofer2019connectivity,
  title={Connectivity-optimized representation learning via persistent homology},
  author={Hofer, Christoph and Kwitt, Roland and Niethammer, Marc and Dixit, Mandar},
  booktitle={International conference on machine learning},
  pages={2751--2760},
  year={2019},
  organization={PMLR}
}

@inproceedings{chen2019topological,
  title={A topological regularizer for classifiers via persistent homology},
  author={Chen, Chao and Ni, Xiuyan and Bai, Qinxun and Wang, Yusu},
  booktitle={The 22nd International Conference on Artificial Intelligence and Statistics},
  pages={2573--2582},
  year={2019},
  organization={PMLR}
}

@article{trofimov2023learning,
  title={Learning topology-preserving data representations},
  author={Trofimov, Ilya and Cherniavskii, Daniil and Tulchinskii, Eduard and Balabin, Nikita and Burnaev, Evgeny and Barannikov, Serguei},
  journal={ICLR},
  year={2023}
}

@inproceedings{moor2020topological,
  title={Topological autoencoders},
  author={Moor, Michael and Horn, Max and Rieck, Bastian and Borgwardt, Karsten},
  booktitle={International conference on machine learning},
  pages={7045--7054},
  year={2020},
  organization={PMLR}
}

@inproceedings{silberman2012indoor,
  title={Indoor segmentation and support inference from rgbd images},
  author={Silberman, Nathan and Hoiem, Derek and Kohli, Pushmeet and Fergus, Rob},
  booktitle={European conference on computer vision},
  pages={746--760},
  year={2012},
  organization={Springer}
}

@inproceedings{idrees2018composition,
  title={Composition loss for counting, density map estimation and localization in dense crowds},
  author={Idrees, Haroon and Tayyab, Muhmmad and Athrey, Kishan and Zhang, Dong and Al-Maadeed, Somaya and Rajpoot, Nasir and Shah, Mubarak},
  booktitle={Proceedings of the european conference on computer vision (ECCV)},
  pages={532--546},
  year={2018}
}

@inproceedings{laina2016deeper,
  title={Deeper depth prediction with fully convolutional residual networks},
  author={Laina, Iro and Rupprecht, Christian and Belagiannis, Vasileios and Tombari, Federico and Navab, Nassir},
  booktitle={2016 Fourth international conference on 3D vision (3DV)},
  pages={239--248},
  year={2016},
  organization={IEEE}
}

@inproceedings{fu2018deep,
  title={Deep ordinal regression network for monocular depth estimation},
  author={Fu, Huan and Gong, Mingming and Wang, Chaohui and Batmanghelich, Kayhan and Tao, Dacheng},
  booktitle={Proceedings of the IEEE conference on computer vision and pattern recognition},
  pages={2002--2011},
  year={2018}
}
@inproceedings{yuan2022new,
  title={New crfs: Neural window fully-connected crfs for monocular depth estimation},
  author={Yuan, Weihao and Gu, Xiaodong and Dai, Zuozhuo and Zhu, Siyu and Tan, Ping},
  booktitle={Proceedings of the IEEE/CVF conference on computer vision and pattern recognition},
  year={2022}
}
@inproceedings{bhat2021adabins,
  title={Adabins: Depth estimation using adaptive bins},
  author={Bhat, Shariq Farooq and Alhashim, Ibraheem and Wonka, Peter},
  booktitle={Proceedings of the IEEE/CVF Conference on Computer Vision and Pattern Recognition},
  pages={4009--4018},
  year={2021}
}

@inproceedings{yang2021delving,
  title={Delving into deep imbalanced regression},
  author={Yang, Yuzhe and Zha, Kaiwen and Chen, Yingcong and Wang, Hao and Katabi, Dina},
  booktitle={International Conference on Machine Learning},
  pages={11842--11851},
  year={2021},
  organization={PMLR}
}

@inproceedings{lim2017enhanced,
  title={Enhanced deep residual networks for single image super-resolution},
  author={Lim, Bee and Son, Sanghyun and Kim, Heewon and Nah, Seungjun and Mu Lee, Kyoung},
  booktitle={Proceedings of the IEEE conference on computer vision and pattern recognition workshops},
  pages={136--144},
  year={2017}
}

@inproceedings{moschoglou2017agedb, title={Agedb: the first manually collected, in-the-wild age database},
  author={Moschoglou, Stylianos and Papaioannou, Athanasios and Sagonas, Christos and Deng, Jiankang and Kotsia, Irene and Zafeiriou, Stefanos},
  booktitle={Proceedings of the IEEE Conference on Computer Vision and Pattern Recognition Workshop},
  volume={2},
  number={3},
  pages={5},
  year={2017}
}

@inproceedings{timofte2017ntire,
  title={Ntire 2017 challenge on single image super-resolution: Methods and results},
  author={Timofte, Radu and Agustsson, Eirikur and Van Gool, Luc and Yang, Ming-Hsuan and Zhang, Lei},
  booktitle={Proceedings of the IEEE conference on computer vision and pattern recognition workshops},
  pages={114--125},
  year={2017}
}

@article{bevilacqua2012low,
  title={Low-complexity single-image super-resolution based on nonnegative neighbor embedding},
  author={Bevilacqua, Marco and Roumy, Aline and Guillemot, Christine and Alberi-Morel, Marie Line},
  year={2012},
  publisher={BMVA press}
}

@inproceedings{zeyde2012single,
  title={On single image scale-up using sparse-representations},
  author={Zeyde, Roman and Elad, Michael and Protter, Matan},
  booktitle={Curves and Surfaces: 7th International Conference, Avignon, France, June 24-30, 2010, Revised Selected Papers 7},
  pages={711--730},
  year={2012},
  organization={Springer}
}

@inproceedings{martin2001database,
  title={A database of human segmented natural images and its application to evaluating segmentation algorithms and measuring ecological statistics},
  author={Martin, David and Fowlkes, Charless and Tal, Doron and Malik, Jitendra},
  booktitle={Proceedings Eighth IEEE International Conference on Computer Vision. ICCV 2001},
  volume={2},
  pages={416--423},
  year={2001},
  organization={IEEE}
}

@inproceedings{huang2015single,
  title={Single image super-resolution from transformed self-exemplars},
  author={Huang, Jia-Bin and Singh, Abhishek and Ahuja, Narendra},
  booktitle={Proceedings of the IEEE conference on computer vision and pattern recognition},
  pages={5197--5206},
  year={2015}
}

@article{lee2019big,
  title={From big to small: Multi-scale local planar guidance for monocular depth estimation},
  author={Lee, Jin Han and Han, Myung-Kyu and Ko, Dong Wook and Suh, Il Hong},
  journal={arXiv preprint arXiv:1907.10326},
  year={2019}
}

@online{Coenen19,
  author       = "Andy Coenen and Adam Pearce",
  title        = "Understanding UMAP, mammoth dataset",
  year         = "2019",
  url          = "https://github.com/MNoichl/UMAP-examples-mammoth-/tree/master"
}

@inproceedings{he2016deep,
  title={Deep residual learning for image recognition},
  author={He, Kaiming and Zhang, Xiangyu and Ren, Shaoqing and Sun, Jian},
  booktitle={Proceedings of the IEEE conference on computer vision and pattern recognition},
  pages={770--778},
  year={2016}
}

@article{bauer2021ripser,
  title={Ripser: efficient computation of Vietoris--Rips persistence barcodes},
  author={Bauer, Ulrich},
  journal={Journal of Applied and Computational Topology},
  volume={5},
  number={3},
  pages={391--423},
  year={2021},
  publisher={Springer}
}

@article{yang2021free,
  title={Free lunch for few-shot learning: Distribution calibration},
  author={Yang, Shuo and Liu, Lu and Xu, Min},
  journal={ICLR},
  year={2021}
}

@inproceedings{yan2024optimal,
  title={An Optimal Transport View for Subspace Clustering and Spectral Clustering},
  author={Yan, Yuguang and Xu, Zhihao and Yang, Canlin and Zhang, Jie and Cai, Ruichu and Ng, Michael Kwok-Po},
  booktitle={Proceedings of the AAAI Conference on Artificial Intelligence},
  volume={38},
  number={15},
  pages={16281--16289},
  year={2024}
}

@InProceedings{zhang2024deep,
  title={Deep Regression Representation Learning with Topology},
  author={Zhang, Shihao and Kawaguchi, Kenji and Yao, Angela},
  booktitle={International Conference on Machine Learning (ICML)},
  year={2024}
}

@InProceedings{gong2022ranksim,
  title={{R}ank{S}im: Ranking Similarity Regularization for Deep Imbalanced Regression},
  author={Gong, Yu and Mori, Greg and Tung, Frederick},
  booktitle={International Conference on Machine Learning (ICML)},
  year={2022}
}

@article{sonoda2019transport,
  title={Transport analysis of infinitely deep neural network},
  author={Sonoda, Sho and Murata, Noboru},
  journal={Journal of Machine Learning Research},
  volume={20},
  number={2},
  pages={1--52},
  year={2019}
}

@article{wang2024variational,
  title={Variational imbalanced regression: Fair uncertainty quantification via probabilistic smoothing},
  author={Wang, Ziyan and Wang, Hao},
  journal={Advances in Neural Information Processing Systems},
  volume={36},
  year={2024}
}

@article{zha2024rank,
  title={Rank-n-contrast: learning continuous representations for regression},
  author={Zha, Kaiwen and Cao, Peng and Son, Jeany and Yang, Yuzhe and Katabi, Dina},
  journal={Advances in Neural Information Processing Systems},
  volume={36},
  year={2024}
}

@inproceedings{keramati2023conr,
  title={Conr: Contrastive regularizer for deep imbalanced regression},
  author={Keramati, Mahsa and Meng, Lili and Evans, R David},
  booktitle={ICLR},
  year={2023}
}

@inproceedings{jiang-etal-2020-smart,
    title = "{SMART}: Robust and Efficient Fine-Tuning for Pre-trained Natural Language Models through Principled Regularized Optimization",
    author = "Jiang, Haoming  and
      He, Pengcheng  and
      Chen, Weizhu  and
      Liu, Xiaodong  and
      Gao, Jianfeng  and
      Zhao, Tuo",
    editor = "Jurafsky, Dan  and
      Chai, Joyce  and
      Schluter, Natalie  and
      Tetreault, Joel",
    booktitle = "Proceedings of the 58th Annual Meeting of the Association for Computational Linguistics",
    month = jul,
    year = "2020",
    address = "Online",
    publisher = "Association for Computational Linguistics",
    url = "https://aclanthology.org/2020.acl-main.197",
}

@inproceedings{yan2023self,
  title={Self-interpretable time series prediction with counterfactual explanations},
  author={Yan, Jingquan and Wang, Hao},
  booktitle={International Conference on Machine Learning},
  pages={39110--39125},
  year={2023},
  organization={PMLR}
}

@inproceedings{tishby2015deep,
  title={Deep learning and the information bottleneck principle},
  author={Tishby, Naftali and Zaslavsky, Noga},
  booktitle={2015 ieee information theory workshop (itw)},
  pages={1--5},
  year={2015},
  organization={IEEE}
}

@inproceedings{kawaguchi2023does,
  title={How does information bottleneck help deep learning?},
  author={Kawaguchi, Kenji and Deng, Zhun and Ji, Xu and Huang, Jiaoyang},
  booktitle={International Conference on Machine Learning},
  pages={16049--16096},
  year={2023},
  organization={PMLR}
}

@article{cao2017estimating,
  title={Estimating depth from monocular images as classification using deep fully convolutional residual networks},
  author={Cao, Yuanzhouhan and Wu, Zifeng and Shen, Chunhua},
  journal={IEEE Transactions on Circuits and Systems for Video Technology},
  volume={28},
  number={11},
  pages={3174--3182},
  year={2017},
  publisher={IEEE}
}

@article{liu2019counting,
  title={Counting objects by blockwise classification},
  author={Liu, Liang and Lu, Hao and Xiong, Haipeng and Xian, Ke and Cao, Zhiguo and Shen, Chunhua},
  journal={IEEE Transactions on Circuits and Systems for Video Technology},
  volume={30},
  number={10},
  pages={3513--3527},
  year={2019},
  publisher={IEEE}
}

@inproceedings{gu2022dive,
  title={Dive deeper into integral pose regression},
  author={Gu, Kerui and Yang, Linlin and Yao, Angela},
  booktitle={International Conference on Learning Representations},
  year={2022}
}

@inproceedings{xiong2022discrete,
  title={Discrete-constrained regression for local counting models},
  author={Xiong, Haipeng and Yao, Angela},
  booktitle={European Conference on Computer Vision},
  pages={621--636},
  year={2022},
  organization={Springer}
}

@inproceedings{pintea2023step,
  title={A step towards understanding why classification helps regression},
  author={Pintea, Silvia L and Lin, Yancong and Dijkstra, Jouke and van Gemert, Jan C},
  booktitle={Proceedings of the IEEE/CVF International Conference on Computer Vision},
  pages={19972--19981},
  year={2023}
}

@inproceedings{li2022simcc,
  title={Simcc: A simple coordinate classification perspective for human pose estimation},
  author={Li, Yanjie and Yang, Sen and Liu, Peidong and Zhang, Shoukui and Wang, Yunxiao and Wang, Zhicheng and Yang, Wankou and Xia, Shu-Tao},
  booktitle={European Conference on Computer Vision},
  pages={89--106},
  year={2022},
  organization={Springer}
}

@article{spearman1961proof,
  title={The proof and measurement of association between two things.},
  author={Spearman, Charles},
  year={1961},
  publisher={Appleton-Century-Crofts}
}

@article{kendall1938new,
  title={A new measure of rank correlation},
  author={Kendall, Maurice G},
  journal={Biometrika},
  volume={30},
  number={1-2},
  pages={81--93},
  year={1938},
  publisher={Oxford University Press}
}

@inproceedings{NIPS2013_af21d0c9,
 author = {Cuturi, Marco},
 booktitle = {Advances in Neural Information Processing Systems},
 editor = {C.J. Burges and L. Bottou and M. Welling and Z. Ghahramani and K.Q. Weinberger},
 pages = {},
 publisher = {Curran Associates, Inc.},
 title = {Sinkhorn Distances: Lightspeed Computation of Optimal Transport},
 url = {https://proceedings.neurips.cc/paper_files/paper/2013/file/af21d0c97db2e27e13572cbf59eb343d-Paper.pdf},
 volume = {26},
 year = {2013}
}

@article{landa2021doubly,
  title={Doubly stochastic normalization of the gaussian kernel is robust to heteroskedastic noise},
  author={Landa, Boris and Coifman, Ronald R and Kluger, Yuval},
  journal={SIAM journal on mathematics of data science},
  volume={3},
  number={1},
  pages={388--413},
  year={2021},
  publisher={SIAM}
}

@inproceedings{
farebrother2024stop,
title={Stop Regressing: Training Value Functions via Classification for Scalable Deep {RL}},
author={Jesse Farebrother and Jordi Orbay and Quan Vuong and Adrien Ali Taiga and Yevgen Chebotar and Ted Xiao and Alex Irpan and Sergey Levine and Pablo Samuel Castro and Aleksandra Faust and Aviral Kumar and Rishabh Agarwal},
booktitle={Forty-first International Conference on Machine Learning},
year={2024},
url={https://openreview.net/forum?id=dVpFKfqF3R}
}