@inproceedings{GuptaGO21,
  author       = {Sharmi Dev Gupta and
                  Begum Genc and
                  Barry O'Sullivan},
  title        = {Explanation in Constraint Satisfaction: {A} Survey},
  booktitle    = {Proceedings of the Thirtieth International Joint Conference on Artificial
                  Intelligence (IJCAI)},
  pages        = {4400--4407},
  year         = {2021},
}

@article{SilaghiY09,
  author       = {Marius{-}Calin Silaghi and
                  Makoto Yokoo},
  title        = {{ADOPT}-ing: unifying asynchronous distributed optimization with asynchronous
                  backtracking},
  journal      = {Autonomous Agents and Multi-Agent Systems},
  volume       = {19},
  number       = {2},
  pages        = {89--123},
  year         = {2009},
}

@book{Yokoo00,
 author               = {Makoto Yokoo and Katsutoshi Hirayama},
 publisher            = {Springer Verlag},
 title                = {Distributed Constraint Satisfaction Problems},
 year                 = {2000},
 }

@inproceedings{laborie14,
  title={An Optimal Iterative Algorithm for Extracting {MUC}s in a Black-box Constraint Network},
  author={Philippe Laborie},
  booktitle={Proceedings of the European Conference on Artificial Intelligence (ECAI)},
    pages={1051-1052},
  year={2014}  
}

@article{liffiton2008algorithms,
  title={Algorithms for Computing Minimal Unsatisfiable Subsets of Constraints},
  author={Liffiton, Mark and Sakallah, Karem A},
  journal={Journal of Automated Reasoning},
  volume={40},
  pages={1--33},
  year={2008},
  publisher={Springer}
}

@article{schiex:94,
 author               = {Thomas Schiex and G\'{e}rard Verfaillie},
 journal              = {International Journal of Artificial Intelligence Tools},
 number               = {2},
 pages                = {187--207},
 title                = {Nogood Recording for Static and Dynamic Constraint Satisfaction Problems},
 volume               = {3},
 year                 = {1994},
 }

@inproceedings{vas21,
  title={On Exploiting Hitting Sets for Model Reconciliation},
  author={Stylianos Loukas Vasileiou and Alessandro Previti and William Yeoh},
  booktitle={Proceedings of the AAAI Conference on Artificial Intelligence (AAAI)},
  pages={6514--6521},
  year={2021}
}

@inproceedings{vasileioua2023lasp,
  title={A Logic-based Framework for Explainable Agent Scheduling Problems},
  author={Vasileiou, Stylianos Loukas and Xu, Borong and Yeoh, William},
  booktitle={Proceedings of the European Conference on Artificial Intelligence (ECAI)},
    pages={2402-2410},
  year={2023}  
}

