@inproceedings{anderson2018vision,
  title={Vision-and-language navigation: Interpreting visually-grounded navigation instructions in real environments},
  author={Anderson, Peter and Wu, Qi and Teney, Damien and Bruce, Jake and Johnson, Mark and S{\"u}nderhauf, Niko and Reid, Ian and Gould, Stephen and Van Den Hengel, Anton},
  booktitle={Proceedings of the IEEE conference on computer vision and pattern recognition},
  pages={3674--3683},
  year={2018}
}

@article{chaplot2020object,
  title={Object goal navigation using goal-oriented semantic exploration},
  author={Chaplot, Devendra Singh and Gandhi, Dhiraj Prakashchand and Gupta, Abhinav and Salakhutdinov, Russ R},
  journal={Advances in Neural Information Processing Systems},
  volume={33},
  pages={4247--4258},
  year={2020}
}

@article{chen2021history,
  title={History aware multimodal transformer for vision-and-language navigation},
  author={Chen, Shizhe and Guhur, Pierre-Louis and Schmid, Cordelia and Laptev, Ivan},
  journal={Advances in neural information processing systems},
  volume={34},
  pages={5834--5847},
  year={2021}
}

@inproceedings{du2021curious,
  title={Curious representation learning for embodied intelligence},
  author={Du, Yilun and Gan, Chuang and Isola, Phillip},
  booktitle={Proceedings of the IEEE/CVF International Conference on Computer Vision},
  pages={10408--10417},
  year={2021}
}

@inproceedings{du2023object,
  title={Object-goal visual navigation via effective exploration of relations among historical navigation states},
  author={Du, Heming and Li, Lincheng and Huang, Zi and Yu, Xin},
  booktitle={Proceedings of the IEEE/CVF Conference on Computer Vision and Pattern Recognition},
  pages={2563--2573},
  year={2023}
}

@inproceedings{kim2023topological,
  title={Topological semantic graph memory for image-goal navigation},
  author={Kim, Nuri and Kwon, Obin and Yoo, Hwiyeon and Choi, Yunho and Park, Jeongho and Oh, Songhwai},
  booktitle={Conference on Robot Learning},
  pages={393--402},
  year={2023},
  organization={PMLR}
}

@inproceedings{krantz2023iterative,
  title={Iterative vision-and-language navigation},
  author={Krantz, Jacob and Banerjee, Shurjo and Zhu, Wang and Corso, Jason and Anderson, Peter and Lee, Stefan and Thomason, Jesse},
  booktitle={Proceedings of the IEEE/CVF Conference on Computer Vision and Pattern Recognition},
  pages={14921--14930},
  year={2023}
}

@inproceedings{krantz2023navigating,
  title={Navigating to objects specified by images},
  author={Krantz, Jacob and Gervet, Theophile and Yadav, Karmesh and Wang, Austin and Paxton, Chris and Mottaghi, Roozbeh and Batra, Dhruv and Malik, Jitendra and Lee, Stefan and Chaplot, Devendra Singh},
  booktitle={Proceedings of the IEEE/CVF International Conference on Computer Vision},
  pages={10916--10925},
  year={2023}
}

@inproceedings{kwon2023renderable,
  title={Renderable neural radiance map for visual navigation},
  author={Kwon, Obin and Park, Jeongho and Oh, Songhwai},
  booktitle={Proceedings of the IEEE/CVF Conference on Computer Vision and Pattern Recognition},
  pages={9099--9108},
  year={2023}
}

@inproceedings{li2022envedit,
  title={Envedit: Environment editing for vision-and-language navigation},
  author={Li, Jialu and Tan, Hao and Bansal, Mohit},
  booktitle={Proceedings of the IEEE/CVF Conference on Computer Vision and Pattern Recognition},
  pages={15407--15417},
  year={2022}
}

@inproceedings{li2023improving,
  title={Improving vision-and-language navigation by generating future-view image semantics},
  author={Li, Jialu and Bansal, Mohit},
  booktitle={Proceedings of the IEEE/CVF Conference on Computer Vision and Pattern Recognition},
  pages={10803--10812},
  year={2023}
}

@inproceedings{li2023kerm,
  title={Kerm: Knowledge enhanced reasoning for vision-and-language navigation},
  author={Li, Xiangyang and Wang, Zihan and Yang, Jiahao and Wang, Yaowei and Jiang, Shuqiang},
  booktitle={Proceedings of the IEEE/CVF Conference on Computer Vision and Pattern Recognition},
  pages={2583--2592},
  year={2023}
}

@inproceedings{li2024memonav,
  title={MemoNav: Working Memory Model for Visual Navigation},
  author={Li, Hongxin and Wang, Zeyu and Yang, Xu and Yang, Yuran and Mei, Shuqi and Zhang, Zhaoxiang},
  booktitle={Proceedings of the IEEE/CVF Conference on Computer Vision and Pattern Recognition},
  pages={17913--17922},
  year={2024}
}

@inproceedings{liu2024caven,
  title={CAVEN: An Embodied Conversational Agent for Efficient Audio-Visual Navigation in Noisy Environments},
  author={Liu, Xiulong and Paul, Sudipta and Chatterjee, Moitreya and Cherian, Anoop},
  booktitle={Proceedings of the AAAI Conference on Artificial Intelligence},
  volume={38},
  number={4},
  pages={3765--3773},
  year={2024}
}

@article{majumdar2022zson,
  title={Zson: Zero-shot object-goal navigation using multimodal goal embeddings},
  author={Majumdar, Arjun and Aggarwal, Gunjan and Devnani, Bhavika and Hoffman, Judy and Batra, Dhruv},
  journal={Advances in Neural Information Processing Systems},
  volume={35},
  pages={32340--32352},
  year={2022}
}

@inproceedings{mayo2021visual,
  title={Visual navigation with spatial attention},
  author={Mayo, Bar and Hazan, Tamir and Tal, Ayellet},
  booktitle={Proceedings of the IEEE/CVF conference on computer vision and pattern recognition},
  pages={16898--16907},
  year={2021}
}

@inproceedings{mezghan2022memory,
  title={Memory-augmented reinforcement learning for image-goal navigation},
  author={Mezghan, Lina and Sukhbaatar, Sainbayar and Lavril, Thibaut and Maksymets, Oleksandr and Batra, Dhruv and Bojanowski, Piotr and Alahari, Karteek},
  booktitle={2022 IEEE/RSJ International Conference on Intelligent Robots and Systems (IROS)},
  pages={3316--3323},
  year={2022},
  organization={IEEE}
}

@article{paul2022avlen,
  title={Avlen: Audio-visual-language embodied navigation in 3d environments},
  author={Paul, Sudipta and Roy-Chowdhury, Amit and Cherian, Anoop},
  journal={Advances in Neural Information Processing Systems},
  volume={35},
  pages={6236--6249},
  year={2022}
}

@article{pelluri2024transformers,
  title={Transformers for Image-Goal Navigation},
  author={Pelluri, Nikhilanj},
  journal={arXiv preprint arXiv:2405.14128},
  year={2024}
}

@inproceedings{qiao2022hop,
  title={Hop: History-and-order aware pre-training for vision-and-language navigation},
  author={Qiao, Yanyuan and Qi, Yuankai and Hong, Yicong and Yu, Zheng and Wang, Peng and Wu, Qi},
  booktitle={Proceedings of the IEEE/CVF Conference on Computer Vision and Pattern Recognition},
  pages={15418--15427},
  year={2022}
}

@inproceedings{radford2021learning,
  title={Learning transferable visual models from natural language supervision},
  author={Radford, Alec and Kim, Jong Wook and Hallacy, Chris and Ramesh, Aditya and Goh, Gabriel and Agarwal, Sandhini and Sastry, Girish and Askell, Amanda and Mishkin, Pamela and Clark, Jack and others},
  booktitle={International conference on machine learning},
  pages={8748--8763},
  year={2021},
  organization={PMLR}
}

@article{sun2024fgprompt,
  title={FGPrompt: fine-grained goal prompting for image-goal navigation},
  author={Sun, Xinyu and Chen, Peihao and Fan, Jugang and Chen, Jian and Li, Thomas and Tan, Mingkui},
  journal={Advances in Neural Information Processing Systems},
  volume={36},
  year={2024}
}

@inproceedings{sun2025prioritized,
  title={Prioritized semantic learning for zero-shot instance navigation},
  author={Sun, Xinyu and Liu, Lizhao and Zhi, Hongyan and Qiu, Ronghe and Liang, Junwei},
  booktitle={European Conference on Computer Vision},
  pages={161--178},
  year={2025},
  organization={Springer}
}

@inproceedings{thomason2020vision,
  title={Vision-and-dialog navigation},
  author={Thomason, Jesse and Murray, Michael and Cakmak, Maya and Zettlemoyer, Luke},
  booktitle={Conference on Robot Learning},
  pages={394--406},
  year={2020},
  organization={PMLR}
}

@inproceedings{wang2023scaling,
  title={Scaling data generation in vision-and-language navigation},
  author={Wang, Zun and Li, Jialu and Hong, Yicong and Wang, Yi and Wu, Qi and Bansal, Mohit and Gould, Stephen and Tan, Hao and Qiao, Yu},
  booktitle={Proceedings of the IEEE/CVF International Conference on Computer Vision},
  pages={12009--12020},
  year={2023}
}

@inproceedings{wang2024lookahead,
  title={Lookahead Exploration with Neural Radiance Representation for Continuous Vision-Language Navigation},
  author={Wang, Zihan and Li, Xiangyang and Yang, Jiahao and Liu, Yeqi and Hu, Junjie and Jiang, Ming and Jiang, Shuqiang},
  booktitle={Proceedings of the IEEE/CVF Conference on Computer Vision and Pattern Recognition},
  pages={13753--13762},
  year={2024}
}

@inproceedings{zhang2024dialoc,
  title={DiaLoc: An Iterative Approach to Embodied Dialog Localization},
  author={Zhang, Chao and Li, Mohan and Budvytis, Ignas and Liwicki, Stephan},
  booktitle={Proceedings of the IEEE/CVF Conference on Computer Vision and Pattern Recognition},
  pages={12585--12593},
  year={2024}
}

@inproceedings{zhang2024imagine,
  title={Imagine Before Go: Self-Supervised Generative Map for Object Goal Navigation},
  author={Zhang, Sixian and Yu, Xinyao and Song, Xinhang and Wang, Xiaohan and Jiang, Shuqiang},
  booktitle={Proceedings of the IEEE/CVF Conference on Computer Vision and Pattern Recognition},
  pages={16414--16425},
  year={2024}
}

@inproceedings{zhao2024over,
  title={OVER-NAV: Elevating Iterative Vision-and-Language Navigation with Open-Vocabulary Detection and StructurEd Representation},
  author={Zhao, Ganlong and Li, Guanbin and Chen, Weikai and Yu, Yizhou},
  booktitle={Proceedings of the IEEE/CVF Conference on Computer Vision and Pattern Recognition},
  pages={16296--16306},
  year={2024}
}

