@article{dettmers2023qlora,
  title={Qlora: Efficient finetuning of quantized llms},
  author={Dettmers, Tim and Pagnoni, Artidoro and Holtzman, Ari and Zettlemoyer, Luke},
  journal={Advances in Neural Information Processing Systems},
  volume={36},
  year={2023}
}

@article{xu2023qa,
  title={Qa-lora: Quantization-aware low-rank adaptation of large language models},
  author={Xu, Yuhui and Xie, Lingxi and Gu, Xiaotao and Chen, Xin and Chang, Heng and Zhang, Hengheng and Chen, Zhengsu and Zhang, Xiaopeng and Tian, Qi},
  journal={arXiv preprint arXiv:2309.14717},
  year={2023}
}

@article{lee2024improving,
  title={Improving Conversational Abilities of Quantized Large Language Models via Direct Preference Alignment},
  author={Lee, Janghwan and Park, Seongmin and Hong, Sukjin and Kim, Minsoo and Chang, Du-Seong and Choi, Jungwook},
  journal={arXiv preprint arXiv:2407.03051},
  year={2024}
}

@article{liang2020just,
author = {Tengyuan Liang and Alexander Rakhlin},
title = {{Just interpolate: Kernel “Ridgeless” regression can generalize}},
volume = {48},
journal = {The Annals of Statistics},
number = {3},
publisher = {Institute of Mathematical Statistics},
pages = {1329 -- 1347},
year = {2020},
}


@article{fino1976unified,
  title={Unified matrix treatment of the fast Walsh-Hadamard transform},
  author={Fino and Algazi},
  journal={IEEE Transactions on Computers},
  volume={100},
  number={11},
  pages={1142--1146},
  year={1976},
  publisher={IEEE}
}

@article{li2024getting,
  title={Getting More Juice Out of the SFT Data: Reward Learning from Human Demonstration Improves SFT for LLM Alignment},
  author={Li, Jiaxiang and Zeng, Siliang and Wai, Hoi-To and Li, Chenliang and Garcia, Alfredo and Hong, Mingyi},
  journal={arXiv preprint arXiv:2405.17888},
  year={2024}
}

@article{rafailov2024direct,
  title={Direct preference optimization: Your language model is secretly a reward model},
  author={Rafailov, Rafael and Sharma, Archit and Mitchell, Eric and Manning, Christopher D and Ermon, Stefano and Finn, Chelsea},
  journal={Advances in Neural Information Processing Systems},
  volume={36},
  year={2024}
}

@article{chen2024self,
  title={Self-play fine-tuning converts weak language models to strong language models},
  author={Chen, Zixiang and Deng, Yihe and Yuan, Huizhuo and Ji, Kaixuan and Gu, Quanquan},
  journal={arXiv preprint arXiv:2401.01335},
  year={2024}
}

@inproceedings{li2022state,
  title={State dependent performative prediction with stochastic approximation},
  author={Li, Qiang and Wai, Hoi-To},
  booktitle={International Conference on Artificial Intelligence and Statistics},
  pages={3164--3186},
  year={2022},
  organization={PMLR}
}

@article{roy2022constrained,
  title={Constrained Stochastic Nonconvex Optimization with State-dependent Markov Data},
  author={Roy, Abhishek and Balasubramanian, Krishnakumar and Ghadimi, Saeed},
  journal={Advances in Neural Information Processing Systems},
  volume={35},
  pages={23256--23270},
  year={2022}
}

@article{zeng2022structural,
  title={Structural estimation of markov decision processes in high-dimensional state space with finite-time guarantees},
  author={Zeng, Siliang and Hong, Mingyi and Garcia, Alfredo},
  journal={arXiv preprint arXiv:2210.01282},
  year={2022}
}

@article{hu2021lora,
  title={Lora: Low-rank adaptation of large language models},
  author={Hu, Edward J and Shen, Yelong and Wallis, Phillip and Allen-Zhu, Zeyuan and Li, Yuanzhi and Wang, Shean and Wang, Lu and Chen, Weizhu},
  journal={arXiv preprint arXiv:2106.09685},
  year={2021}
}

@article{christiano2017deep,
  title={Deep reinforcement learning from human preferences},
  author={Christiano, Paul F and Leike, Jan and Brown, Tom and Martic, Miljan and Legg, Shane and Amodei, Dario},
  journal={Advances in neural information processing systems},
  volume={30},
  year={2017}
}

@article{zhu2023fine,
  title={Fine-tuning language models with advantage-induced policy alignment},
  author={Zhu, Banghua and Sharma, Hiteshi and Frujeri, Felipe Vieira and Dong, Shi and Zhu, Chenguang and Jordan, Michael I and Jiao, Jiantao},
  journal={arXiv preprint arXiv:2306.02231},
  year={2023}
}

@inproceedings{ziebart2008maximum,
  title={Maximum entropy inverse reinforcement learning.},
  author={Ziebart, Brian D and Maas, Andrew L and Bagnell, J Andrew and Dey, Anind K and others},
  booktitle={Aaai},
  volume={8},
  pages={1433--1438},
  year={2008},
  organization={Chicago, IL, USA}
}

@article{bradley1952rank,
  title={Rank analysis of incomplete block designs: I. The method of paired comparisons},
  author={Bradley, Ralph Allan and Terry, Milton E},
  journal={Biometrika},
  volume={39},
  number={3/4},
  pages={324--345},
  year={1952},
  publisher={JSTOR}
}

@article{schulman2017proximal,
  title={Proximal policy optimization algorithms},
  author={Schulman, John and Wolski, Filip and Dhariwal, Prafulla and Radford, Alec and Klimov, Oleg},
  journal={arXiv preprint arXiv:1707.06347},
  year={2017}
}

@article{zeng2022maximum,
  title={Maximum-likelihood inverse reinforcement learning with finite-time guarantees},
  author={Zeng, Siliang and Li, Chenliang and Garcia, Alfredo and Hong, Mingyi},
  journal={Advances in Neural Information Processing Systems},
  volume={35},
  pages={10122--10135},
  year={2022}
}

@article{luo2023empirical,
  title={An empirical study of catastrophic forgetting in large language models during continual fine-tuning},
  author={Luo, Yun and Yang, Zhen and Meng, Fandong and Li, Yafu and Zhou, Jie and Zhang, Yue},
  journal={arXiv preprint arXiv:2308.08747},
  year={2023}
}

@article{xu2024dpo,
  title={Is DPO Superior to PPO for LLM Alignment? A Comprehensive Study},
  author={Xu, Shusheng and Fu, Wei and Gao, Jiaxuan and Ye, Wenjie and Liu, Weilin and Mei, Zhiyu and Wang, Guangju and Yu, Chao and Wu, Yi},
  journal={arXiv preprint arXiv:2404.10719},
  year={2024}
}

@misc{open-llm-leaderboard,
  author = {Edward Beeching and Clémentine Fourrier and Nathan Habib and Sheon Han and Nathan Lambert and Nazneen Rajani and Omar Sanseviero and Lewis Tunstall and Thomas Wolf},
  title = {Open LLM Leaderboard},
  year = {2023},
  publisher = {Hugging Face},
  howpublished = "\url{https://huggingface.co/spaces/HuggingFaceH4/open_llm_leaderboard}"
}

@misc{eval-harness,
  author       = {Gao, Leo and Tow, Jonathan and Abbasi, Baber and Biderman, Stella and Black, Sid and DiPofi, Anthony and Foster, Charles and Golding, Laurence and Hsu, Jeffrey and Le Noac'h, Alain and Li, Haonan and McDonell, Kyle and Muennighoff, Niklas and Ociepa, Chris and Phang, Jason and Reynolds, Laria and Schoelkopf, Hailey and Skowron, Aviya and Sutawika, Lintang and Tang, Eric and Thite, Anish and Wang, Ben and Wang, Kevin and Zou, Andy},
  title        = {A framework for few-shot language model evaluation},
  month        = 12,
  year         = 2023,
  publisher    = {Zenodo},
  version      = {v0.4.0},
  doi          = {10.5281/zenodo.10256836},
  url          = {https://zenodo.org/records/10256836}
}

@inproceedings{safe-rlhf,
  title={Safe RLHF: Safe Reinforcement Learning from Human Feedback},
  author={Josef Dai and Xuehai Pan and Ruiyang Sun and Jiaming Ji and Xinbo Xu and Mickel Liu and Yizhou Wang and Yaodong Yang},
  booktitle={The Twelfth International Conference on Learning Representations},
  year={2024},
  url={https://openreview.net/forum?id=TyFrPOKYXw}
}
@inproceedings{beavertails,
  title={BeaverTails: Towards Improved Safety Alignment of {LLM} via a Human-Preference Dataset},
  author={Jiaming Ji and Mickel Liu and Juntao Dai and Xuehai Pan and Chi Zhang and Ce Bian and Boyuan Chen and Ruiyang Sun and Yizhou Wang and Yaodong Yang},
  booktitle={Thirty-seventh Conference on Neural Information Processing Systems Datasets and Benchmarks Track},
  year={2023},
  url={https://openreview.net/forum?id=g0QovXbFw3}
}

@article{osa2018algorithmic,
  title={An algorithmic perspective on imitation learning},
  author={Osa, Takayuki and Pajarinen, Joni and Neumann, Gerhard and Bagnell, J Andrew and Abbeel, Pieter and Peters, Jan and others},
  journal={Foundations and Trends{\textregistered} in Robotics},
  volume={7},
  number={1-2},
  pages={1--179},
  year={2018},
  publisher={Now Publishers, Inc.}
}

@article{ahmadian2024back,
  title={Back to Basics: Revisiting REINFORCE Style Optimization for Learning from Human Feedback in LLMs},
  author={Ahmadian, Arash and Cremer, Chris and Gall{\'e}, Matthias and Fadaee, Marzieh and Kreutzer, Julia and {\"U}st{\"u}n, Ahmet and Hooker, Sara},
  journal={arXiv preprint arXiv:2402.14740},
  year={2024}
}

@article{ziebart2013principle,
  title={The principle of maximum causal entropy for estimating interacting processes},
  author={Ziebart, Brian D and Bagnell, J Andrew and Dey, Anind K},
  journal={IEEE Transactions on Information Theory},
  volume={59},
  number={4},
  pages={1966--1980},
  year={2013},
  publisher={IEEE}
}

@article{singh2023beyond,
  title={Beyond human data: Scaling self-training for problem-solving with language models},
  author={Singh, Avi and Co-Reyes, John D and Agarwal, Rishabh and Anand, Ankesh and Patil, Piyush and Liu, Peter J and Harrison, James and Lee, Jaehoon and Xu, Kelvin and Parisi, Aaron and others},
  journal={arXiv preprint arXiv:2312.06585},
  year={2023}
}

@article{burns2023weak,
  title={Weak-to-strong generalization: Eliciting strong capabilities with weak supervision},
  author={Burns, Collin and Izmailov, Pavel and Kirchner, Jan Hendrik and Baker, Bowen and Gao, Leo and Aschenbrenner, Leopold and Chen, Yining and Ecoffet, Adrien and Joglekar, Manas and Leike, Jan and others},
  journal={arXiv preprint arXiv:2312.09390},
  year={2023}
}

@article{yuan2024self,
  title={Self-rewarding language models},
  author={Yuan, Weizhe and Pang, Richard Yuanzhe and Cho, Kyunghyun and Sukhbaatar, Sainbayar and Xu, Jing and Weston, Jason},
  journal={arXiv preprint arXiv:2401.10020},
  year={2024}
}

@article{tunstall2023zephyr,
  title={Zephyr: Direct distillation of lm alignment},
  author={Tunstall, Lewis and Beeching, Edward and Lambert, Nathan and Rajani, Nazneen and Rasul, Kashif and Belkada, Younes and Huang, Shengyi and von Werra, Leandro and Fourrier, Cl{\'e}mentine and Habib, Nathan and others},
  journal={arXiv preprint arXiv:2310.16944},
  year={2023}
}



@inproceedings{liu2020learning,
  title={Learning to summarize from human feedback},
  author={Liu, Fei and others},
  booktitle={Proceedings of the 58th Annual Meeting of the Association for Computational Linguistics},
  year={2020}
}

@article{ziegler2019fine,
  title={Fine-tuning language models from human preferences},
  author={Ziegler, Daniel M and Stiennon, Nisan and Wu, Jeffrey and Brown, Tom B and Radford, Alec and Amodei, Dario and Christiano, Paul and Irving, Geoffrey},
  journal={arXiv preprint arXiv:1909.08593},
  year={2019}
}

@article{ramamurthy2022reinforcement,
  title={Is reinforcement learning (not) for natural language processing: Benchmarks, baselines, and building blocks for natural language policy optimization},
  author={Ramamurthy, Rajkumar and Ammanabrolu, Prithviraj and Brantley, Kiant{\'e} and Hessel, Jack and Sifa, Rafet and Bauckhage, Christian and Hajishirzi, Hannaneh and Choi, Yejin},
  journal={arXiv preprint arXiv:2210.01241},
  year={2022}
}

@article{williams1992simple,
  title={Simple statistical gradient-following algorithms for connectionist reinforcement learning},
  author={Williams, Ronald J},
  journal={Machine learning},
  volume={8},
  pages={229--256},
  year={1992},
  publisher={Springer}
}

@article{levine2011nonlinear,
  title={Nonlinear inverse reinforcement learning with gaussian processes},
  author={Levine, Sergey and Popovic, Zoran and Koltun, Vladlen},
  journal={Advances in neural information processing systems},
  volume={24},
  year={2011}
}

@inproceedings{bloem2014infinite,
  title={Infinite time horizon maximum causal entropy inverse reinforcement learning},
  author={Bloem, Michael and Bambos, Nicholas},
  booktitle={53rd IEEE conference on decision and control},
  pages={4911--4916},
  year={2014},
  organization={IEEE}
}

@article{pomerleau1988alvinn,
  title={Alvinn: An autonomous land vehicle in a neural network},
  author={Pomerleau, Dean A},
  journal={Advances in neural information processing systems},
  volume={1},
  year={1988}
}

@article{bai2022training,
  title={Training a helpful and harmless assistant with reinforcement learning from human feedback},
  author={Bai, Yuntao and Jones, Andy and Ndousse, Kamal and Askell, Amanda and Chen, Anna and DasSarma, Nova and Drain, Dawn and Fort, Stanislav and Ganguli, Deep and Henighan, Tom and others},
  journal={arXiv preprint arXiv:2204.05862},
  year={2022}
}

@article{ding2023enhancing,
  title={Enhancing chat language models by scaling high-quality instructional conversations},
  author={Ding, Ning and Chen, Yulin and Xu, Bokai and Qin, Yujia and Zheng, Zhi and Hu, Shengding and Liu, Zhiyuan and Sun, Maosong and Zhou, Bowen},
  journal={arXiv preprint arXiv:2305.14233},
  year={2023}
}

@article{clark2018think,
  title={Think you have solved question answering? try arc, the ai2 reasoning challenge},
  author={Clark, Peter and Cowhey, Isaac and Etzioni, Oren and Khot, Tushar and Sabharwal, Ashish and Schoenick, Carissa and Tafjord, Oyvind},
  journal={arXiv preprint arXiv:1803.05457},
  year={2018}
}

@article{zellers2019hellaswag,
  title={Hellaswag: Can a machine really finish your sentence?},
  author={Zellers, Rowan and Holtzman, Ari and Bisk, Yonatan and Farhadi, Ali and Choi, Yejin},
  journal={arXiv preprint arXiv:1905.07830},
  year={2019}
}

@article{sakaguchi2021winogrande,
  title={Winogrande: An adversarial winograd schema challenge at scale},
  author={Sakaguchi, Keisuke and Bras, Ronan Le and Bhagavatula, Chandra and Choi, Yejin},
  journal={Communications of the ACM},
  volume={64},
  number={9},
  pages={99--106},
  year={2021},
  publisher={ACM New York, NY, USA}
}

@article{liu2023sophia,
  title={Sophia: A scalable stochastic second-order optimizer for language model pre-training},
  author={Liu, Hong and Li, Zhiyuan and Hall, David and Liang, Percy and Ma, Tengyu},
  journal={arXiv preprint arXiv:2305.14342},
  year={2023}
}

@inproceedings{ross2011reduction,
  title={A reduction of imitation learning and structured prediction to no-regret online learning},
  author={Ross, St{\'e}phane and Gordon, Geoffrey and Bagnell, Drew},
  booktitle={Proceedings of the fourteenth international conference on artificial intelligence and statistics},
  pages={627--635},
  year={2011},
  organization={JMLR Workshop and Conference Proceedings}
}

@article{ho2016generative,
  title={Generative adversarial imitation learning},
  author={Ho, Jonathan and Ermon, Stefano},
  journal={Advances in neural information processing systems},
  volume={29},
  year={2016}
}

@inproceedings{rajbhandari2020zero,
  title={Zero: Memory optimizations toward training trillion parameter models},
  author={Rajbhandari, Samyam and Rasley, Jeff and Ruwase, Olatunji and He, Yuxiong},
  booktitle={SC20: International Conference for High Performance Computing, Networking, Storage and Analysis},
  pages={1--16},
  year={2020},
  organization={IEEE}
}

@misc{vonwerra2022trl,
  author = {Leandro von Werra and Younes Belkada and Lewis Tunstall and Edward Beeching and Tristan Thrush and Nathan Lambert and Shengyi Huang},
  title = {TRL: Transformer Reinforcement Learning},
  year = {2020},
  publisher = {GitHub},
  journal = {GitHub repository},
  howpublished = {\url{https://github.com/huggingface/trl}}
}

@article{dao2023flashattention,
  title={Flashattention-2: Faster attention with better parallelism and work partitioning},
  author={Dao, Tri},
  journal={arXiv preprint arXiv:2307.08691},
  year={2023}
}

@article{hinton2012neural,
  title={Neural networks for machine learning lecture 6a overview of mini-batch gradient descent},
  author={Hinton, Geoffrey and Srivastava, Nitish and Swersky, Kevin},
  journal={Cited on},
  volume={14},
  number={8},
  pages={2},
  year={2012}
}

@article{courbariaux2015binaryconnect,
  title={Binaryconnect: Training deep neural networks with binary weights during propagations},
  author={Courbariaux, Matthieu and Bengio, Yoshua and David, Jean-Pierre},
  journal={Advances in neural information processing systems},
  volume={28},
  year={2015}
}

@article{bai2018proxquant,
  title={Proxquant: Quantized neural networks via proximal operators},
  author={Bai, Yu and Wang, Yu-Xiang and Liberty, Edo},
  journal={arXiv preprint arXiv:1810.00861},
  year={2018}
}

@article{yang2024qwen2,
  title={Qwen2. 5 technical report},
  author={Yang, An and Yang, Baosong and Zhang, Beichen and Hui, Binyuan and Zheng, Bo and Yu, Bowen and Li, Chengyuan and Liu, Dayiheng and Huang, Fei and Wei, Haoran and others},
  journal={arXiv preprint arXiv:2412.15115},
  year={2024}
}

@article{panferov2025quest,
  title={QuEST: Stable Training of LLMs with 1-Bit Weights and Activations},
  author={Panferov, Andrei and Chen, Jiale and Tabesh, Soroush and Castro, Roberto L and Nikdan, Mahdi and Alistarh, Dan},
  journal={arXiv preprint arXiv:2502.05003},
  year={2025}
}
