@inproceedings{Alexandre2016lstm,
  title={Social lstm: Human trajectory prediction in crowded spaces},
  author={Alahi, Alexandre and Goel, Kratarth and Ramanathan, Vignesh and Robicquet, Alexandre and Fei-Fei, Li and Savarese, Silvio},
  booktitle={Proc. IEEE Conf. Comput. Vis. Pattern Recognit.},
  pages={961--971},
  year={2016}
}

@ARTICLE{Berenguer2021contextual,
  author={Díaz Berenguer, Abel and Alioscha-Perez, Mitchel and Oveneke, Meshia Cédric and Sahli, Hichem},
  journal={IEEE Trans. Circuits Syst. Video Technol}, 
  title={Context-Aware Human Trajectories Prediction via Latent Variational Model}, 
  year={2021},
  volume={31},
  number={5},
  pages={1876-1889},
  }

@article{HochSchm1997lstm,
  title={Long short-term memory},
  author={Hochreiter, Sepp and Schmidhuber, J{\"u}rgen},
  journal={Neural computation},
  volume={9},
  number={8},
  pages={1735--1780},
  year={1997},
  publisher={MIT press}
}

@inproceedings{Mohamed2020socialstgcnn,
  title={Social-stgcnn: A social spatio-temporal graph convolutional neural network for human trajectory prediction},
  author={Mohamed, Abduallah and Qian, Kun and Elhoseiny, Mohamed and Claudel, Christian},
  booktitle={Proc. IEEE Conf. Comput. Vis. Pattern Recognit.},
  pages={14424--14432},
  year={2020}
}

@article{Xu2022GroupNetMH,
  title={GroupNet: Multiscale Hypergraph Neural Networks for Trajectory Prediction with Relational Reasoning},
  author={Chenxin Xu and Maosen Li and Zhenyang Ni and Ya Zhang and Siheng Chen},
  journal={Proc. IEEE/CVF Conf. Comput. Vis. Pattern Recognit.},
  year={2022},
  pages={6488-6497},
}

@inproceedings{bae2022gpgraph,
  title={Learning pedestrian group representations for multi-modal trajectory prediction},
  author={Bae, Inhwan and Park, Jin-Hwi and Jeon, Hae-Gon},
  booktitle={Proc. Eur. Conf. Comput. Vis.},
  pages={270--289},
  year={2022},
  organization={Springer}
}

@inproceedings{bae2023eigentrajectory,
  title={EigenTrajectory: Low-Rank Descriptors for Multi-Modal Trajectory Forecasting},
  author={Bae, Inhwan and Oh, Jean and Jeon, Hae-Gon},
  booktitle={Proc. IEEE/CVF Int. Conf. Comput. Vis.},
  year={2023}
}

@article{bai2018TCN,
  title={An empirical evaluation of generic convolutional and recurrent networks for sequence modeling},
  author={Bai, Shaojie and Kolter, J Zico and Koltun, Vladlen},
  journal={arXiv preprint arXiv:1803.01271},
  year={2018}
}

@ARTICLE{chen2023ppnet,
  author={Chen, Weihuang and Yang, Zhigang and Xue, Lingyang and Duan, Jinghai and Sun, Hongbin and Zheng, Nanning},
  journal={IEEE Trans. Circuits Syst. Video Technol.}, 
  title={Multimodal Pedestrian Trajectory Prediction Using Probabilistic Proposal Network}, 
  year={2023},
  volume={33},
  number={6},
  pages={2877-2891},
  }

@inproceedings{gupta2018socialgan,
  title={Social gan: Socially acceptable trajectories with generative adversarial networks},
  author={Gupta, Agrim and Johnson, Justin and Fei-Fei, Li and Savarese, Silvio and Alahi, Alexandre},
  booktitle={Proc. IEEE Conf. Comput. Vis. Pattern Recognit.},
  pages={2255--2264},
  year={2018}
}

@inproceedings{huang2019stgat,
  title={Stgat: Modeling spatial-temporal interactions for human trajectory prediction},
  author={Huang, Yingfan and Bi, Huikun and Li, Zhaoxin and Mao, Tianlu and Wang, Zhaoqi},
  booktitle={Proc. IEEE/CVF Int. Conf. Comput. Vis.},
  pages={6272--6281},
  year={2019}
}

@inproceedings{kipf2016GCN,
  title={Semi-Supervised Classification with Graph Convolutional Networks},
  author={Kipf, Thomas N. and Welling, Max},
  booktitle={Proc. Int. Conf. Learn. Represent.},
  year={2017}
}

@article{kosaraju2019socialbigat,
  title={Social-bigat: Multimodal trajectory forecasting using bicycle-gan and graph attention networks},
  author={Kosaraju, Vineet and Sadeghian, Amir and Mart{\'\i}n-Mart{\'\i}n, Roberto and Reid, Ian and Rezatofighi, Hamid and Savarese, Silvio},
  journal={Proc. Adv. Neu. Inf. Process. Syst.},
  volume={32},
  year={2019}
}

@article{li2022graphdrug2,
  title={Multiphysical graph neural network (MP-GNN) for COVID-19 drug design},
  author={Li, Xiao-Shuang and Liu, Xiang and Lu, Le and Hua, Xian-Sheng and Chi, Ying and Xia, Kelin},
  journal={Briefings in bioinformatics},
  volume={23},
  number={4},
  pages={bbac231},
  year={2022},
  publisher={Oxford University Press}
}

@article{li2024mfan,
  title={MFAN: Mixing Feature Attention Network for trajectory prediction},
  author={Li, Jingzhong and Yang, Lin and Chen, Yuxuan and Jin, Yue},
  journal={Pattern Recognition},
  volume={146},
  pages={109997},
  year={2024},
  publisher={Elsevier}
}

@article{liu2023skeletonrecognition,
  title={Skeleton-based human action recognition via large-kernel attention graph convolutional network},
  author={Liu, Yanan and Zhang, Hao and Li, Yanqiu and He, Kangjian and Xu, Dan},
  journal={IEEE Trans. Vis. Comput. Graph.},
  volume={29},
  number={5},
  pages={2575--2585},
  year={2023},
  publisher={IEEE}
}

@article{mo2021edge_mask,
  title={Heterogeneous edge-enhanced graph attention network for multi-agent trajectory prediction},
  author={Mo, Xiaoyu and Xing, Yang and Lv, Chen},
  journal={arXiv preprint arXiv:2106.07161},
  year={2021}
}

@inproceedings{pei2022socialVAE,
  title={Socialvae: Human trajectory prediction using timewise latents},
  author={Xu, Pei and Hayet, Jean-Bernard and Karamouzas, Ioannis},
  booktitle={Proc. Eur. Conf. Comput. Vis.},
  pages={511--528},
  year={2022},
}

@ARTICLE{pei2024autofocusing,
  author={Pei, Zhao and Zhang, Jiaqing and Zhang, Wenwen and Wang, Miao and Wang, Jianing and Yang, Yee-Hong},
  journal={IEEE Trans. Circuits Syst. Video Technol.}, 
  title={Autofocusing for Synthetic Aperture Imaging Based on Pedestrian Trajectory Prediction}, 
  year={2024},
  volume={34},
  number={5},
  pages={3551-3562},}

@ARTICLE{peng2024mrgtraj,
  author={Peng, Yusheng and Zhang, Gaofeng and Shi, Jun and Li, Xiangyu and Zheng, Liping},
  journal={IEEE Trans. Circuits Syst. Video Technol.}, 
  title={MRGTraj: A Novel Non-Autoregressive Approach for Human Trajectory Prediction}, 
  year={2024},
  volume={34},
  number={4},
  pages={2318-2331},
  }

@inproceedings{qiao20222ggcn,
    title={Geometric Features Informed Multi-person Human-object Interaction Recognition in Videos},
    author={Qiao, Tanqiu and Men, Qianhui and Li, Frederick W. B. and Kubotani, Yoshiki and Morishima, Shigeo and Shum, Hubert P. H.},
    booktitle={Proc. Eur. Conf. Comput. Vis.},
    year={2022}
}

@inproceedings{ruochen2022multiclassSGCN,
  title={Multiclass-SGCN: Sparse Graph-Based Trajectory Prediction with Agent Class Embedding},
  author={Li, Ruochen and Katsigiannis, Stamos and Shum, Hubert PH},
  booktitle={IEEE Int. Conf. Image Process.},
  pages={2346--2350},
  year={2022},
  organization={IEEE}
}

@inproceedings{shi2021sgcn,
  title={SGCN: Sparse graph convolution network for pedestrian trajectory prediction},
  author={Shi, Liushuai and Wang, Le and Long, Chengjiang and Zhou, Sanping and Zhou, Mo and Niu, Zhenxing and Hua, Gang},
  booktitle={Proc. IEEE Conf. Comput. Vis. Pattern Recognit.},
  pages={8994--9003},
  year={2021}
}

@inproceedings{shi2023TUTR,
  title={Trajectory unified transformer for pedestrian trajectory prediction},
  author={Shi, Liushuai and Wang, Le and Zhou, Sanping and Hua, Gang},
  booktitle={Proc. IEEE/CVF Int. Conf. Comput. Vis.},
  pages={9675--9684},
  year={2023}
}

@article{sun2021reciprocaltrajectory,
  title={Reciprocal twin networks for pedestrian motion learning and future path prediction},
  author={Sun, Hao and Zhao, Zhiqun and Yin, Zhaozheng and He, Zhihai},
  journal={IEEE Trans. Circuits Syst. Video Technol.},
  volume={32},
  number={3},
  pages={1483--1497},
  year={2021},
  publisher={IEEE}
}

@article{vaswani2017transformer,
  title={Attention is all you need},
  author={Vaswani, Ashish and Shazeer, Noam and Parmar, Niki and Uszkoreit, Jakob and Jones, Llion and Gomez, Aidan N and Kaiser, {\L}ukasz and Polosukhin, Illia},
  journal={Advances in neural information processing systems},
  volume={30},
  year={2017}
}

@inproceedings{wang2019rs1,
  title={Neural graph collaborative filtering},
  author={Wang, Xiang and He, Xiangnan and Wang, Meng and Feng, Fuli and Chua, Tat-Seng},
  booktitle={Proc.Int. ACM SIGIR Conf. Res. Dev. Inf. Retrieval},
  pages={165--174},
  year={2019}
}

@inproceedings{xu2023gcvrnn,
  title={Uncovering the missing pattern: Unified framework towards trajectory imputation and prediction},
  author={Xu, Yi and Bazarjani, Armin and Chi, Hyung-gun and Choi, Chiho and Fu, Yun},
  booktitle={Proc. IEEE Conf. Comput. Vis. Pattern Recognit.},
  pages={9632--9643},
  year={2023}
}

@inproceedings{yan2018spatial,
  title={Spatial temporal graph convolutional networks for skeleton-based action recognition},
  author={Yan, Sijie and Xiong, Yuanjun and Lin, Dahua},
  booktitle={Proceedings of the AAAI conference on artificial intelligence},
  volume={32},
  number={1},
  year={2018}
}

@inproceedings{yu2018spatiotraffic,
    title={Spatio-temporal Graph Convolutional Networks: A Deep Learning Framework for Traffic Forecasting},
    author={Yu, Bing and Yin, Haoteng and Zhu, Zhanxing},
    booktitle={Int. Joint Conf. Artif. Intell.},
    year={2018}
}

