% Long form of conference & journal abbreviations -- especially for camera ready
@String(PAMI  = {IEEE Trans. Pattern Anal. Mach. Intell.})
@String(IJCV  = {Int. J. Comput. Vis.})
@String(CVPR  = {IEEE Conf. Comput. Vis. Pattern Recog.})
@String(ICCV  = {Int. Conf. Comput. Vis.})
@String(ECCV  = {Eur. Conf. Comput. Vis.})
@String(NeurIPS = {Adv. Neural Inform. Process. Syst.})
@String(ICML  = {Int. Conf. Mach. Learn.})
@String(ICLR  = {Int. Conf. Learn. Represent.})
@String(ACCV  = {Asian Conf. Comput. Vis.})
@String(BMVC  = {Brit. Mach. Vis. Conf.})
@String(CVPRW = {IEEE Conf. Comput. Vis. Pattern Recog. Worksh.})
@String(AAAI  = {AAAI})
@String(IJCAI = {IJCAI})
@String(ICIP  = {IEEE Int. Conf. Image Process.})
@String(ICPR  = {Int. Conf. Pattern Recog.})
@String(ICASSP=	{ICASSP})
@String(ICME  = {Int. Conf. Multimedia and Expo})
@String(JMLR  = {J. Mach. Learn. Res.})
@String(TMLR  = {Trans. Mach. Learn Res.})
@String(TOG   = {ACM Trans. Graph.})
@String(TIP   = {IEEE Trans. Image Process.})
@String(TVCG  = {IEEE Trans. Vis. Comput. Graph.})
@String(TCSVT = {IEEE Trans. Circuit Syst. Video Technol.})
@String(TMM   = {IEEE Trans. Multimedia})
@String(ACMMM = {ACM Int. Conf. Multimedia})
@String(PR    = {Pattern Recognition})

@String(MNI	  = {Nature Mach. Intell.})
@String(SPL	  = {IEEE Sign. Process. Letters})
@String(VR    = {Vis. Res.})
@String(JOV	  = {J. Vis.})
@String(TVC   = {The Vis. Comput.})
@String(JCST  = {J. Comput. Sci. Tech.})
@String(CGF   = {Comput. Graph. Forum})
@String(CVM   = {Computational Visual Media})


% Short form of conference & journal abbreviations -- especially for submission version
% if desired, remove these macros in favor of the above ones
@String(PAMI  = {IEEE TPAMI})
@String(IJCV  = {IJCV})
@String(CVPR  = {CVPR})
@String(ICCV  = {ICCV})
@String(ECCV  = {ECCV})
@String(NeurIPS = {NeurIPS})
@String(ICML  = {ICML})
@String(ICLR  = {ICLR})
@String(ACCV  = {ACCV})
@String(BMVC  =	{BMVC})
@String(CVPRW = {CVPRW})
@String(AAAI  = {AAAI})
@String(IJCAI = {IJCAI})
@String(ICIP  = {ICIP})
@String(ICPR  = {ICPR})
@String(ICASSP=	{ICASSP})
@String(ICME  =	{ICME})
@String(JMLR  = {JMLR})
@String(TMLR  = {TMLR})
@String(TOG   = {ACM TOG})
@String(TIP   = {IEEE TIP})
@String(TVCG  = {IEEE TVCG})
@String(TCSVT = {IEEE TCSVT})
@String(TMM   =	{IEEE TMM})
@String(ACMMM = {ACM MM})
@String(PR    = {PR})

@inproceedings{vemula2018socialattention,
  title={Social attention: Modeling attention in human crowds},
  author={Vemula, Anirudh and Muelling, Katharina and Oh, Jean},
  booktitle={IEEE Int. Conf. Robot. Autom.},
  pages={4601--4607},
  year={2018},
  organization={IEEE}
}

@article{hu2023holisticTransformer,
  title={Holistic transformer: A joint neural network for trajectory prediction and decision-making of autonomous vehicles},
  author={Hu, Hongyu and Wang, Qi and Zhang, Zhengguang and Li, Zhengyi and Gao, Zhenhai},
  journal={Pattern Recognition},
  volume={141},
  pages={109592},
  year={2023},
  publisher={Elsevier}
}

@article{kosaraju2019socialbigat,
  title={Social-bigat: Multimodal trajectory forecasting using bicycle-gan and graph attention networks},
  author={Kosaraju, Vineet and Sadeghian, Amir and Mart{\'\i}n-Mart{\'\i}n, Roberto and Reid, Ian and Rezatofighi, Hamid and Savarese, Silvio},
  journal={Proc. Adv. Neu. Inf. Process. Syst.},
  volume={32},
  year={2019}
}

@article{xu2023DecoupleSqueeze,
  title={Spatiotemporal Decouple-and-Squeeze Contrastive Learning for Semisupervised Skeleton-Based Action Recognition},
  author={Xu, Binqian and Shu, Xiangbo and Zhang, Jiachao and Dai, Guangzhao and Song, Yan},
  journal={IEEE Transactions on Neural Networks and Learning Systems},
  year={2023},
  publisher={IEEE}
}

@article{xu2023polymerization,
  title={Pyramid self-attention polymerization learning for semi-supervised skeleton-based action recognition},
  author={Xu, Binqian and Shu, Xiangbo},
  journal={arXiv preprint arXiv:2302.02327},
  year={2023}
}

@article{shu2022anchor-contrastive,
  title={Multi-granularity anchor-contrastive representation learning for semi-supervised skeleton-based action recognition},
  author={Shu, Xiangbo and Xu, Binqian and Zhang, Liyan and Tang, Jinhui},
  journal={IEEE Transactions on Pattern Analysis and Machine Intelligence},
  year={2022},
  publisher={IEEE}
}

@article{xu2022xinvariant,
  title={X-invariant contrastive augmentation and representation learning for semi-supervised skeleton-based action recognition},
  author={Xu, Binqian and Shu, Xiangbo and Song, Yan},
  journal={IEEE Transactions on Image Processing},
  volume={31},
  pages={3852--3867},
  year={2022},
  publisher={IEEE}
}

@inproceedings{qiao20222ggcn,
    title={Geometric Features Informed Multi-person Human-object Interaction Recognition in Videos},
    author={Qiao, Tanqiu and Men, Qianhui and Li, Frederick W. B. and Kubotani, Yoshiki and Morishima, Shigeo and Shum, Hubert P. H.},
    booktitle={Proc. Eur. Conf. Comput. Vis.},
    year={2022}
}

@inproceedings{lee2014holeboundary,
  title={Hole detection in metabolic connectivity of Alzheimerâ€™s disease using k- Laplacian},
  author={Lee, Hyekyoung and Chung, Moo K and Kang, Hyejin and Lee, Dong Soo},
  booktitle={Medical Image Computing and Computer-Assisted Intervention--MICCAI 2014: 17th International Conference, Boston, MA, USA, September 14-18, 2014, Proceedings, Part III 17},
  pages={297--304},
  year={2014},
  organization={Springer}
}

@inproceedings{Alexandre2016lstm,
  title={Social lstm: Human trajectory prediction in crowded spaces},
  author={Alahi, Alexandre and Goel, Kratarth and Ramanathan, Vignesh and Robicquet, Alexandre and Fei-Fei, Li and Savarese, Silvio},
  booktitle={Proc. IEEE Conf. Comput. Vis. Pattern Recognit.},
  pages={961--971},
  year={2016}
}

@inproceedings{shi2021sgcn,
  title={SGCN: Sparse graph convolution network for pedestrian trajectory prediction},
  author={Shi, Liushuai and Wang, Le and Long, Chengjiang and Zhou, Sanping and Zhou, Mo and Niu, Zhenxing and Hua, Gang},
  booktitle={Proc. IEEE Conf. Comput. Vis. Pattern Recognit.},
  pages={8994--9003},
  year={2021}
}

@article{yang2024TP-EGT,
  title={A Multi-Task Learning Network With a Collision-Aware Graph Transformer for Traffic-Agents Trajectory Prediction},
  author={Yang, Biao and Fan, Fucheng and Ni, Rongrong and Wang, Hai and Jafaripournimchahi, Ammar and Hu, Hongyu},
  journal={IEEE Transactions on Intelligent Transportation Systems},
  year={2024},
  publisher={IEEE}
}


@article{xu2024DYNAMICGROUP,
  title={Dynamic-group-aware networks for multi-agent trajectory prediction with relational reasoning},
  author={Xu, Chenxin and Wei, Yuxi and Tang, Bohan and Yin, Sheng and Zhang, Ya and Chen, Siheng and Wang, Yanfeng},
  journal={Neural Networks},
  volume={170},
  pages={564--577},
  year={2024},
  publisher={Elsevier}
}


@article{marchetti2024smemo,
  title={Smemo: social memory for trajectory forecasting},
  author={Marchetti, Francesco and Becattini, Federico and Seidenari, Lorenzo and Del Bimbo, Alberto},
  journal={IEEE Trans. Pattern Anal. Mach. Intell.},
  year={2024},
  publisher={IEEE}
}

@inproceedings{shi2022socialinter, title={Social interpretable tree for pedestrian trajectory prediction}, author={Shi, Liushuai and Wang, Le and Long, Chengjiang and Zhou, Sanping and Zheng, Fang and Zheng, Nanning and Hua, Gang}, booktitle={Proceedings of the AAAI Conference on Artificial Intelligence}, volume={36}, number={2}, pages={2235--2243}, year={2022} }

@article{azadani2023capha,
  title={CAPHA: A Novel Context-Aware Behavior Prediction System of Heterogeneous Agents for Autonomous Vehicles},
  author={Azadani, Mozhgan Nasr and Boukerche, Azzedine},
  journal={IEEE Transactions on Vehicular Technology},
  year={2023},
  publisher={IEEE}
}

@article{du2024SFEM-GCN,
  title={Social Force Embedded Mixed Graph Convolutional Network for Multi-class Trajectory Prediction},
  author={Du, Quancheng and Wang, Xiao and Yin, Shouguo and Li, Lingxi and Ning, Huansheng},
  journal={IEEE Transactions on Intelligent Vehicles},
  year={2024},
  publisher={IEEE}
}

@inproceedings{dong2023sparse,
  title={Sparse Instance Conditioned Multimodal Trajectory Prediction},
  author={Dong, Yonghao and Wang, Le and Zhou, Sanping and Hua, Gang},
  booktitle={Proceedings of the IEEE/CVF International Conference on Computer Vision},
  pages={9763--9772},
  year={2023}
}


@article{hamilton2017graphsage,
  title={Inductive representation learning on large graphs},
  author={Hamilton, Will and Ying, Zhitao and Leskovec, Jure},
  journal={Adv. Neural Inf. Process. Syst.},
  volume={30},
  year={2017}
}


@inproceedings{Mohamed2020socialstgcnn,
  title={Social-stgcnn: A social spatio-temporal graph convolutional neural network for human trajectory prediction},
  author={Mohamed, Abduallah and Qian, Kun and Elhoseiny, Mohamed and Claudel, Christian},
  booktitle={Proc. IEEE Conf. Comput. Vis. Pattern Recognit.},
  pages={14424--14432},
  year={2020}
}


@article{Junyoung2015VRNN,
  title={A recurrent latent variable model for sequential data},
  author={Chung, Junyoung and Kastner, Kyle and Dinh, Laurent and Goel, Kratarth and Courville, Aaron C and Bengio, Yoshua},
  journal={Advances in neural information processing systems},
  volume={28},
  year={2015}
}

@article{kingma2013VAE,
  title={Auto-encoding variational bayes},
  author={Kingma, Diederik P and Welling, Max},
  journal={arXiv preprint arXiv:1312.6114},
  year={2013}
}

@article{Junyoung2014GRU,
  title={Empirical evaluation of gated recurrent neural networks on sequence modeling},
  author={Chung, Junyoung and Gulcehre, Caglar and Cho, KyungHyun and Bengio, Yoshua},
  journal={arXiv preprint arXiv:1412.3555},
  year={2014}
}

@inproceedings{cuturi2017softdtw,
  title={Soft-dtw: a differentiable loss function for time-series},
  author={Cuturi, Marco and Blondel, Mathieu},
  booktitle={International conference on machine learning},
  pages={894--903},
  year={2017},
  organization={PMLR}
}



@inproceedings{junyuan2015DEC,
  title={Unsupervised deep embedding for clustering analysis},
  author={Xie, Junyuan and Girshick, Ross and Farhadi, Ali},
  booktitle={International conference on machine learning},
  pages={478--487},
  year={2016},
  organization={PMLR}
}


@inproceedings{shi2023TUTR,
  title={Trajectory unified transformer for pedestrian trajectory prediction},
  author={Shi, Liushuai and Wang, Le and Zhou, Sanping and Hua, Gang},
  booktitle={Proc. IEEE/CVF Int. Conf. Comput. Vis.},
  pages={9675--9684},
  year={2023}
}


@inproceedings{wu2020motionnet,
author = {Wu, Pengxiang and Chen, Siheng and Metaxas, Dimitris},
year = {2020},
month = {06},
pages = {11382-11392},
title = {MotionNet: Joint Perception and Motion Prediction for Autonomous Driving Based on Birdâ€™s Eye View Maps},
doi = {10.1109/CVPR42600.2020.01140}
}

@inproceedings{zerveas2021transformermtsr,
  title={A transformer-based framework for multivariate time series representation learning},
  author={Zerveas, George and Jayaraman, Srideepika and Patel, Dhaval and Bhamidipaty, Anuradha and Eickhoff, Carsten},
  booktitle={Proceedings of the 27th ACM SIGKDD conference on knowledge discovery \& data mining},
  pages={2114--2124},
  year={2021}
}

@article{lin2023petformer,
  title={Petformer: Long-term time series forecasting via placeholder-enhanced transformer},
  author={Lin, Shengsheng and Lin, Weiwei and Wu, Wentai and Wang, Songbo and Wang, Yongxiang},
  journal={arXiv preprint arXiv:2308.04791},
  year={2023}
}


@article{ba2016layernorm,
  title={Layer normalization},
  author={Ba, Jimmy Lei and Kiros, Jamie Ryan and Hinton, Geoffrey E},
  journal={arXiv preprint arXiv:1607.06450},
  year={2016}
}

@article{liu2023itransformer,
  title={itransformer: Inverted transformers are effective for time series forecasting},
  author={Liu, Yong and Hu, Tengge and Zhang, Haoran and Wu, Haixu and Wang, Shiyu and Ma, Lintao and Long, Mingsheng},
  journal={arXiv preprint arXiv:2310.06625},
  year={2023}
}

@inproceedings{xia2023deciphering,
  title={Deciphering Spatio-Temporal Graph Forecasting: A Causal Lens and Treatment},
  author={Xia, Yutong and Liang, Yuxuan and Wen, Haomin and Liu, Xu and Wang, Kun and Zhou, Zhengyang and Zimmermann, Roger},
  booktitle={Proc. Adv. Neu. Inf. Process. Syst.},
  year={2023}
}





@inproceedings{huang2023brainfunction,
  title={Heterogeneous Graph Convolutional Neural Network via Hodge-Laplacian for Brain Functional Data},
  author={Huang, Jinghan and Chung, Moo K and Qiu, Anqi},
  booktitle={Int. Conf. Inf. Process. Med. Imaging},
  pages={278--290},
  year={2023},
  organization={Springer}
}


@article{brody2021gatv2,
  title={How attentive are graph attention networks?},
  author={Brody, Shaked and Alon, Uri and Yahav, Eran},
  journal={arXiv preprint arXiv:2105.14491},
  year={2021}
}

@article{cui2018multimodalpre,
  author    = {Henggang Cui and
               Vladan Radosavljevic and
               Fang{-}Chieh Chou and
               Tsung{-}Han Lin and
               Thi Nguyen and
               Tzu{-}Kuo Huang and
               Jeff Schneider and
               Nemanja Djuric},
  title     = {Multimodal Trajectory Predictions for Autonomous Driving using Deep
               Convolutional Networks},
  journal   = {CoRR},
  volume    = {abs/1809.10732},
  year      = {2018},
  url       = {http://arxiv.org/abs/1809.10732},
  eprinttype = {arXiv},
  eprint    = {1809.10732},
  timestamp = {Fri, 05 Oct 2018 11:34:52 +0200},
  biburl    = {https://dblp.org/rec/journals/corr/abs-1809-10732.bib},
  bibsource = {dblp computer science bibliography, https://dblp.org}
}

@inproceedings{joseph2015yolo,
  title={You only look once: Unified, real-time object detection},
  author={Redmon, Joseph and Divvala, Santosh and Girshick, Ross and Farhadi, Ali},
  booktitle={Proc. IEEE Conf. Comput. Vis. Pattern Recognit.},
  pages={779--788},
  year={2016}
}

@inproceedings{kipf2016GCN,
  title={Semi-Supervised Classification with Graph Convolutional Networks},
  author={Kipf, Thomas N. and Welling, Max},
  booktitle={Proc. Int. Conf. Learn. Represent.},
  year={2017}
}



@inproceedings{huang2019stgat,
  title={Stgat: Modeling spatial-temporal interactions for human trajectory prediction},
  author={Huang, Yingfan and Bi, Huikun and Li, Zhaoxin and Mao, Tianlu and Wang, Zhaoqi},
  booktitle={Proc. IEEE/CVF Int. Conf. Comput. Vis.},
  pages={6272--6281},
  year={2019}
}


@inproceedings{pellegrini2009ETH,
  title={You'll never walk alone: Modeling social behavior for multi-target tracking},
  author={Pellegrini, Stefano and Ess, Andreas and Schindler, Konrad and Van Gool, Luc},
  booktitle={Proc. IEEE/CVF Int. Conf. Comput. Vis.},
  pages={261--268},
  year={2009},
}




@inproceedings{Lerner2007UCY,
  title={Crowds by example},
  author={Lerner, Alon and Chrysanthou, Yiorgos and Lischinski, Dani},
  booktitle={Computer graphics forum},
  volume={26},
  number={3},
  pages={655--664},
  year={2007},
  organization={Wiley Online Library}
}


@article{bai2018TCN,
  title={An empirical evaluation of generic convolutional and recurrent networks for sequence modeling},
  author={Bai, Shaojie and Kolter, J Zico and Koltun, Vladlen},
  journal={arXiv preprint arXiv:1803.01271},
  year={2018}
}


@inproceedings{zhao2021ExpTraj,
  title={Where are you heading? dynamic trajectory prediction with expert goal examples},
  author={Zhao, He and Wildes, Richard P},
  booktitle={Proceedings of the IEEE/CVF International Conference on Computer Vision},
  pages={7629--7638},
  year={2021}
}


@inproceedings{xue2018ss-lstm,
  title={SS-LSTM: A hierarchical LSTM model for pedestrian trajectory prediction},
  author={Xue, Hao and Huynh, Du Q and Reynolds, Mark},
  booktitle={2018 IEEE Winter Conference on Applications of Computer Vision (WACV)},
  pages={1186--1194},
  year={2018},
  organization={IEEE}
}

@inproceedings{rainbow2021semanticStgcnn,
  title={Semantics-STGCNN: A semantics-guided spatial-temporal graph convolutional network for multi-class trajectory prediction},
  author={Rainbow, Ben A and Men, Qianhui and Shum, Hubert PH},
  booktitle={2021 IEEE International Conference on Systems, Man, and Cybernetics (SMC)},
  pages={2959--2966},
  year={2021},
  organization={IEEE}
}


@inproceedings{fang2021UNIN,
  title={Unlimited neighborhood interaction for heterogeneous trajectory prediction},
  author={Zheng, Fang and Wang, Le and Zhou, Sanping and Tang, Wei and Niu, Zhenxing and Zheng, Nanning and Hua, Gang},
  booktitle={Proc. IEEE/CVF Int. Conf. Comput. Vis.},
  pages={13168--13177},
  year={2021}
}

@inproceedings{ruochen2022multiclassSGCN,
  title={Multiclass-SGCN: Sparse Graph-Based Trajectory Prediction with Agent Class Embedding},
  author={Li, Ruochen and Katsigiannis, Stamos and Shum, Hubert PH},
  booktitle={IEEE Int. Conf. Image Process.},
  pages={2346--2350},
  year={2022},
  organization={IEEE}
}

@inproceedings{Robicquet2016SDD,
  title={Learning social etiquette: Human trajectory understanding in crowded scenes},
  author={Robicquet, Alexandre and Sadeghian, Amir and Alahi, Alexandre and Savarese, Silvio},
  booktitle={Proc. Eur. Conf. Comput. Vis.},
  pages={549--565},
  year={2016},
  organization={Springer}
}

@article{Jang2016gumbelsoftmax,
  title={Categorical reparameterization with gumbel-softmax},
  author={Jang, Eric and Gu, Shixiang and Poole, Ben},
  journal={arXiv preprint arXiv:1611.01144},
  year={2016}
}





@article{Yoshua2013STE,
  author    = {Yoshua Bengio and
               Nicholas L{\'{e}}onard and
               Aaron C. Courville},
  title     = {Estimating or Propagating Gradients Through Stochastic Neurons for
               Conditional Computation},
  journal   = {CoRR},
  volume    = {abs/1308.3432},
  year      = {2013},
  url       = {http://arxiv.org/abs/1308.3432},
  eprinttype = {arXiv},
  eprint    = {1308.3432},
  timestamp = {Mon, 13 Aug 2018 16:47:35 +0200},
  biburl    = {https://dblp.org/rec/journals/corr/BengioLC13.bib},
  bibsource = {dblp computer science bibliography, https://dblp.org}
}
 
@article{vaswani2017transformer,
  title={Attention is all you need},
  author={Vaswani, Ashish and Shazeer, Noam and Parmar, Niki and Uszkoreit, Jakob and Jones, Llion and Gomez, Aidan N and Kaiser, {\L}ukasz and Polosukhin, Illia},
  journal={Advances in neural information processing systems},
  volume={30},
  year={2017}
}




@article{luo2018porca,
  title={Porca: Modeling and planning for autonomous driving among many pedestrians},
  author={Luo, Yuanfu and Cai, Panpan and Bera, Aniket and Hsu, David and Lee, Wee Sun and Manocha, Dinesh},
  journal={IEEE Robot. Autom. Lett.},
  volume={3},
  number={4},
  pages={3418--3425},
  year={2018},
  publisher={IEEE}
}

@inproceedings{mohamed2022socialimplicit,
  title={Social-implicit: Rethinking trajectory prediction evaluation and the effectiveness of implicit maximum likelihood estimation},
  author={Mohamed, Abduallah and Zhu, Deyao and Vu, Warren and Elhoseiny, Mohamed and Claudel, Christian},
  booktitle={Proc. Eur. Conf. Comput. Vis.},
  pages={463--479},
  year={2022},
  organization={Springer}
}

@inproceedings{junwei2020multiverse,
  title={The garden of forking paths: Towards multi-future trajectory prediction},
  author={Liang, Junwei and Jiang, Lu and Murphy, Kevin and Yu, Ting and Hauptmann, Alexander},
  booktitle={Proc. IEEE Conf. Comput. Vis. Pattern Recognit.},
  pages={10508--10518},
  year={2020}
}


@inproceedings{tianyang2019MATF,
  title={Multi-agent tensor fusion for contextual trajectory prediction},
  author={Zhao, Tianyang and Xu, Yifei and Monfort, Mathew and Choi, Wongun and Baker, Chris and Zhao, Yibiao and Wang, Yizhou and Wu, Ying Nian},
  booktitle={Proc. IEEE Conf. Comput. Vis. Pattern Recognit.},
  pages={12126--12134},
  year={2019}
}



@inproceedings{mingfang2019argoverse,
  title={Argoverse: 3d tracking and forecasting with rich maps},
  author={Chang, Ming-Fang and Lambert, John and Sangkloy, Patsorn and Singh, Jagjeet and Bak, Slawomir and Hartnett, Andrew and Wang, De and Carr, Peter and Lucey, Simon and Ramanan, Deva and others},
  booktitle={Proc. IEEE Conf. Comput. Vis. Pattern Recognit.},
  pages={8748--8757},
  year={2019}
}


@inproceedings{mangalam2021ynet,
  title={From goals, waypoints \& paths to long term human trajectory forecasting},
  author={Mangalam, Karttikeya and An, Yang and Girase, Harshayu and Malik, Jitendra},
  booktitle={Proc. IEEE/CVF Int. Conf. Comput. Vis.},
  pages={15233--15242},
  year={2021}
}

@inproceedings{pei2022socialVAE,
  title={Socialvae: Human trajectory prediction using timewise latents},
  author={Xu, Pei and Hayet, Jean-Bernard and Karamouzas, Ioannis},
  booktitle={Proc. Eur. Conf. Comput. Vis.},
  pages={511--528},
  year={2022},
}



@inproceedings{jiangbei2022nsp,
  title={Human trajectory prediction via neural social physics},
  author={Yue, Jiangbei and Manocha, Dinesh and Wang, He},
  booktitle={European Conference on Computer Vision},
  pages={376--394},
  year={2022},
  organization={Springer}
}

@inproceedings{Ronen2022DeepDPMDC,
  title={Deepdpm: Deep clustering with an unknown number of clusters},
  author={Ronen, Meitar and Finder, Shahaf E and Freifeld, Oren},
  booktitle={Proc. IEEE Conf. Comput. Vis. Pattern Recognit.},
  pages={9861--9870},
  year={2022}
}

@article{Xu2022GroupNetMH,
  title={GroupNet: Multiscale Hypergraph Neural Networks for Trajectory Prediction with Relational Reasoning},
  author={Chenxin Xu and Maosen Li and Zhenyang Ni and Ya Zhang and Siheng Chen},
  journal={Proc. IEEE/CVF Conf. Comput. Vis. Pattern Recognit.},
  year={2022},
  pages={6488-6497},
}

@inproceedings{amirian2019socialways,
  title={Social ways: Learning multi-modal distributions of pedestrian trajectories with gans},
  author={Amirian, Javad and Hayet, Jean-Bernard and Pettr{\'e}, Julien},
  booktitle={Proc. IEEE Conf. Comput. Vis. Pattern Recognit. Workshops},
  pages={0--0},
  year={2019}
}

@inproceedings{monti2021dagnet,
  title={Dag-net: Double attentive graph neural network for trajectory forecasting},
  author={Monti, Alessio and Bertugli, Alessia and Calderara, Simone and Cucchiara, Rita},
  booktitle={Int. Conf. Pattern Recognit.},
  pages={2551--2558},
  year={2021},
  organization={IEEE}
}


@inproceedings{lee2017desire,
  title={Desire: Distant future prediction in dynamic scenes with interacting agents},
  author={Lee, Namhoon and Choi, Wongun and Vernaza, Paul and Choy, Christopher B and Torr, Philip HS and Chandraker, Manmohan},
  booktitle={Proc. IEEE Conf. Comput. Vis. Pattern Recognit.},
  pages={336--345},
  year={2017}
}

@inproceedings{Rhinehart2018r2p2AR,
  title={R2p2: A reparameterized pushforward policy for diverse, precise generative path forecasting},
  author={Rhinehart, Nicholas and Kitani, Kris M and Vernaza, Paul},
  booktitle={Proceedings of the European Conference on Computer Vision (ECCV)},
  pages={772--788},
  year={2018}
}

@inproceedings{Park2020DiverseAA,
  title={Diverse and admissible trajectory forecasting through multimodal context understanding},
  author={Park, Seong Hyeon and Lee, Gyubok and Seo, Jimin and Bhat, Manoj and Kang, Minseok and Francis, Jonathan and Jadhav, Ashwin and Liang, Paul Pu and Morency, Louis-Philippe},
  booktitle={Computer Vision--ECCV 2020: 16th European Conference, Glasgow, UK, August 23--28, 2020, Proceedings, Part XI 16},
  pages={282--298},
  year={2020},
  organization={Springer}
}

@article{Tang2019MultipleFP,
  title={Multiple futures prediction},
  author={Tang, Charlie and Salakhutdinov, Russ R},
  journal={Advances in neural information processing systems},
  volume={32},
  year={2019}
}


@article{Becker2018AnEO,
  title={An evaluation of trajectory prediction approaches and notes on the trajnet benchmark},
  author={Becker, Stefan and Hug, Ronny and H{\"u}bner, Wolfgang and Arens, Michael},
  journal={arXiv preprint arXiv:1805.07663},
  year={2018}
}


@inbook{salzmann2020trajectronplusplus,
author = {Salzmann, Tim and Ivanovic, Boris and Chakravarty, Punarjay and Pavone, Marco},
year = {2020},
month = {12},
pages = {683-700},
title = {Trajectron++: Dynamically-Feasible Trajectory Forecasting with Heterogeneous Data},
isbn = {978-3-030-58522-8},
doi = {10.1007/978-3-030-58523-5_40}
}

@inproceedings{rahman2021fusedmm,
  title={Fusedmm: A unified sddmm-spmm kernel for graph embedding and graph neural networks},
  author={Rahman, Md Khaledur and Sujon, Majedul Haque and Azad, Ariful},
  booktitle={2021 IEEE International Parallel and Distributed Processing Symposium (IPDPS)},
  pages={256--266},
  year={2021},
  organization={IEEE}
}

@article{dao2022flashattention,
  title={Flashattention: Fast and memory-efficient exact attention with io-awareness},
  author={Dao, Tri and Fu, Dan and Ermon, Stefano and Rudra, Atri and R{\'e}, Christopher},
  journal={Adv. Neural Inf. Process. Syst.},
  volume={35},
  pages={16344--16359},
  year={2022}
}

@inproceedings{li2018adaptivegnnn,
  title={Adaptive graph convolutional neural networks},
  author={Li, Ruoyu and Wang, Sheng and Zhu, Feiyun and Huang, Junzhou},
  booktitle={Proceedings of the AAAI conference on artificial intelligence},
  volume={32},
  number={1},
  year={2018}
}

@article{zhang2022adapgl,
  title={AdapGL: An adaptive graph learning algorithm for traffic prediction based on spatiotemporal neural networks},
  author={Zhang, Wei and Zhu, Fenghua and Lv, Yisheng and Tan, Chang and Liu, Wen and Zhang, Xin and Wang, Fei-Yue},
  journal={Transportation Research Part C: Emerging Technologies},
  volume={139},
  pages={103659},
  year={2022},
  publisher={Elsevier}
}

@article{laurens2008tsne,
  title={Visualizing data using t-SNE.},
  author={Van der Maaten, Laurens and Hinton, Geoffrey},
  journal={Journal of machine learning research},
  volume={9},
  number={11},
  year={2008}
}


@article{helbing1998socialforce,
  title={Social force model for pedestrian dynamics},
  author={Helbing, Dirk and Molnar, Peter},
  journal={Physical review E},
  volume={51},
  number={5},
  pages={4282},
  year={1995},
  publisher={APS}
}

@article{nie2022patchTST,
  title={A time series is worth 64 words: Long-term forecasting with transformers},
  author={Nie, Yuqi and Nguyen, Nam H and Sinthong, Phanwadee and Kalagnanam, Jayant},
  journal={arXiv preprint arXiv:2211.14730},
  year={2022}
}


@inproceedings{yi2023fouriergnn,
title={Fourier{GNN}: Rethinking Multivariate Time Series Forecasting from a Pure Graph Perspective},
author={Kun Yi and Qi Zhang and Wei Fan and Hui He and Liang Hu and Pengyang Wang and Ning An and Longbing Cao and Zhendong Niu},
booktitle={Proc. Adv. Neu. Inf. Process. Syst.},
year={2023}
}




@inproceedings{Wang2023FullyConnectedSG,
  title={Fully-Connected Spatial-Temporal Graph for Multivariate Time-Series Data},
  author={Wang, Yucheng and Xu, Yuecong and Yang, Jianfei and Wu, Min and Li, Xiaoli and Xie, Lihua and Chen, Zhenghua},
  booktitle={Proc. AAAI Conf. Artif. Intell.},
  volume={38},
  number={14},
  pages={15715--15724},
  year={2024}
}


@inproceedings{surana2014markov,
  title={Bayesian nonparametric inverse reinforcement learning for switched markov decision processes},
  author={Surana, Amit and Srivastava, Kunal},
  booktitle={Int. Conf. Mach. Learn. Appl.},
  pages={47--54},
  year={2014},
  organization={IEEE}
}

@article{wang2008gaussiantraj,
  title={Gaussian process dynamical models for human motion},
  author={Wang, Jack M and Fleet, David J and Hertzmann, Aaron},
  journal={IEEE transactions on pattern analysis and machine intelligence},
  volume={30},
  number={2},
  pages={283--298},
  year={2007},
  publisher={IEEE}
}

@article{HochSchm1997lstm,
  title={Long short-term memory},
  author={Hochreiter, Sepp and Schmidhuber, J{\"u}rgen},
  journal={Neural computation},
  volume={9},
  number={8},
  pages={1735--1780},
  year={1997},
  publisher={MIT press}
}

@inproceedings{gupta2018socialgan,
  title={Social gan: Socially acceptable trajectories with generative adversarial networks},
  author={Gupta, Agrim and Johnson, Justin and Fei-Fei, Li and Savarese, Silvio and Alahi, Alexandre},
  booktitle={Proc. IEEE Conf. Comput. Vis. Pattern Recognit.},
  pages={2255--2264},
  year={2018}
}


@article{goodfellow2014GAN,
  title={Generative adversarial nets},
  author={Goodfellow, Ian and Pouget-Abadie, Jean and Mirza, Mehdi and Xu, Bing and Warde-Farley, David and Ozair, Sherjil and Courville, Aaron and Bengio, Yoshua},
  journal={Advances in neural information processing systems},
  volume={27},
  year={2014}
}


@inproceedings{ma2019trafficPredict,
  title={Trafficpredict: Trajectory prediction for heterogeneous traffic-agents},
  author={Ma, Yuexin and Zhu, Xinge and Zhang, Sibo and Yang, Ruigang and Wang, Wenping and Manocha, Dinesh},
  booktitle={Proceedings of the AAAI conference on artificial intelligence},
  volume={33},
  number={01},
  pages={6120--6127},
  year={2019}
}


@inproceedings{ye2021agentformer,
  title={Agentformer: Agent-aware transformers for socio-temporal multi-agent forecasting},
  author={Yuan, Ye and Weng, Xinshuo and Ou, Yanglan and Kitani, Kris M},
  booktitle={Proc. IEEE/CVF Int. Conf. Comput. Vis.},
  pages={9813--9823},
  year={2021}
}


@article{sohn2015CVAE,
  title={Learning structured output representation using deep conditional generative models},
  author={Sohn, Kihyuk and Lee, Honglak and Yan, Xinchen},
  journal={Advances in neural information processing systems},
  volume={28},
  year={2015}
}


@article{Reynolds2009GMM,
  title={Gaussian mixture models.},
  author={Reynolds, Douglas A and others},
  journal={Encyclopedia of biometrics},
  volume={741},
  number={659-663},
  year={2009},
  publisher={Berlin, Springer}
}


@inproceedings{yang2017DCN,
author = {Yang, Bo and Fu, Xiao and Sidiropoulos, Nicholas D. and Hong, Mingyi},
title = {Towards K-Means-Friendly Spaces: Simultaneous Deep Learning and Clustering},
year = {2017},
publisher = {JMLR.org},
booktitle = {Proceedings of the 34th International Conference on Machine Learning - Volume 70},
pages = {3861â€“3870},
numpages = {10},
location = {Sydney, NSW, Australia},
series = {ICML'17}
}

@article{zhuxi2016VaDE,
  author    = {Zhuxi Jiang and
               Yin Zheng and
               Huachun Tan and
               Bangsheng Tang and
               Hanning Zhou},
  title     = {Variational Deep Embedding: {A} Generative Approach to Clustering},
  journal   = {CoRR},
  volume    = {abs/1611.05148},
  year      = {2016},
  url       = {http://arxiv.org/abs/1611.05148},
  eprinttype = {arXiv},
  eprint    = {1611.05148},
  timestamp = {Mon, 13 Aug 2018 16:47:33 +0200},
  biburl    = {https://dblp.org/rec/journals/corr/jiangZTTZ16.bib},
  bibsource = {dblp computer science bibliography, https://dblp.org}
}


@inproceedings{cunjun2020star,
  title={Spatio-temporal graph transformer networks for pedestrian trajectory prediction},
  author={Yu, Cunjun and Ma, Xiao and Ren, Jiawei and Zhao, Haiyu and Yi, Shuai},
  booktitle={Computer Vision--ECCV 2020: 16th European Conference, Glasgow, UK, August 23--28, 2020, Proceedings, Part XII 16},
  pages={507--523},
  year={2020},
  organization={Springer}
}

@article{sai2018DTC,
  title={Deep temporal clustering: Fully unsupervised learning of time-domain features},
  author={Sai Madiraju, Naveen and Sadat, Seid M and Fisher, Dimitry and Karimabadi, Homa},
  journal={arXiv e-prints},
  pages={arXiv--1802},
  year={2018}
}


@article{penghang2019stequan,
  author    = {Penghang Yin and
               Jiancheng Lyu and
               Shuai Zhang and
               Stanley J. Osher and
               Yingyong Qi and
               Jack Xin},
  title     = {Understanding Straight-Through Estimator in Training Activation Quantized
               Neural Nets},
  journal   = {CoRR},
  volume    = {abs/1903.05662},
  year      = {2019},
  url       = {http://arxiv.org/abs/1903.05662},
  eprinttype = {arXiv},
  eprint    = {1903.05662},
  timestamp = {Thu, 14 Oct 2021 09:15:05 +0200},
  biburl    = {https://dblp.org/rec/journals/corr/abs-1903-05662.bib},
  bibsource = {dblp computer science bibliography, https://dblp.org}
}


@article{sakoe1978DTW,
  title={Dynamic programming algorithm optimization for spoken word recognition},
  author={Sakoe, Hiroaki and Chiba, Seibi},
  journal={IEEE transactions on acoustics, speech, and signal processing},
  volume={26},
  number={1},
  pages={43--49},
  year={1978},
  publisher={IEEE}
}


@article{zhao2018shapeDTW,
title = {shapeDTW: Shape Dynamic Time Warping},
journal = {Pattern Recognition},
volume = {74},
pages = {171-184},
year = {2018},
issn = {0031-3203},
author = {Jiaping Zhao and Laurent Itti},
}


@article{Jia2022HDGTHD,
  title={Hdgt: Heterogeneous driving graph transformer for multi-agent trajectory prediction via scene encoding},
  author={Jia, Xiaosong and Wu, Penghao and Chen, Li and Liu, Yu and Li, Hongyang and Yan, Junchi},
  journal={IEEE transactions on pattern analysis and machine intelligence},
  year={2023},
  publisher={IEEE}
}

@article{xu2022DD,
  title={Trajectory prediction for heterogeneous traffic-agents using knowledge correction data-driven model},
  author={Xu, Xiaofeng and Liu, Wenzhi and Yu, Lean},
  journal={Information Sciences},
  volume={608},
  pages={375--391},
  year={2022},
  publisher={Elsevier}
}




@inproceedings{huikun2019JPKT,
  title={Joint prediction for kinematic trajectories in vehicle-pedestrian-mixed scenes},
  author={Bi, Huikun and Fang, Zhong and Mao, Tianlu and Wang, Zhaoqi and Deng, Zhigang},
  booktitle={Proceedings of the IEEE/CVF International Conference on Computer Vision},
  pages={10383--10392},
  year={2019}
}


@inproceedings{Tung2020covernet,
  title={Covernet: Multimodal behavior prediction using trajectory sets},
  author={Phan-Minh, Tung and Grigore, Elena Corina and Boulton, Freddy A and Beijbom, Oscar and Wolff, Eric M},
  booktitle={Proc. IEEE Conf. Comput. Vis. Pattern Recognit.},
  pages={14074--14083},
  year={2020}
}



@article{
  petar2017GAT,
  title="{Graph Attention Networks}",
  author={Veli{\v{c}}kovi{\'{c}}, Petar and Cucurull, Guillem and Casanova, Arantxa and Romero, Adriana and Li{\`{o}}, Pietro and Bengio, Yoshua},
  journal={Proc. Int. Conf. Learn. Represent.},
  year={2018},
}



@inproceedings{david2007kmeanplusplus,
author = {Arthur, David and Vassilvitskii, Sergei},
title = {K-Means++: The Advantages of Careful Seeding},
year = {2007},
isbn = {9780898716245},
publisher = {Society for Industrial and Applied Mathematics},
address = {USA},
pages = {1027â€“1035},
numpages = {9},
location = {New Orleans, Louisiana},
booktitle = {Proceedings of the 18th annual ACM-SIAM symposium on Discrete algorithms (SODA '07)}
}

@article{james1984FCM,
title = {FCM: The fuzzy c-means clustering algorithm},
journal = {Computers \& Geosciences},
volume = {10},
number = {2},
pages = {191-203},
year = {1984},
issn = {0098-3004},
doi = {https://doi.org/10.1016/0098-3004(84)90020-7},
url = {https://www.sciencedirect.com/science/article/pii/0098300484900207},
author = {James C. Bezdek and Robert Ehrlich and William Full},
keywords = {Cluster analysis, Cluster validity, Fuzzy clustering, Fuzzy QMODEL, Least-squared errors},
}

@inproceedings{dhillon2004kernelkmean,
author = {Dhillon, Inderjit S. and Guan, Yuqiang and Kulis, Brian},
title = {Kernel K-Means: Spectral Clustering and Normalized Cuts},
year = {2004},
isbn = {1581138881},
publisher = {Association for Computing Machinery},
address = {New York, NY, USA},
url = {https://doi.org/10.1145/1014052.1014118},
doi = {10.1145/1014052.1014118},
booktitle = {Proceedings of the Tenth ACM SIGKDD International Conference on Knowledge Discovery and Data Mining},
pages = {551â€“556},
numpages = {6},
keywords = {spectral clustering, kernel k-means, graph partitioning},
location = {Seattle, WA, USA},
series = {KDD '04}
}

@article{fard2020deepkmean,
title = {Deep k-Means: Jointly clustering with k-Means and learning representations},
journal = {Pattern Recognition Letters},
volume = {138},
pages = {185-192},
year = {2020},
issn = {0167-8655},
doi = {https://doi.org/10.1016/j.patrec.2020.07.028},
url = {https://www.sciencedirect.com/science/article/pii/S0167865520302749},
author = {Maziar {Moradi Fard} and Thibaut Thonet and Eric Gaussier},
keywords = {Deep clustering, k-Means, Deep learning, Clustering},
}

@InProceedings{guo2017DCEC,
author="Guo, Xifeng
and Liu, Xinwang
and Zhu, En
and Yin, Jianping",
editor="Liu, Derong
and Xie, Shengli
and Li, Yuanqing
and Zhao, Dongbin
and El-Alfy, El-Sayed M.",
title="Deep Clustering with Convolutional Autoencoders",
booktitle="Neural Information Processing",
year="2017",
publisher="Springer International Publishing",
address="Cham",
pages="373--382",
isbn="978-3-319-70096-0"
}

@article{chen2020simCLR,
  author    = {Ting Chen and
               Simon Kornblith and
               Mohammad Norouzi and
               Geoffrey E. Hinton},
  title     = {A Simple Framework for Contrastive Learning of Visual Representations},
  journal   = {CoRR},
  volume    = {abs/2002.05709},
  year      = {2020},
  url       = {https://arxiv.org/abs/2002.05709},
  eprinttype = {arXiv},
  eprint    = {2002.05709},
  timestamp = {Fri, 14 Feb 2020 12:07:41 +0100},
  biburl    = {https://dblp.org/rec/journals/corr/abs-2002-05709.bib},
  bibsource = {dblp computer science bibliography, https://dblp.org}
}


@InProceedings{tsao2022social-ssl,
author="Tsao, Li-Wu
and Wang, Yan-Kai
and Lin, Hao-Siang
and Shuai, Hong-Han
and Wong, Lai-Kuan
and Cheng, Wen-Huang",
title="Social-SSL: Self-supervised Cross-Sequence Representation Learning Based on Transformers for Multi-agent Trajectory Prediction",
booktitle="European Conference on Computer Vision (ECCV)",
year="2022",
pages="234--250",
}


@article{wang2023STSF-Net,
  title={Multi-agent trajectory prediction with spatio-temporal sequence fusion},
  author={Wang, Yu and Chen, Shiwei},
  journal={IEEE Transactions on Multimedia},
  year={2021},
  publisher={IEEE}
}


@article{yang2022GTPPO,
  title={A novel graph-based trajectory predictor with pseudo-oracle},
  author={Yang, Biao and Yan, Guocheng and Wang, Pin and Chan, Ching-Yao and Song, Xiang and Chen, Yang},
  journal={IEEE transactions on neural networks and learning systems},
  volume={33},
  number={12},
  pages={7064--7078},
  year={2021},
  publisher={IEEE}
}

@inproceedings{sun2021PCCSNet,
  title={Three steps to multimodal trajectory prediction: Modality clustering, classification and synthesis},
  author={Sun, Jianhua and Li, Yuxuan and Fang, Hao-Shu and Lu, Cewu},
  booktitle={Proceedings of the IEEE/CVF International Conference on Computer Vision},
  pages={13250--13259},
  year={2021}
}



@inproceedings{mangalam2020PECNet,
  title={It is not the journey but the destination: Endpoint conditioned trajectory prediction},
  author={Mangalam, Karttikeya and Girase, Harshayu and Agarwal, Shreyas and Lee, Kuan-Hui and Adeli, Ehsan and Malik, Jitendra and Gaidon, Adrien},
  booktitle={Computer Vision--ECCV 2020: 16th European Conference, Glasgow, UK, August 23--28, 2020, Proceedings, Part II 16},
  pages={759--776},
  year={2020},
  organization={Springer}
}

@inproceedings{huang2024hdmixer,
  title={Hdmixer: Hierarchical dependency with extendable patch for multivariate time series forecasting},
  author={Huang, Qihe and Shen, Lei and Zhang, Ruixin and Cheng, Jiahuan and Ding, Shouhong and Zhou, Zhengyang and Wang, Yang},
  booktitle={Proc. AAAI Conf. Artif. Intell.},
  volume={38},
  number={11},
  pages={12608--12616},
  year={2024}
}


@article{chang2023design,
 author={Chang, Ziyi and Koulieris, George Alex and Shum, Hubert P. H.},
 journal={arXiv},
 title={On the Design Fundamentals of Diffusion Models: A Survey},
 year={2023},
 eprint={arXiv:2306.04542},
 archivePrefix={arXiv},
 primaryClass={cs.LG},
 url={http://arxiv.org/abs/2306.04542},
}

@inproceedings{gu2022stochastic,
  title={Stochastic trajectory prediction via motion indeterminacy diffusion},
  author={Gu, Tianpei and Chen, Guangyi and Li, Junlong and Lin, Chunze and Rao, Yongming and Zhou, Jie and Lu, Jiwen},
  booktitle={Proc. IEEE Conf. Comput. Vis. Pattern Recognit.},
  pages={17113--17122},
  year={2022}
}


@inproceedings{mao2023leapfrog,
  title={Leapfrog Diffusion Model for Stochastic Trajectory Prediction},
  author={Mao, Weibo and Xu, Chenxin and Zhu, Qi and Chen, Siheng and Wang, Yanfeng},
  booktitle={Proc. IEEE Conf. Comput. Vis. Pattern Recognit.},
  pages={5517--5526},
  year={2023}
}

@inproceedings{xu2022memonet,
  title={Remember intentions: Retrospective-memory-based trajectory prediction},
  author={Xu, Chenxin and Mao, Weibo and Zhang, Wenjun and Chen, Siheng},
  booktitle={Proc. IEEE Conf. Comput. Vis. Pattern Recognit.},
  pages={6488--6497},
  year={2022}
}

@inproceedings{wong2022V2net,
  title={View vertically: A hierarchical network for trajectory prediction via fourier spectrums},
  author={Wong, Conghao and Xia, Beihao and Hong, Ziming and Peng, Qinmu and Yuan, Wei and Cao, Qiong and Yang, Yibo and You, Xinge},
  booktitle={European Conference on Computer Vision},
  pages={682--700},
  year={2022},
  organization={Springer}
}


@article{xue2020poppl,
  title={PoPPL: Pedestrian trajectory prediction by LSTM with automatic route class clustering},
  author={Xue, Hao and Huynh, Du Q and Reynolds, Mark},
  journal={IEEE transactions on neural networks and learning systems},
  volume={32},
  number={1},
  pages={77--90},
  year={2020},
  publisher={IEEE}
}


@article{chandra2019forecasting,
  title={Forecasting trajectory and behavior of road-agents using spectral clustering in graph-lstms},
  author={Chandra, Rohan and Guan, Tianrui and Panuganti, Srujan and Mittal, Trisha and Bhattacharya, Uttaran and Bera, Aniket and Manocha, Dinesh},
  journal={IEEE Robot. Autom. Lett.},
  volume={5},
  number={3},
  pages={4882--4890},
  year={2020},
  publisher={IEEE}
}

@article{fernando2018soft+,
  title={Soft+ hardwired attention: An lstm framework for human trajectory prediction and abnormal event detection},
  author={Fernando, Tharindu and Denman, Simon and Sridharan, Sridha and Fookes, Clinton},
  journal={Neural networks},
  volume={108},
  pages={466--478},
  year={2018},
  publisher={Elsevier}
}

@inproceedings{lui2021DDPTP,
  title={Modelling of destinations for data-driven pedestrian trajectory prediction in public buildings},
  author={Lui, Andrew Kwok-Fai and Chan, Yin-Hei and Leung, Man-Fai},
  booktitle={2021 IEEE International Conference on Big Data (Big Data)},
  pages={1709--1717},
  year={2021},
  organization={IEEE}
}



@inproceedings{ester1996dbscan,
  title={A density-based algorithm for discovering clusters in large spatial databases with noise},
  author={Ester, Martin and Kriegel, Hans-Peter and Sander, J{\"o}rg and Xu, Xiaowei and others},
  booktitle={kdd},
  volume={96},
  number={34},
  pages={226--231},
  year={1996}
}

@article{graves2005bi-LSTM,
  title={Framewise phoneme classification with bidirectional LSTM and other neural network architectures},
  author={Graves, Alex and Schmidhuber, J{\"u}rgen},
  journal={Neural networks},
  volume={18},
  number={5-6},
  pages={602--610},
  year={2005},
  publisher={Elsevier}
}


@inproceedings{xu2023eqmotion,
  title={EqMotion: Equivariant Multi-agent Motion Prediction with Invariant Interaction Reasoning},
  author={Xu, Chenxin and Tan, Robby T and Tan, Yuhong and Chen, Siheng and Wang, Yu Guang and Wang, Xinchao and Wang, Yanfeng},
  booktitle={Proc. IEEE Conf. Comput. Vis. Pattern Recognit.},
  pages={1410--1420},
  year={2023}
}

@inproceedings{bae2022gpgraph,
  title={Learning pedestrian group representations for multi-modal trajectory prediction},
  author={Bae, Inhwan and Park, Jin-Hwi and Jeon, Hae-Gon},
  booktitle={Proc. Eur. Conf. Comput. Vis.},
  pages={270--289},
  year={2022},
  organization={Springer}
}

@inproceedings{duan2022CAGN,
  title={Complementary attention gated network for pedestrian trajectory prediction},
  author={Duan, Jinghai and Wang, Le and Long, Chengjiang and Zhou, Sanping and Zheng, Fang and Shi, Liushuai and Hua, Gang},
  booktitle={Proceedings of the AAAI Conference on Artificial Intelligence},
  volume={36},
  number={1},
  pages={542--550},
  year={2022}
}


@inproceedings{bae2023TERN,
  title={A Set of Control Points Conditioned Pedestrian Trajectory Prediction},
  author={Bae, Inhwan and Jeon, Hae-Gon},
  booktitle={Proc. AAAI Conf. Artif. Intell.},
  volume={37},
  number={5},
  pages={6155--6165},
  year={2023}
}

@inproceedings{wu2023MSRL,
  title={Multi-Stream Representation Learning for Pedestrian Trajectory Prediction},
  author={Wu, Yuxuan and Wang, Le and Zhou, Sanping and Duan, Jinghai and Hua, Gang and Tang, Wei},
  booktitle={Proc. AAAI Conf. Artif. Intell.},
  volume={37},
  number={3},
  pages={2875--2882},
  year={2023}
}

@inproceedings{bae2023eigentrajectory,
  title={EigenTrajectory: Low-Rank Descriptors for Multi-Modal Trajectory Forecasting},
  author={Bae, Inhwan and Oh, Jean and Jeon, Hae-Gon},
  booktitle={Proc. IEEE/CVF Int. Conf. Comput. Vis.},
  year={2023}
}



@inproceedings{wang2023fend,
  title={FEND: A Future Enhanced Distribution-Aware Contrastive Learning Framework for Long-tail Trajectory Prediction},
  author={Wang, Yuning and Zhang, Pu and Bai, Lei and Xue, Jianru},
  booktitle={Proc. IEEE Conf. Comput. Vis. Pattern Recognit.},
  year={2023}
}

@article{zhang2023bip-tree,
  title={BIP-Tree: Tree Variant With Behavioral Intention Perception for Heterogeneous Trajectory Prediction},
  author={Zhang, Yuzhen and Guo, Weizhi and Su, Junning and Lv, Pei and Xu, Mingliang},
  journal={IEEE Transactions on Intelligent Transportation Systems},
  year={2023},
  publisher={IEEE}
}

@article{fang2023HSG,
  title={Heterogeneous trajectory forecasting via risk and scene graph learning},
  author={Fang, Jianwu and Zhu, Chen and Zhang, Pu and Yu, Hongkai and Xue, Jianru},
  journal={IEEE Transactions on Intelligent Transportation Systems},
  year={2023},
  publisher={IEEE}
}

@inproceedings{guo2022end2end-grid,
  title={End-to-end trajectory distribution prediction based on occupancy grid maps},
  author={Guo, Ke and Liu, Wenxi and Pan, Jia},
  booktitle={Proc. IEEE Conf. Comput. Vis. Pattern Recognit.},
  pages={2242--2251},
  year={2022}
}

@inproceedings{liang2020simaug,
  title={Simaug: Learning robust representations from simulation for trajectory prediction},
  author={Liang, Junwei and Jiang, Lu and Hauptmann, Alexander},
  booktitle={Computer Vision--ECCV 2020: 16th European Conference, Glasgow, UK, August 23--28, 2020, Proceedings, Part XIII 16},
  pages={275--292},
  year={2020},
  organization={Springer}
}

@article{liang2023stglow,
  title={STGlow: a flow-based generative framework with dual-graphormer for pedestrian trajectory prediction},
  author={Liang, Rongqin and Li, Yuanman and Zhou, Jiantao and Li, Xia},
  journal={IEEE transactions on neural networks and learning systems},
  year={2023},
  publisher={IEEE}
}

@article{xiao2022deepplugandplay,
  title={Deep Plug-and-Play Clustering with Unknown Number of Clusters},
  author={Xiao, An and Chen, Hanting and Guo, Tianyu and Zhang, Qinghua and Wang, Yunhe},
  journal={Transactions on Machine Learning Research},
  year={2022}
}

@article{lv2023ssagcn,
  title={SSAGCN: social soft attention graph convolution network for pedestrian trajectory prediction},
  author={Lv, Pei and Wang, Wentong and Wang, Yunxin and Zhang, Yuzhen and Xu, Mingliang and Xu, Changsheng},
  journal={IEEE transactions on neural networks and learning systems},
  year={2023},
  publisher={IEEE}
}

@article{gu2021efficiently,
  title={Efficiently modeling long sequences with structured state spaces},
  author={Gu, Albert and Goel, Karan and R{\'e}, Christopher},
  journal={arXiv preprint arXiv:2111.00396},
  year={2021}
}

@article{gu2023mamba,
  title={Mamba: Linear-time sequence modeling with selective state spaces},
  author={Gu, Albert and Dao, Tri},
  journal={arXiv preprint arXiv:2312.00752},
  year={2023}
}

@article{szemes2005robotnavigation,
  title={Pedestrian-behavior-based mobile agent control in intelligent space},
  author={Szemes, Peter Tamas and Hashimoto, Hideki and Korondi, Peter},
  journal={IEEE Transactions on Instrumentation and Measurement},
  volume={54},
  number={6},
  pages={2250--2257},
  year={2005},
  publisher={IEEE}
}

@inproceedings{bai2015pomdpintro,
  title={Intention-aware online POMDP planning for autonomous driving in a crowd},
  author={Bai, Haoyu and Cai, Shaojun and Ye, Nan and Hsu, David and Lee, Wee Sun},
  booktitle={IEEE Int. Conf. Robot. Autom.},
  pages={454--460},
  year={2015},
  organization={IEEE}
}


@inproceedings{luber2010videosur,
  title={People tracking with human motion predictions from social forces},
  author={Luber, Matthias and Stork, Johannes A and Tipaldi, Gian Diego and Arras, Kai O},
  booktitle={IEEE Int. Conf. Robot. Autom.},
  pages={464--469},
  year={2010},
  organization={IEEE}
}

@article{ghosh2008minimizing,
  title={Minimizing effective resistance of a graph},
  author={Ghosh, Arpita and Boyd, Stephen and Saberi, Amin},
  journal={SIAM review},
  volume={50},
  number={1},
  pages={37--66},
  year={2008},
  publisher={SIAM}
}

@inproceedings{yasuno2004pedestrianvideosur,
  title={Pedestrian detection and tracking in far infrared images},
  author={Yasuno, Masahiro and Yasuda, Noboru and Aoki, Masayoshi},
  booktitle={2004 Conference on Computer Vision and Pattern Recognition Workshop},
  pages={125--125},
  year={2004},
  organization={IEEE}
}


@inproceedings{yan2018stgcnhuman,
  title={Spatial temporal graph convolutional networks for skeleton-based action recognition},
  author={Yan, Sijie and Xiong, Yuanjun and Lin, Dahua},
  booktitle={Proc. AAAI Conf. Artif. Intell.},
  volume={32},
  number={1},
  year={2018}
}

@inproceedings{liu2020disentangling,
  title={Disentangling and unifying graph convolutions for skeleton-based action recognition},
  author={Liu, Ziyu and Zhang, Hongwen and Chen, Zhenghao and Wang, Zhiyong and Ouyang, Wanli},
  booktitle={Proc. IEEE Conf. Comput. Vis. Pattern Recognit.},
  pages={143--152},
  year={2020}
}

@inproceedings{parsa2020st_human,
  title={Spatio-temporal pyramid graph convolutions for human action recognition and postural assessment},
  author={Parsa, Behnoosh and Dariush, Behzad and others},
  booktitle={Proceedings of the IEEE/CVF Winter Conference on Applications of Computer Vision},
  pages={1080--1090},
  year={2020}
}

@inproceedings{sun2015humanske, title={Human action recognition using factorized spatio-temporal convolutional networks}, author={Sun, Lin and Jia, Kui and Yeung, Dit-Yan and Shi, Bertram E}, booktitle={Proc. IEEE/CVF Int. Conf. Comput. Vis.}, pages={4597--4605}, year={2015} }

@inproceedings{wang2023frets,
  title={Frequency-domain MLPs are More Effective Learners in Time Series Forecasting},
  author={Wang, S and Yi, K and Zhang, Q and Fan, W and Wang, C and He, H and Lian, D and Cao, L and Niu, Z},
  booktitle={37th Conference on Neural Information Processing Systems (NeurIPS 2023)},
  year={2023}
}


@article{bozzo2013moore,
  title={The Moore--Penrose inverse of the normalized graph Laplacian},
  author={Bozzo, Enrico},
  journal={Linear Algebra Appl.},
  volume={439},
  number={10},
  pages={3038--3043},
  year={2013},
  publisher={Elsevier}
}

@inproceedings{wang2023bsensor,
  title={Sensor alignment for multivariate time-series unsupervised domain adaptation},
  author={Wang, Yucheng and Xu, Yuecong and Yang, Jianfei and Chen, Zhenghua and Wu, Min and Li, Xiaoli and Xie, Lihua},
  booktitle={Proceedings of the AAAI Conference on Artificial Intelligence},
  volume={37},
  number={8},
  pages={10253--10261},
  year={2023}
}
@article{bae2024sit,
  title={SiT Dataset: Socially Interactive Pedestrian Trajectory Dataset for Social Navigation Robots},
  author={Bae, Jong Wook and Kim, Jungho and Yun, Junyong and Kang, Changwon and Choi, Jeongseon and Kim, Chanhyeok and Lee, Junho and Choi, Jungwook and Choi, Jun Won},
  journal={Advances in Neural Information Processing Systems},
  volume={36},
  year={2024}
}
@inproceedings{sun20183dof,
  title={3DOF pedestrian trajectory prediction learned from long-term autonomous mobile robot deployment data},
  author={Sun, Li and Yan, Zhi and Mellado, Sergi Molina and Hanheide, Marc and Duckett, Tom},
  booktitle={IEEE Int. Conf. Robot. Autom.},
  pages={5942--5948},
  year={2018},
  organization={IEEE}
}
@inproceedings{yan2018spatial,
  title={Spatial temporal graph convolutional networks for skeleton-based action recognition},
  author={Yan, Sijie and Xiong, Yuanjun and Lin, Dahua},
  booktitle={Proceedings of the AAAI conference on artificial intelligence},
  volume={32},
  number={1},
  year={2018}
}
@inproceedings{si2018skeleton,
  title={Skeleton-based action recognition with spatial reasoning and temporal stack learning},
  author={Si, Chenyang and Jing, Ya and Wang, Wei and Wang, Liang and Tan, Tieniu},
  booktitle={Proceedings of the European conference on computer vision (ECCV)},
  pages={103--118},
  year={2018}
}
@inproceedings{zhang2020semantics,
  title={Semantics-guided neural networks for efficient skeleton-based human action recognition},
  author={Zhang, Pengfei and Lan, Cuiling and Zeng, Wenjun and Xing, Junliang and Xue, Jianru and Zheng, Nanning},
  booktitle={Proc. IEEE Conf. Comput. Vis. Pattern Recognit.},
  pages={1112--1121},
  year={2020}
}
@inproceedings{duan2023skeletr,
  title={SkeleTR: Towards Skeleton-based Action Recognition in the Wild},
  author={Duan, Haodong and Xu, Mingze and Shuai, Bing and Modolo, Davide and Tu, Zhuowen and Tighe, Joseph and Bergamo, Alessandro},
  booktitle={Proc. IEEE/CVF Int. Conf. Comput. Vis.},
  pages={13634--13644},
  year={2023}
}
@article{cao2024discovering,
  title={Discovering intrinsic spatial-temporal logic rules to explain human actions},
  author={Cao, Chengzhi and Yang, Chao and Zhang, Ruimao and Li, Shuang},
  journal={Advances in Neural Information Processing Systems},
  volume={36},
  year={2024}
}

@inproceedings{yu2018spatiotraffic,
    title={Spatio-temporal Graph Convolutional Networks: A Deep Learning Framework for Traffic Forecasting},
    author={Yu, Bing and Yin, Haoteng and Zhu, Zhanxing},
    booktitle={Int. Joint Conf. Artif. Intell.},
    year={2018}
}


@article{liu2023skeletonrecognition,
  title={Skeleton-based human action recognition via large-kernel attention graph convolutional network},
  author={Liu, Yanan and Zhang, Hao and Li, Yanqiu and He, Kangjian and Xu, Dan},
  journal={IEEE Trans. Vis. Comput. Graph.},
  volume={29},
  number={5},
  pages={2575--2585},
  year={2023},
  publisher={IEEE}
}


@article{li2022graphdrug2,
  title={Multiphysical graph neural network (MP-GNN) for COVID-19 drug design},
  author={Li, Xiao-Shuang and Liu, Xiang and Lu, Le and Hua, Xian-Sheng and Chi, Ying and Xia, Kelin},
  journal={Briefings in bioinformatics},
  volume={23},
  number={4},
  pages={bbac231},
  year={2022},
  publisher={Oxford University Press}
}

@inproceedings{wang2019rs1,
  title={Neural graph collaborative filtering},
  author={Wang, Xiang and He, Xiangnan and Wang, Meng and Feng, Fuli and Chua, Tat-Seng},
  booktitle={Proc.Int. ACM SIGIR Conf. Res. Dev. Inf. Retrieval},
  pages={165--174},
  year={2019}
}

@article{wei2023rs2,
  title={Expgcn: Review-aware graph convolution network for explainable recommendation},
  author={Wei, Tianjun and Chow, Tommy WS and Ma, Jianghong and Zhao, Mingbo},
  journal={Neural Networks},
  volume={157},
  pages={202--215},
  year={2023},
  publisher={Elsevier}
}


@inproceedings{xu2023gcvrnn,
  title={Uncovering the missing pattern: Unified framework towards trajectory imputation and prediction},
  author={Xu, Yi and Bazarjani, Armin and Chi, Hyung-gun and Choi, Chiho and Fu, Yun},
  booktitle={Proc. IEEE Conf. Comput. Vis. Pattern Recognit.},
  pages={9632--9643},
  year={2023}
}


@article{mo2021edge_mask,
  title={Heterogeneous edge-enhanced graph attention network for multi-agent trajectory prediction},
  author={Mo, Xiaoyu and Xing, Yang and Lv, Chen},
  journal={arXiv preprint arXiv:2106.07161},
  year={2021}
}

@article{li2024autoregressiveImage,
  title={Autoregressive Image Generation without Vector Quantization},
  author={Li, Tianhong and Tian, Yonglong and Li, He and Deng, Mingyang and He, Kaiming},
  journal={arXiv preprint arXiv:2406.11838},
  year={2024}
}

@article{post2007firstboundary,
  title={First-order operators and boundary triples},
  author={Post, Olaf},
  journal={Russian Journal of Mathematical Physics},
  volume={14},
  number={4},
  pages={482--492},
  year={2007},
  publisher={Springer}
}

@inproceedings{Ilya2019adamW,
  author       = {Ilya Loshchilov and
                  Frank Hutter},
  title        = {Decoupled Weight Decay Regularization},
  booktitle    = {7th International Conference on Learning Representations, {ICLR} 2019,
                  New Orleans, LA, USA, May 6-9, 2019},
  publisher    = {OpenReview.net},
  year         = {2019},
}

@inproceedings{xu2022adaptiveTrans,
  title={Adaptive trajectory prediction via transferable gnn},
  author={Xu, Yi and Wang, Lichen and Wang, Yizhou and Fu, Yun},
  booktitle={Proc. IEEE Conf. Comput. Vis. Pattern Recognit.},
  pages={6520--6531},
  year={2022}
}

@inproceedings{wang2024pedestrianICRA,
  title={Pedestrian Trajectory Prediction Using Dynamics-based Deep Learning},
  author={Wang, Honghui and Zhi, Weiming and Batista, Gustavo and Chandra, Rohitash},
  booktitle={IEEE Int. Conf. Robot. Autom.},
  pages={15068--15075},
  year={2024},
  organization={IEEE}
}

@ARTICLE{peng2024mrgtraj,
  author={Peng, Yusheng and Zhang, Gaofeng and Shi, Jun and Li, Xiangyu and Zheng, Liping},
  journal={IEEE Trans. Circuits Syst. Video Technol.}, 
  title={MRGTraj: A Novel Non-Autoregressive Approach for Human Trajectory Prediction}, 
  year={2024},
  volume={34},
  number={4},
  pages={2318-2331},
  }


@ARTICLE{pei2024autofocusing,
  author={Pei, Zhao and Zhang, Jiaqing and Zhang, Wenwen and Wang, Miao and Wang, Jianing and Yang, Yee-Hong},
  journal={IEEE Trans. Circuits Syst. Video Technol.}, 
  title={Autofocusing for Synthetic Aperture Imaging Based on Pedestrian Trajectory Prediction}, 
  year={2024},
  volume={34},
  number={5},
  pages={3551-3562},}

@article{li2024mfan,
  title={MFAN: Mixing Feature Attention Network for trajectory prediction},
  author={Li, Jingzhong and Yang, Lin and Chen, Yuxuan and Jin, Yue},
  journal={Pattern Recognition},
  volume={146},
  pages={109997},
  year={2024},
  publisher={Elsevier}
}

@inproceedings{
   lin2024progressive,
   title={Progressive Pretext Task Learning for Human Trajectory Prediction},
   author={Lin, Xiaotong and Liang, Tianming and Lai, Jianhuang and Hu, Jian-Fang},
   booktitle={ECCV},
   year={2024},
}


@inproceedings{bae2024singulartrajectory,
  title={SingularTrajectory: Universal Trajectory Predictor Using Diffusion Model},
  author={Bae, Inhwan and Park, Young-Jae and Jeon, Hae-Gon},
  booktitle={Proc. IEEE Conf. Comput. Vis. Pattern Recognit.},
  pages={17890--17901},
  year={2024}
}

@article{kingma2013vae,
  title={Auto-encoding variational bayes},
  author={Kingma, Diederik P},
  journal={arXiv preprint arXiv:1312.6114},
  year={2013}
}

@inproceedings{barbero2023locality,
  title={Locality-aware graph-rewiring in gnns},
  author={Barbero, Federico and Velingker, Ameya and Saberi, Amin and Bronstein, Michael and Di Giovanni, Francesco},
  booktitle = {International Conference on Learning Representations},
  year      = {2024}
}

@inproceedings{black2023understandinger,
  title={Understanding oversquashing in gnns through the lens of effective resistance},
  author={Black, Mitchell and Wan, Zhengchao and Nayyeri, Amir and Wang, Yusu},
  booktitle={Proc. Int. Conf. Mach. Learn.},
  pages={2528--2547},
  year={2023},
  organization={PMLR}
}

@inproceedings{chandra1989electrical,
  title={The electrical resistance of a graph captures its commute and cover times},
  author={Chandra, Ashok K and Raghavan, Prabhakar and Ruzzo, Walter L and Smolensky, Roman},
  booktitle={Proceedings of the twenty-first annual ACM symposium on Theory of computing},
  pages={574--586},
  year={1989}
}

@inproceedings{kim2024higher,
  title={Higher-order Relational Reasoning for Pedestrian Trajectory Prediction},
  author={Kim, Sungjune and Chi, Hyung-gun and Lim, Hyerin and Ramani, Karthik and Kim, Jinkyu and Kim, Sangpil},
  booktitle={Proc. IEEE Conf. Comput. Vis. Pattern Recognit.},
  pages={15251--15260},
  year={2024}
}


@article{liu2020trajectorycnn,
  title={Trajectorycnn: a new spatio-temporal feature learning network for human motion prediction},
  author={Liu, Xiaoli and Yin, Jianqin and Liu, Jin and Ding, Pengxiang and Liu, Jun and Liu, Huaping},
  journal={IEEE Trans. Circuits Syst. Video Technol.},
  volume={31},
  number={6},
  pages={2133--2146},
  year={2020},
  publisher={IEEE}
}


@inproceedings{wong2024socialcircle,
  title={SocialCircle: Learning the Angle-based Social Interaction Representation for Pedestrian Trajectory Prediction},
  author={Wong, Conghao and Xia, Beihao and Zou, Ziqian and Wang, Yulong and You, Xinge},
  booktitle={Proc. IEEE Conf. Comput. Vis. Pattern Recognit.},
  pages={19005--19015},
  year={2024}
}

@article{sun2021reciprocaltrajectory,
  title={Reciprocal twin networks for pedestrian motion learning and future path prediction},
  author={Sun, Hao and Zhao, Zhiqun and Yin, Zhaozheng and He, Zhihai},
  journal={IEEE Trans. Circuits Syst. Video Technol.},
  volume={32},
  number={3},
  pages={1483--1497},
  year={2021},
  publisher={IEEE}
}

@article{ahmad2021skeletoneffective,
  title={Skeleton-based action recognition using sparse spatio-temporal GCN with edge effective resistance},
  author={Ahmad, Tasweer and Jin, Lianwen and Lin, Luojun and Tang, GuoZhi},
  journal={Neurocomputing},
  volume={423},
  pages={389--398},
  year={2021},
  publisher={Elsevier}
}

@article{yang2024communication,
  title={A communication-efficient, online changepoint detection method for monitoring distributed sensor networks},
  author={Yang, Ziyang and Eckley, Idris A and Fearnhead, Paul},
  journal={Statistics and Computing},
  volume={34},
  number={3},
  pages={1--16},
  year={2024},
  publisher={Springer}
}

@ARTICLE{chen2023ppnet,
  author={Chen, Weihuang and Yang, Zhigang and Xue, Lingyang and Duan, Jinghai and Sun, Hongbin and Zheng, Nanning},
  journal={IEEE Trans. Circuits Syst. Video Technol.}, 
  title={Multimodal Pedestrian Trajectory Prediction Using Probabilistic Proposal Network}, 
  year={2023},
  volume={33},
  number={6},
  pages={2877-2891},
  }

@ARTICLE{wang2023stmotion,
  author={Wang, Ning and Zhu, Guangming and Li, Hongsheng and Feng, Mingtao and Zhao, Xia and Ni, Lan and Shen, Peiyi and Mei, Lin and Zhang, Liang},
  journal={IEEE Trans. Circuits Syst. Video Technol.}, 
  title={Exploring Spatioâ€“Temporal Graph Convolution for Video-Based Humanâ€“Object Interaction Recognition}, 
  year={2023},
  volume={33},
  number={10},
  pages={5814-5827},
  }

@article{krizhevsky2012imagenet,
  title={Imagenet classification with deep convolutional neural networks},
  author={Krizhevsky, Alex and Sutskever, Ilya and Hinton, Geoffrey E},
  journal={Adv. Neural Inf. Process. Syst.},
  volume={25},
  year={2012}
}

@inproceedings{lu2024nodemixup,
  title={Nodemixup: Tackling under-reaching for graph neural networks},
  author={Lu, Weigang and Guan, Ziyu and Zhao, Wei and Yang, Yaming and Jin, Long},
  booktitle={Proc. AAAI Conf. Artif. Intell.},
  volume={38},
  number={13},
  pages={14175--14183},
  year={2024}
}

@article{wu2024deepdual,
  title={Deep dual graph attention auto-encoder for community detection},
  author={Wu, Xunlian and Lu, Wanying and Quan, Yining and Miao, Qiguang and Sun, Peng Gang},
  journal={Expert Syst. Appl.},
  volume={238},
  pages={122182},
  year={2024},
  publisher={Elsevier}
}

@article{zhou2022realapp,
  title={Prediction of pedestrian crossing behavior based on surveillance video},
  author={Zhou, Xiao and Ren, Hongyu and Zhang, Tingting and Mou, Xingang and He, Yi and Chan, Ching-Yao},
  journal={Sensors},
  year={2022}
}

@ARTICLE{Berenguer2021contextual,
  author={DÃ­az Berenguer, Abel and Alioscha-Perez, Mitchel and Oveneke, Meshia CÃ©dric and Sahli, Hichem},
  journal={IEEE Trans. Circuits Syst. Video Technol}, 
  title={Context-Aware Human Trajectories Prediction via Latent Variational Model}, 
  year={2021},
  volume={31},
  number={5},
  pages={1876-1889},
  }

@article{tay2022transeff,
author = {Tay, Yi and Dehghani, Mostafa and Bahri, Dara and Metzler, Donald},
title = {Efficient Transformers: A Survey},
year = {2022},
issue_date = {June 2023},
volume = {55},
number = {6},
issn = {0360-0300},
journal = {ACM Comput. Surv.},
articleno = {109},
numpages = {28},
}