@inproceedings{DBLP:conf/aaai/GuoCLPZHM24,
  author       = {Yufei Guo and
                  Yuanpei Chen and
                  Xiaode Liu and
                  Weihang Peng and
                  Yuhan Zhang and
                  Xuhui Huang and
                  Zhe Ma},
  title        = {Ternary Spike: Learning Ternary Spikes for Spiking Neural Networks},
  booktitle    = {Thirty-Eighth {AAAI} Conference on Artificial Intelligence, {AAAI}
                  2024, Thirty-Sixth Conference on Innovative Applications of Artificial
                  Intelligence, {IAAI} 2024, Fourteenth Symposium on Educational Advances
                  in Artificial Intelligence, {EAAI} 2014, February 20-27, 2024, Vancouver,
                  Canada},
  year         = {2024},
}

@inproceedings{DBLP:conf/iclr/BuFDDY022,
  author       = {Tong Bu and
                  Wei Fang and
                  Jianhao Ding and
                  Penglin Dai and
                  Zhaofei Yu and
                  Tiejun Huang},
  title        = {Optimal {ANN-SNN} Conversion for High-accuracy and Ultra-low-latency
                  Spiking Neural Networks},
  booktitle    = {The Tenth International Conference on Learning Representations, {ICLR}
                  2022, Virtual Event, April 25-29, 2022},
  year         = {2022},
}

@inproceedings{DBLP:conf/iclr/HaoDB0Y23,
  author       = {Zecheng Hao and
                  Jianhao Ding and
                  Tong Bu and
                  Tiejun Huang and
                  Zhaofei Yu},
  title        = {Bridging the Gap between ANNs and SNNs by Calibrating Offset Spikes},
  booktitle    = {The Eleventh International Conference on Learning Representations,
                  {ICLR} 2023, Kigali, Rwanda, May 1-5, 2023},
  year         = {2023},
}

@inproceedings{DBLP:conf/iclr/OConnorGRW18,
  author       = {Peter O'Connor and
                  Efstratios Gavves and
                  Matthias Reisser and
                  Max Welling},
  title        = {Temporally Efficient Deep Learning with Spikes},
  booktitle    = {6th International Conference on Learning Representations, {ICLR} 2018,
                  Vancouver, BC, Canada, April 30 - May 3, 2018, Conference Track Proceedings},
  year         = {2018},
}

@inproceedings{DBLP:conf/ijcai/Li022,
  author       = {Yang Li and
                  Yi Zeng},
  title        = {Efficient and Accurate Conversion of Spiking Neural Network with Burst
                  Spikes},
  booktitle    = {Proceedings of the Thirty-First International Joint Conference on
                  Artificial Intelligence, {IJCAI} 2022, Vienna, Austria, 23-29 July
                  2022},
  year         = {2022},
}

@inproceedings{DBLP:conf/nips/WeiSW22,
  author       = {Ganchao Wei and
                  Ian H. Stevenson and
                  Xiaojing Wang},
  title        = {Bayesian Clustering of Neural Spiking Activity Using a Mixture of
                  Dynamic Poisson Factor Analyzers},
  booktitle    = {Advances in Neural Information Processing Systems 35: Annual Conference
                  on Neural Information Processing Systems 2022, NeurIPS 2022, New Orleans,
                  LA, USA, November 28 - December 9, 2022},
  year         = {2022},
}

@article{DBLP:journals/corr/abs-2205-07473,
  author       = {Ziming Wang and
                  Shuang Lian and
                  Yuhao Zhang and
                  Xiaoxin Cui and
                  Rui Yan and
                  Huajin Tang},
  title        = {Towards Lossless {ANN-SNN} Conversion under Ultra-Low Latency with
                  Dual-Phase Optimization},
  journal      = {CoRR},
  year         = {2022},
}

@article{DBLP:journals/tnn/RathiR23,
  author       = {Nitin Rathi and
                  Kaushik Roy},
  title        = {{DIET-SNN:} {A} Low-Latency Spiking Neural Network With Direct Input
                  Encoding and Leakage and Threshold Optimization},
  journal      = {{IEEE} Trans. Neural Networks Learn. Syst.},
  year         = {2023},
}

@article{DBLP:journals/tnn/WuCZLLT23,
  author       = {Jibin Wu and
                  Yansong Chua and
                  Malu Zhang and
                  Guoqi Li and
                  Haizhou Li and
                  Kay Chen Tan},
  title        = {A Tandem Learning Rule for Effective Training and Rapid Inference
                  of Deep Spiking Neural Networks},
  journal      = {{IEEE} Trans. Neural Networks Learn. Syst.},
  year         = {2023},
}

@article{Sengupta2018Going,
  title={Going Deeper in Spiking Neural Networks: VGG and Residual Architectures},
  author={Sengupta, Abhronil and Ye, Yuting and Wang, Robert and Liu, Chiao and Roy, Kaushik},
  journal={Frontiers in Neuroence},
  year={2018},
}

@article{cao2015spiking,
  title={Spiking deep convolutional neural networks for energy-efficient object recognition},
  author={Cao, Yongqiang and Chen, Yang and Khosla, Deepak},
  journal={International Journal of Computer Vision},
  volume={113},
  number={1},
  pages={54--66},
  year={2015},
  publisher={Springer}
}

@inproceedings{guo2022recdis,
  title={Recdis-SNN: Rectifying membrane potential distribution for directly training spiking neural networks},
  author={Guo, Yufei and Tong, Xinyi and Chen, Yuanpei and Zhang, Liwen and Liu, Xiaode and Ma, Zhe and Huang, Xuhui},
  booktitle={Proceedings of the IEEE/CVF Conference on Computer Vision and Pattern Recognition},
  year={2022}
}

@inproceedings{han2020rmp,
  title={{RMP-SNN}: Residual membrane potential neuron for enabling deeper high-accuracy and low-latency spiking neural network},
  author={Han, Bing and Srinivasan, Gopalakrishnan and Roy, Kaushik},
  booktitle={Proceedings of the IEEE/CVF conference on Computer Vision and Pattern Recognition (CVPR)},
  pages={13558--13567},
  year={2020}
}

@inproceedings{ho2021tcl,
  title={TCL: an ANN-to-SNN conversion with trainable clipping layers},
  author={Ho, Nguyen-Dong and Chang, Ik-Joon},
  booktitle={2021 58th ACM/IEEE Design Automation Conference (DAC)},
  year={2021},
  organization={IEEE}
}

@inproceedings{li2021free,
  title={A free lunch from ANN: Towards efficient, accurate spiking neural networks calibration},
  author={Li, Yuhang and Deng, Shikuang and Dong, Xin and Gong, Ruihao and Gu, Shi},
  booktitle={International Conference on Machine Learning},
  pages={6316--6325},
  year={2021},
  organization={PMLR}
}

@article{rueckauer2017conversion,
  title={Conversion of continuous-valued deep networks to efficient event-driven networks for image classification},
  author={Rueckauer, Bodo and Lungu, Iulia-Alexandra and Hu, Yuhuang and Pfeiffer, Michael and Liu, Shih-Chii},
  journal={Frontiers in neuroscience},
  volume={11},
  pages={682},
  year={2017},
  publisher={Frontiers Media SA}
}

@article{stockl2021optimized,
  title={Optimized spiking neurons can classify images with high accuracy through temporal coding with two spikes},
  author={St{\"o}ckl, Christoph and Maass, Wolfgang},
  journal={Nature Machine Intelligence},
  volume={3},
  number={3},
  pages={230--238},
  year={2021},
  publisher={Nature Publishing Group UK London}
}

@article{wei2023bayesian,
  title={Bayesian Bi-clustering of Neural Spiking Activity with Latent Structures},
  author={Wei, Ganchao},
  booktitle    = {The Twelfth International Conference on Learning Representations, {ICLR} 2024,
                 Austria, May 6-11, 2024},
  year         = {2024},
}

@inproceedings{wei2023temporal,
  title={Temporal-coded spiking neural networks with dynamic firing threshold: Learning with event-driven backpropagation},
  author={Wei, Wenjie and Zhang, Malu and Qu, Hong and Belatreche, Ammar and Zhang, Jian and Chen, Hong},
  booktitle={Proceedings of the IEEE/CVF International Conference on Computer Vision},  
  year={2023}
}

@article{wu2018spatio,
  title={Spatio-temporal backpropagation for training high-performance spiking neural networks},
  author={Wu, Yujie and Deng, Lei and Li, Guoqi and Zhu, Jun and Shi, Luping},
  journal={Frontiers in neuroscience},
  volume={12},
  pages={331},
  year={2018},
  publisher={Frontiers Media SA}
}

@inproceedings{zenke2018superspike,
  title={Superspike: Supervised learning in multilayer spiking neural networks},
  author={Zenke, Friedemann and Ganguli, Surya},
  journal={Neural computation},
  year={2018},
  publisher={MIT Press One Rogers Street, Cambridge, MA 02142-1209, USA journals-info~â€¦}
}

@inproceedings{zhang2023memory,
  title={Memory-Efficient Reversible Spiking Neural Networks},
  author={Zhang, Hong and Zhang, Yu},
  booktitle={Proceedings of the AAAI conference on artificial intelligence},
  year={2024}
}

@inproceedings{zhu2024exploring,
  title={Exploring Loss Functions for Time-based Training Strategy in Spiking Neural Networks},
  author={Zhu, Yaoyu and Fang, Wei and Xie, Xiaodong and Huang, Tiejun and Yu, Zhaofei},
  journal={Advances in Neural Information Processing Systems},
  year={2024}
}

