@String(PAMI = {IEEE Trans. Pattern Anal. Mach. Intell.})
@String(IJCV = {Int. J. Comput. Vis.})
@String(CVPR= {IEEE Conf. Comput. Vis. Pattern Recog.})
@String(ICCV= {Int. Conf. Comput. Vis.})
@String(ECCV= {Eur. Conf. Comput. Vis.})
@String(NIPS= {Adv. Neural Inform. Process. Syst.})
@String(ICPR = {Int. Conf. Pattern Recog.})
@String(BMVC= {Brit. Mach. Vis. Conf.})
@String(TOG= {ACM Trans. Graph.})
@String(TIP  = {IEEE Trans. Image Process.})
@String(TVCG  = {IEEE Trans. Vis. Comput. Graph.})
@String(TMM  = {IEEE Trans. Multimedia})
@String(ACMMM= {ACM Int. Conf. Multimedia})
@String(ICME = {Int. Conf. Multimedia and Expo})
@String(ICASSP=	{ICASSP})
@String(ICIP = {IEEE Int. Conf. Image Process.})
@String(ACCV  = {ACCV})
@String(ICLR = {Int. Conf. Learn. Represent.})
@String(IJCAI = {IJCAI})
@String(PR   = {Pattern Recognition})
@String(AAAI = {AAAI})
@String(CVPRW= {IEEE Conf. Comput. Vis. Pattern Recog. Worksh.})
@String(CSVT = {IEEE Trans. Circuit Syst. Video Technol.})

@String(SPL	= {IEEE Sign. Process. Letters})
@String(VR   = {Vis. Res.})
@String(JOV	 = {J. Vis.})
@String(TVC  = {The Vis. Comput.})
@String(JCST  = {J. Comput. Sci. Tech.})
@String(CGF  = {Comput. Graph. Forum})
@String(CVM = {Computational Visual Media})


@String(PAMI  = {IEEE TPAMI})
@String(IJCV  = {IJCV})
@String(CVPR  = {CVPR})
@String(ICCV  = {ICCV})
@String(ECCV  = {ECCV})
@String(NIPS  = {NeurIPS})
@String(ICPR  = {ICPR})
@String(BMVC  =	{BMVC})
@String(TOG   = {ACM TOG})
@String(TIP   = {IEEE TIP})
@String(TVCG  = {IEEE TVCG})
@String(TCSVT = {IEEE TCSVT})
@String(TMM   =	{IEEE TMM})
@String(ACMMM = {ACM MM})
@String(ICME  =	{ICME})
@String(ICASSP=	{ICASSP})
@String(ICIP  = {ICIP})
@String(ACCV  = {ACCV})
@String(ICLR  = {ICLR})
@String(IJCAI = {IJCAI})
@String(PR = {PR})
@String(AAAI = {AAAI})
@String(CVPRW= {CVPRW})
@String(CSVT = {IEEE TCSVT})

@Inproceedings{jiang2020mpshape,
  Title          = {Coherent Reconstruction of Multiple Humans from a Single Image},
  Author         = {Jiang, Wen and Kolotouros, Nikos and Pavlakos, Georgios and Zhou, Xiaowei and Daniilidis, Kostas},
  Booktitle      = {CVPR},
  Year           = {2020}
}

@InProceedings{ROMP,
    author = {Sun, Yu and Bao, Qian and Liu, Wu and Fu, Yili and Michael J., Black and Mei, Tao},
    title = {{Monocular, One-stage, Regression of Multiple 3D People}},
    booktitle = {ICCV},
    year = {2021}}

@InProceedings{sun2022BEV,
author = {Sun, Yu and Liu, Wu and Bao, Qian and Fu, Yili and Mei, Tao and Black, Michael J},
title = {Putting People in their Place: Monocular Regression of {3D} People in Depth}, 
booktitle = {IEEE/CVF Conf.~on Computer Vision and Pattern Recognition (CVPR)}, 
year = {2022}
}

@InProceedings{TRACE2023,
  title = {TRACE: 5D Temporal Regression of Avatars with Dynamic Cameras in 3D Environments},
  author = {Sun, Yu and Bao, Qian and Liu, Wu and Mei, Tao and Black, Michael J.},
  booktitle = {IEEE/CVF Conf.~on Computer Vision and Pattern Recognition (CVPR)}, 
  month = June, 
  year = {2023}}

@inproceedings{Rempe2021HuMoR,
  title={HuMoR: 3D Human Motion Model for Robust Pose Estimation},
  author={Rempe, Davis and Birdal, Tolga and Hertzmann, Aaron and Yang, Jimei and Sridhar, Srinath and Guibas, Leonidas J.},
  booktitle={International Conference on Computer Vision (ICCV)},
  year={2021}
}

@inproceedings{Choi2021TCMR,
  title={Beyond Static Features for Temporally Consistent 3D Human Pose and Shape from a Video},
  author={Choi, Hongsuk and Moon1, Gyeongsik and Chang, Ju Yong and Lee, Kyoung Mu},
  booktitle={Proceedings of the IEEE/CVF International Conference on Computer Vision},
  pages={1964--1973},
  year={2021}
}

@inproceedings{Li2019physics,
  title={Estimating 3D Motion and Forces of Person-Object Interactions
from Monocular Video},
  author={Li, Zongmian and Sedlar, Jiri and Carpentier, Justin and Laptev, Ivan and Mansard, Nicolas and Sivic, Josef},
  booktitle={Proceedings of the IEEE/CVF International Conference on Computer Vision},
  pages={8640--8649},
  year={2019}
}

@inproceedings{xie2021physics,
  title={Physics-based human motion estimation and synthesis from videos},
  author={Xie, Kevin and Wang, Tingwu and Iqbal, Umar and Guo, Yunrong and Fidler, Sanja and Shkurti, Florian},
  booktitle={Proceedings of the IEEE/CVF International Conference on Computer Vision},
  pages={11532--11541},
  year={2021}
}

@inproceedings{yuan2021simpoe,
  title={Simpoe: Simulated character control for 3d human pose estimation},
  author={Yuan, Ye and Wei, Shih-En and Simon, Tomas and Kitani, Kris and Saragih, Jason},
  booktitle={Proceedings of the IEEE/CVF conference on computer vision and pattern recognition},
  pages={7159--7169},
  year={2021}
}

@article{shimada2020physcap,
  title={Physcap: Physically plausible monocular 3d motion capture in real time},
  author={Shimada, Soshi and Golyanik, Vladislav and Xu, Weipeng and Theobalt, Christian},
  journal={ACM Transactions on Graphics (ToG)},
  volume={39},
  number={6},
  pages={1--16},
  year={2020},
  publisher={ACM New York, NY, USA}
}

@article{shimada2021neural,
  title={Neural monocular 3d human motion capture with physical awareness},
  author={Shimada, Soshi and Golyanik, Vladislav and Xu, Weipeng and P{\'e}rez, Patrick and Theobalt, Christian},
  journal={ACM Transactions on Graphics (ToG)},
  volume={40},
  number={4},
  pages={1--15},
  year={2021},
  publisher={ACM New York, NY, USA}
}

@inproceedings{gartner2022differentiable,
  title={Differentiable dynamics for articulated 3d human motion reconstruction},
  author={G{\"a}rtner, Erik and Andriluka, Mykhaylo and Coumans, Erwin and Sminchisescu, Cristian},
  booktitle={Proceedings of the IEEE/CVF Conference on Computer Vision and Pattern Recognition},
  pages={13190--13200},
  year={2022}
}

@inproceedings{rempe2020contact,
  title={Contact and human dynamics from monocular video},
  author={Rempe, Davis and Guibas, Leonidas J and Hertzmann, Aaron and Russell, Bryan and Villegas, Ruben and Yang, Jimei},
  booktitle={Computer Vision--ECCV 2020: 16th European Conference, Glasgow, UK, August 23--28, 2020, Proceedings, Part V 16},
  pages={71--87},
  year={2020},
  organization={Springer}
}

@inproceedings{gartner2022trajectory,
  title={Trajectory optimization for physics-based reconstruction of 3d human pose from monocular video},
  author={G{\"a}rtner, Erik and Andriluka, Mykhaylo and Xu, Hongyi and Sminchisescu, Cristian},
  booktitle={Proceedings of the IEEE/CVF Conference on Computer Vision and Pattern Recognition},
  pages={13106--13115},
  year={2022}
}

@article{al2012trajectory,
  title={Trajectory optimization for full-body movements with complex contacts},
  author={Al Borno, Mazen and De Lasa, Martin and Hertzmann, Aaron},
  journal={IEEE transactions on visualization and computer graphics},
  volume={19},
  number={8},
  pages={1405--1414},
  year={2012},
  publisher={IEEE}
}

@inproceedings{brubaker2009estimating,
  title={Estimating contact dynamics},
  author={Brubaker, Marcus A and Sigal, Leonid and Fleet, David J},
  booktitle={2009 IEEE 12th International Conference on Computer Vision},
  pages={2389--2396},
  year={2009},
  organization={IEEE}
}

@inproceedings{al2018robust,
  title={Robust Physics-based Motion Retargeting with Realistic Body Shapes},
  author={Al Borno, Mazen and Righetti, Ludovic and Black, Michael J and Delp, Scott L and Fiume, Eugene and Romero, Javier},
  booktitle={Computer Graphics Forum},
  volume={37},
  number={8},
  pages={81--92},
  year={2018},
  organization={Wiley Online Library}
}

@inproceedings{tripathi20233d,
  title={3D human pose estimation via intuitive physics},
  author={Tripathi, Shashank and M{\"u}ller, Lea and Huang, Chun-Hao P and Taheri, Omid and Black, Michael J and Tzionas, Dimitrios},
  booktitle={Proceedings of the IEEE/CVF Conference on Computer Vision and Pattern Recognition},
  pages={4713--4725},
  year={2023}
}

%Mocap and 3D datasets
@article{ionescu2013human3,
  title={Human3. 6m: Large scale datasets and predictive methods for 3d human sensing in natural environments},
  author={Ionescu, Catalin and Papava, Dragos and Olaru, Vlad and Sminchisescu, Cristian},
  journal={IEEE transactions on pattern analysis and machine intelligence},
  volume={36},
  number={7},
  pages={1325--1339},
  year={2013},
  publisher={IEEE}
}

@inproceedings{vonMarcard2018,
    title = {Recovering Accurate 3D Human Pose in The Wild Using IMUs and a Moving Camera},
    author = {von Marcard, Timo and Henschel, Roberto and Black, Michael and Rosenhahn, Bodo and Pons-Moll, Gerard},
    booktitle = {European Conference on Computer Vision (ECCV)},
    year = {2018},
    month = {sep}
    }

@inproceedings{deepcap,
    title = {DeepCap: Monocular Human Performance Capture Using Weak Supervision},
    author = {Habermann, Marc and Xu, Weipeng and Zollhoefer, Michael and Pons-Moll, Gerard and Theobalt, Christian},
    booktitle = {{IEEE} Conference on Computer Vision and Pattern Recognition (CVPR)},
    month = {jun},
    organization = {{IEEE}},
    year = {2020},
}

@inproceedings{fieraru2021aifit,
  title={Aifit: Automatic 3d human-interpretable feedback models for fitness training},
  author={Fieraru, Mihai and Zanfir, Mihai and Pirlea, Silviu Cristian and Olaru, Vlad and Sminchisescu, Cristian},
  booktitle={Proceedings of the IEEE/CVF conference on computer vision and pattern recognition},
  pages={9919--9928},
  year={2021}
}

@inproceedings{huang2022capturing,
  title={Capturing and inferring dense full-body human-scene contact},
  author={Huang, Chun-Hao P and Yi, Hongwei and H{\"o}schle, Markus and Safroshkin, Matvey and Alexiadis, Tsvetelina and Polikovsky, Senya and Scharstein, Daniel and Black, Michael J},
  booktitle={Proceedings of the IEEE/CVF Conference on Computer Vision and Pattern Recognition},
  pages={13274--13285},
  year={2022}
}

%Two-stage 3D Human Pose Estimation
@inproceedings{zheng20213d,
  title={3d human pose estimation with spatial and temporal transformers},
  author={Zheng, Ce and Zhu, Sijie and Mendieta, Matias and Yang, Taojiannan and Chen, Chen and Ding, Zhengming},
  booktitle={Proceedings of the IEEE/CVF International Conference on Computer Vision},
  pages={11656--11665},
  year={2021}
}

@inproceedings{liu2020attention,
  title={Attention mechanism exploits temporal contexts: Real-time 3d human pose reconstruction},
  author={Liu, Ruixu and Shen, Ju and Wang, He and Chen, Chen and Cheung, Sen-ching and Asari, Vijayan},
  booktitle={Proceedings of the IEEE/CVF Conference on Computer Vision and Pattern Recognition},
  pages={5064--5073},
  year={2020}
}

@inproceedings{pavllo:videopose3d:2019,
  title={3D human pose estimation in video with temporal convolutions and semi-supervised training},
  author={Pavllo, Dario and Feichtenhofer, Christoph and Grangier, David and Auli, Michael},
  booktitle={Conference on Computer Vision and Pattern Recognition (CVPR)},
  year={2019}
}

@inproceedings{wang2020motion,
  title={Motion guided 3d pose estimation from videos},
  author={Wang, Jingbo and Yan, Sijie and Xiong, Yuanjun and Lin, Dahua},
  booktitle={European Conference on Computer Vision},
  pages={764--780},
  year={2020},
  organization={Springer}
}

@inproceedings{martinez2017simple,
  title={A simple yet effective baseline for 3d human pose estimation},
  author={Martinez, Julieta and Hossain, Rayat and Romero, Javier and Little, James J},
  booktitle={Proceedings of the IEEE international conference on computer vision},
  pages={2640--2649},
  year={2017}
}

@inproceedings{chen20173d,
  title={3d human pose estimation= 2d pose estimation+ matching},
  author={Chen, Ching-Hang and Ramanan, Deva},
  booktitle={Proceedings of the IEEE conference on computer vision and pattern recognition},
  pages={7035--7043},
  year={2017}
}

@inproceedings{park20163d,
  title={3d human pose estimation using convolutional neural networks with 2d pose information},
  author={Park, Sungheon and Hwang, Jihye and Kwak, Nojun},
  booktitle={Computer Vision--ECCV 2016 Workshops: Amsterdam, The Netherlands, October 8-10 and 15-16, 2016, Proceedings, Part III 14},
  pages={156--169},
  year={2016},
  organization={Springer}
}

%Direct 3D Human Pose Estimation
@inproceedings{moon2020i2l,
  title={I2l-meshnet: Image-to-lixel prediction network for accurate 3d human pose and mesh estimation from a single rgb image},
  author={Moon, Gyeongsik and Lee, Kyoung Mu},
  booktitle={European Conference on Computer Vision},
  pages={752--768},
  year={2020},
  organization={Springer}
}

@inproceedings{pavlakos2018ordinal,
  title={Ordinal depth supervision for 3d human pose estimation},
  author={Pavlakos, Georgios and Zhou, Xiaowei and Daniilidis, Kostas},
  booktitle={Proceedings of the IEEE Conference on Computer Vision and Pattern Recognition},
  pages={7307--7316},
  year={2018}
}

@inproceedings{kocabas2020vibe,
  title={Vibe: Video inference for human body pose and shape estimation},
  author={Kocabas, Muhammed and Athanasiou, Nikos and Black, Michael J},
  booktitle={Proceedings of the IEEE/CVF conference on computer vision and pattern recognition},
  pages={5253--5263},
  year={2020}
}

@inproceedings{zanfir2021neural,
  title={Neural descent for visual 3d human pose and shape},
  author={Zanfir, Andrei and Bazavan, Eduard Gabriel and Zanfir, Mihai and Freeman, William T and Sukthankar, Rahul and Sminchisescu, Cristian},
  booktitle={Proceedings of the IEEE/CVF Conference on Computer Vision and Pattern Recognition},
  pages={14484--14493},
  year={2021}
}

@inproceedings{kolotouros2019learning,
  title={Learning to reconstruct 3D human pose and shape via model-fitting in the loop},
  author={Kolotouros, Nikos and Pavlakos, Georgios and Black, Michael J and Daniilidis, Kostas},
  booktitle={Proceedings of the IEEE/CVF international conference on computer vision},
  pages={2252--2261},
  year={2019}
}

@inproceedings{kanazawa2018end,
  title={End-to-end recovery of human shape and pose},
  author={Kanazawa, Angjoo and Black, Michael J and Jacobs, David W and Malik, Jitendra},
  booktitle={Proceedings of the IEEE conference on computer vision and pattern recognition},
  pages={7122--7131},
  year={2018}
}

%Multi-view 3D Pose Estimation
@inproceedings{remelli2020lightweight,
  title={Lightweight multi-view 3D pose estimation through camera-disentangled representation},
  author={Remelli, Edoardo and Han, Shangchen and Honari, Sina and Fua, Pascal and Wang, Robert},
  booktitle={Proceedings of the IEEE/CVF conference on computer vision and pattern recognition},
  pages={6040--6049},
  year={2020}
}

@inproceedings{pavlakos2017harvesting,
  title={Harvesting multiple views for marker-less 3d human pose annotations},
  author={Pavlakos, Georgios and Zhou, Xiaowei and Derpanis, Konstantinos G and Daniilidis, Kostas},
  booktitle={Proceedings of the IEEE conference on computer vision and pattern recognition},
  pages={6988--6997},
  year={2017}
}

@inproceedings{iskakov2019learnable,
  title={Learnable triangulation of human pose},
  author={Iskakov, Karim and Burkov, Egor and Lempitsky, Victor and Malkov, Yury},
  booktitle={Proceedings of the IEEE/CVF international conference on computer vision},
  pages={7718--7727},
  year={2019}
}

@inproceedings{qiu2019cross,
  title={Cross view fusion for 3d human pose estimation},
  author={Qiu, Haibo and Wang, Chunyu and Wang, Jingdong and Wang, Naiyan and Zeng, Wenjun},
  booktitle={Proceedings of the IEEE/CVF international conference on computer vision},
  pages={4342--4351},
  year={2019}
}

@inproceedings{tu2020voxelpose,
  title={Voxelpose: Towards multi-camera 3d human pose estimation in wild environment},
  author={Tu, Hanyue and Wang, Chunyu and Zeng, Wenjun},
  booktitle={Computer Vision--ECCV 2020: 16th European Conference, Glasgow, UK, August 23--28, 2020, Proceedings, Part I 16},
  pages={197--212},
  year={2020},
  organization={Springer}
}

@article{zhang2021direct,
  title={Direct multi-view multi-person 3d pose estimation},
  author={Zhang, Jianfeng and Cai, Yujun and Yan, Shuicheng and Feng, Jiashi and others},
  journal={Advances in Neural Information Processing Systems},
  volume={34},
  pages={13153--13164},
  year={2021}
}

%3D statistical body models
@article{loper2015smpl,
  title={SMPL: A skinned multi-person linear model},
  author={Loper, Matthew and Mahmood, Naureen and Romero, Javier and Pons-Moll, Gerard and Black, Michael J},
  journal={ACM transactions on graphics (TOG)},
  volume={34},
  number={6},
  pages={1--16},
  year={2015},
  publisher={ACM New York, NY, USA}
}

@inproceedings{xu2020ghum,
  title={Ghum \& ghuml: Generative 3d human shape and articulated pose models},
  author={Xu, Hongyi and Bazavan, Eduard Gabriel and Zanfir, Andrei and Freeman, William T and Sukthankar, Rahul and Sminchisescu, Cristian},
  booktitle={Proceedings of the IEEE/CVF Conference on Computer Vision and Pattern Recognition},
  pages={6184--6193},
  year={2020}
}

%Human Perception
@incollection{reitsma2003perceptual,
  title={Perceptual metrics for character animation: sensitivity to errors in ballistic motion},
  author={Reitsma, Paul SA and Pollard, Nancy S},
  booktitle={ACM SIGGRAPH 2003 Papers},
  pages={537--542},
  year={2003}
}

@article{hoyet2012push,
  title={Push it real: Perceiving causality in virtual interactions},
  author={Hoyet, Ludovic and McDonnell, Rachel and O'Sullivan, Carol},
  journal={ACM Transactions on Graphics (TOG)},
  volume={31},
  number={4},
  pages={1--9},
  year={2012},
  publisher={ACM New York, NY, USA}
}

%Physics engine
@MISC{coumans2021,
author =   {Erwin Coumans and Yunfei Bai},
title =    {PyBullet, a Python module for physics simulation for games, robotics and machine learning},
howpublished = {\url{http://pybullet.org}},
year = {2016--2021}
}

%RL
@article{peng2018deepmimic,
  title={Deepmimic: Example-guided deep reinforcement learning of physics-based character skills},
  author={Peng, Xue Bin and Abbeel, Pieter and Levine, Sergey and Van de Panne, Michiel},
  journal={ACM Transactions On Graphics (TOG)},
  volume={37},
  number={4},
  pages={1--14},
  year={2018},
  publisher={ACM New York, NY, USA}
}

%Biomechanics literature
@article{winter1995human,
  title={Human balance and posture control during standing and walking},
  author={Winter, David A},
  journal={Gait \& posture},
  volume={3},
  number={4},
  pages={193--214},
  year={1995},
  publisher={Elsevier}
}

@article{hof2005condition,
  title={The condition for dynamic stability},
  author={Hof, At L and Gazendam, MGJ and Sinke, WE},
  journal={Journal of biomechanics},
  volume={38},
  number={1},
  pages={1--8},
  year={2005},
  publisher={Elsevier}
}

@article{hof2007equations,
  title={The equations of motion for a standing human reveal three mechanisms for balance},
  author={Hof, At L},
  journal={Journal of biomechanics},
  volume={40},
  number={2},
  pages={451--457},
  year={2007},
  publisher={Elsevier}
}


%Derivative free optimization
@article{hansen2006cma,
  title={The CMA evolution strategy: a comparing review},
  author={Hansen, Nikolaus},
  journal={Towards a new evolutionary computation: Advances in the estimation of distribution algorithms},
  pages={75--102},
  year={2006},
  publisher={Springer}
}

%Stable PD Controller
@article{tan2011stable,
  title={Stable proportional-derivative controllers},
  author={Tan, Jie and Liu, Karen and Turk, Greg},
  journal={IEEE Computer Graphics and Applications},
  volume={31},
  number={4},
  pages={34--44},
  year={2011},
  publisher={IEEE}
}

@inproceedings{lin2014microsoft,
  title={Microsoft coco: Common objects in context},
  author={Lin, Tsung-Yi and Maire, Michael and Belongie, Serge and Hays, James and Perona, Pietro and Ramanan, Deva and Doll{\'a}r, Piotr and Zitnick, C Lawrence},
  booktitle={Computer Vision--ECCV 2014: 13th European Conference, Zurich, Switzerland, September 6-12, 2014, Proceedings, Part V 13},
  pages={740--755},
  year={2014},
  organization={Springer}
}

%Citations for intro
@article{patrona2018motion,
  title={Motion analysis: Action detection, recognition and evaluation based on motion capture data},
  author={Patrona, Fotini and Chatzitofis, Anargyros and Zarpalas, Dimitrios and Daras, Petros},
  journal={Pattern Recognition},
  volume={76},
  pages={612--622},
  year={2018},
  publisher={Elsevier}
}

@inproceedings{monzani2000using,
  title={Using an intermediate skeleton and inverse kinematics for motion retargeting},
  author={Monzani, Jean-S{\'e}bastien and Baerlocher, Paolo and Boulic, Ronan and Thalmann, Daniel},
  booktitle={Computer Graphics Forum},
  volume={19},
  number={3},
  pages={11--19},
  year={2000},
  organization={Wiley Online Library}
}

@inproceedings{joo2015panoptic,
  title={Panoptic studio: A massively multiview system for social motion capture},
  author={Joo, Hanbyul and Liu, Hao and Tan, Lei and Gui, Lin and Nabbe, Bart and Matthews, Iain and Kanade, Takeo and Nobuhara, Shohei and Sheikh, Yaser},
  booktitle={Proceedings of the IEEE International Conference on Computer Vision},
  pages={3334--3342},
  year={2015}
}

@inproceedings{chen2018cascaded,
  title={Cascaded pyramid network for multi-person pose estimation},
  author={Chen, Yilun and Wang, Zhicheng and Peng, Yuxiang and Zhang, Zhiqiang and Yu, Gang and Sun, Jian},
  booktitle={Proceedings of the IEEE conference on computer vision and pattern recognition},
  pages={7103--7112},
  year={2018}
}

@inproceedings{jin2020whole,
  title={Whole-Body Human Pose Estimation in the Wild},
  author={Jin, Sheng and Xu, Lumin and Xu, Jin and Wang, Can and Liu, Wentao and Qian, Chen and Ouyang, Wanli and Luo, Ping},
  booktitle={Proceedings of the European Conference on Computer Vision (ECCV)},    
  year={2020}
}

@article{freeman2021brax,
  title={Brax--A Differentiable Physics Engine for Large Scale Rigid Body Simulation},
  author={Freeman, C Daniel and Frey, Erik and Raichuk, Anton and Girgin, Sertan and Mordatch, Igor and Bachem, Olivier},
  journal={arXiv preprint arXiv:2106.13281},
  year={2021}
}

@inproceedings{louis2022learning,
  title={Learning to Estimate External Forces of Human Motion in Video},
  author={Louis, Nathan and Corso, Jason J and Templin, Tylan N and Eliason, Travis D and Nicolella, Daniel P},
  booktitle={Proceedings of the 30th ACM International Conference on Multimedia},
  pages={3540--3548},
  year={2022}
}

@inproceedings{weng2021holistic,
  title={Holistic 3d human and scene mesh estimation from single view images},
  author={Weng, Zhenzhen and Yeung, Serena},
  booktitle={Proceedings of the IEEE/CVF Conference on Computer Vision and Pattern Recognition},
  pages={334--343},
  year={2021}
}

@inproceedings{tulsiani2018factoring,
  title={Factoring shape, pose, and layout from the 2d image of a 3d scene},
  author={Tulsiani, Shubham and Gupta, Saurabh and Fouhey, David F and Efros, Alexei A and Malik, Jitendra},
  booktitle={Proceedings of the IEEE Conference on Computer Vision and Pattern Recognition},
  pages={302--310},
  year={2018}
}

