@InProceedings{ROMP,
    author = {Sun, Yu and Bao, Qian and Liu, Wu and Fu, Yili and Michael J., Black and Mei, Tao},
    title = {{Monocular, One-stage, Regression of Multiple 3D People}},
    booktitle = {ICCV},
    year = {2021}}

@article{hof2005condition,
  title={The condition for dynamic stability},
  author={Hof, At L and Gazendam, MGJ and Sinke, WE},
  journal={Journal of biomechanics},
  volume={38},
  number={1},
  pages={1--8},
  year={2005},
  publisher={Elsevier}
}

@article{hof2007equations,
  title={The equations of motion for a standing human reveal three mechanisms for balance},
  author={Hof, At L},
  journal={Journal of biomechanics},
  volume={40},
  number={2},
  pages={451--457},
  year={2007},
  publisher={Elsevier}
}

@inproceedings{iskakov2019learnable,
  title={Learnable triangulation of human pose},
  author={Iskakov, Karim and Burkov, Egor and Lempitsky, Victor and Malkov, Yury},
  booktitle={Proceedings of the IEEE/CVF international conference on computer vision},
  pages={7718--7727},
  year={2019}
}

@inproceedings{kocabas2020vibe,
  title={Vibe: Video inference for human body pose and shape estimation},
  author={Kocabas, Muhammed and Athanasiou, Nikos and Black, Michael J},
  booktitle={Proceedings of the IEEE/CVF conference on computer vision and pattern recognition},
  pages={5253--5263},
  year={2020}
}

@article{loper2015smpl,
  title={SMPL: A skinned multi-person linear model},
  author={Loper, Matthew and Mahmood, Naureen and Romero, Javier and Pons-Moll, Gerard and Black, Michael J},
  journal={ACM transactions on graphics (TOG)},
  volume={34},
  number={6},
  pages={1--16},
  year={2015},
  publisher={ACM New York, NY, USA}
}

@inproceedings{pavlakos2017harvesting,
  title={Harvesting multiple views for marker-less 3d human pose annotations},
  author={Pavlakos, Georgios and Zhou, Xiaowei and Derpanis, Konstantinos G and Daniilidis, Kostas},
  booktitle={Proceedings of the IEEE conference on computer vision and pattern recognition},
  pages={6988--6997},
  year={2017}
}

@inproceedings{pavllo:videopose3d:2019,
  title={3D human pose estimation in video with temporal convolutions and semi-supervised training},
  author={Pavllo, Dario and Feichtenhofer, Christoph and Grangier, David and Auli, Michael},
  booktitle={Conference on Computer Vision and Pattern Recognition (CVPR)},
  year={2019}
}

@inproceedings{qiu2019cross,
  title={Cross view fusion for 3d human pose estimation},
  author={Qiu, Haibo and Wang, Chunyu and Wang, Jingdong and Wang, Naiyan and Zeng, Wenjun},
  booktitle={Proceedings of the IEEE/CVF international conference on computer vision},
  pages={4342--4351},
  year={2019}
}

@inproceedings{remelli2020lightweight,
  title={Lightweight multi-view 3D pose estimation through camera-disentangled representation},
  author={Remelli, Edoardo and Han, Shangchen and Honari, Sina and Fua, Pascal and Wang, Robert},
  booktitle={Proceedings of the IEEE/CVF conference on computer vision and pattern recognition},
  pages={6040--6049},
  year={2020}
}

@inproceedings{rempe2020contact,
  title={Contact and human dynamics from monocular video},
  author={Rempe, Davis and Guibas, Leonidas J and Hertzmann, Aaron and Russell, Bryan and Villegas, Ruben and Yang, Jimei},
  booktitle={Computer Vision--ECCV 2020: 16th European Conference, Glasgow, UK, August 23--28, 2020, Proceedings, Part V 16},
  pages={71--87},
  year={2020},
  organization={Springer}
}

@article{shimada2020physcap,
  title={Physcap: Physically plausible monocular 3d motion capture in real time},
  author={Shimada, Soshi and Golyanik, Vladislav and Xu, Weipeng and Theobalt, Christian},
  journal={ACM Transactions on Graphics (ToG)},
  volume={39},
  number={6},
  pages={1--16},
  year={2020},
  publisher={ACM New York, NY, USA}
}

@inproceedings{tripathi20233d,
  title={3D human pose estimation via intuitive physics},
  author={Tripathi, Shashank and M{\"u}ller, Lea and Huang, Chun-Hao P and Taheri, Omid and Black, Michael J and Tzionas, Dimitrios},
  booktitle={Proceedings of the IEEE/CVF Conference on Computer Vision and Pattern Recognition},
  pages={4713--4725},
  year={2023}
}

@inproceedings{tu2020voxelpose,
  title={Voxelpose: Towards multi-camera 3d human pose estimation in wild environment},
  author={Tu, Hanyue and Wang, Chunyu and Zeng, Wenjun},
  booktitle={Computer Vision--ECCV 2020: 16th European Conference, Glasgow, UK, August 23--28, 2020, Proceedings, Part I 16},
  pages={197--212},
  year={2020},
  organization={Springer}
}

@article{winter1995human,
  title={Human balance and posture control during standing and walking},
  author={Winter, David A},
  journal={Gait \& posture},
  volume={3},
  number={4},
  pages={193--214},
  year={1995},
  publisher={Elsevier}
}

@inproceedings{xu2020ghum,
  title={Ghum \& ghuml: Generative 3d human shape and articulated pose models},
  author={Xu, Hongyi and Bazavan, Eduard Gabriel and Zanfir, Andrei and Freeman, William T and Sukthankar, Rahul and Sminchisescu, Cristian},
  booktitle={Proceedings of the IEEE/CVF Conference on Computer Vision and Pattern Recognition},
  pages={6184--6193},
  year={2020}
}

@inproceedings{yuan2021simpoe,
  title={Simpoe: Simulated character control for 3d human pose estimation},
  author={Yuan, Ye and Wei, Shih-En and Simon, Tomas and Kitani, Kris and Saragih, Jason},
  booktitle={Proceedings of the IEEE/CVF conference on computer vision and pattern recognition},
  pages={7159--7169},
  year={2021}
}

@article{zhang2021direct,
  title={Direct multi-view multi-person 3d pose estimation},
  author={Zhang, Jianfeng and Cai, Yujun and Yan, Shuicheng and Feng, Jiashi and others},
  journal={Advances in Neural Information Processing Systems},
  volume={34},
  pages={13153--13164},
  year={2021}
}

@inproceedings{zheng20213d,
  title={3d human pose estimation with spatial and temporal transformers},
  author={Zheng, Ce and Zhu, Sijie and Mendieta, Matias and Yang, Taojiannan and Chen, Chen and Ding, Zhengming},
  booktitle={Proceedings of the IEEE/CVF International Conference on Computer Vision},
  pages={11656--11665},
  year={2021}
}

