% Use this file for citations not found in the ACL Anthology (contained in "anthology.bib").

@inproceedings{good-data,
    title = "Is It Good Data for Multilingual Instruction Tuning or Just Bad Multilingual Evaluation for Large Language Models?",
    author = "Chen, Pinzhen  and
      Yu, Simon  and
      Guo, Zhicheng  and
      Haddow, Barry",
    editor = "Al-Onaizan, Yaser  and
      Bansal, Mohit  and
      Chen, Yun-Nung",
    booktitle = "Proceedings of the 2024 Conference on Empirical Methods in Natural Language Processing",
    month = nov,
    year = "2024",
    address = "Miami, Florida, USA",
    publisher = "Association for Computational Linguistics",
    url = "https://aclanthology.org/2024.emnlp-main.542",
    doi = "10.18653/v1/2024.emnlp-main.542",
    pages = "9706--9726"
}

@article{achiam2023gpt,
  title={Gpt-4 technical report},
  author={Achiam, Josh and Adler, Steven and Agarwal, Sandhini and Ahmad, Lama and Akkaya, Ilge and Aleman, Florencia Leoni and Almeida, Diogo and Altenschmidt, Janko and Altman, Sam and Anadkat, Shyamal and others},
  journal={arXiv preprint arXiv:2303.08774},
  year={2023}
}

@inproceedings{fewshot,
 author = {Brown, Tom and Mann, Benjamin and Ryder, Nick and Subbiah, Melanie and Kaplan, Jared D and Dhariwal, Prafulla and Neelakantan, Arvind and Shyam, Pranav and Sastry, Girish and Askell, Amanda and Agarwal, Sandhini and Herbert-Voss, Ariel and Krueger, Gretchen and Henighan, Tom and Child, Rewon and Ramesh, Aditya and Ziegler, Daniel and Wu, Jeffrey and Winter, Clemens and Hesse, Chris and Chen, Mark and Sigler, Eric and Litwin, Mateusz and Gray, Scott and Chess, Benjamin and Clark, Jack and Berner, Christopher and McCandlish, Sam and Radford, Alec and Sutskever, Ilya and Amodei, Dario},
 booktitle = {{Advances in Neural Information Processing Systems}},
 editor = {H. Larochelle and M. Ranzato and R. Hadsell and M.F. Balcan and H. Lin},
 pages = {1877--1901},
 publisher = {Curran Associates, Inc.},
 title = {Language Models are Few-Shot Learners},
 url = {https://proceedings.neurips.cc/paper_files/paper/2020/file/1457c0d6bfcb4967418bfb8ac142f64a-Paper.pdf},
 volume = {33},
 year = {2020}
}

@inproceedings{xglue,
    title = "{XGLUE}: A New Benchmark Dataset for Cross-lingual Pre-training, Understanding and Generation",
    author = "Liang, Yaobo  and
      Duan, Nan  and
      Gong, Yeyun  and
      Wu, Ning  and
      Guo, Fenfei  and
      Qi, Weizhen  and
      Gong, Ming  and
      Shou, Linjun  and
      Jiang, Daxin  and
      Cao, Guihong  and
      Fan, Xiaodong  and
      Zhang, Ruofei  and
      Agrawal, Rahul  and
      Cui, Edward  and
      Wei, Sining  and
      Bharti, Taroon  and
      Qiao, Ying  and
      Chen, Jiun-Hung  and
      Wu, Winnie  and
      Liu, Shuguang  and
      Yang, Fan  and
      Campos, Daniel  and
      Majumder, Rangan  and
      Zhou, Ming",
    editor = "Webber, Bonnie  and
      Cohn, Trevor  and
      He, Yulan  and
      Liu, Yang",
    booktitle = "Proceedings of the 2020 Conference on Empirical Methods in Natural Language Processing (EMNLP)",
    month = nov,
    year = "2020",
    address = "Online",
    publisher = "Association for Computational Linguistics",
    url = "https://aclanthology.org/2020.emnlp-main.484/",
    doi = "10.18653/v1/2020.emnlp-main.484",
    pages = "6008--6018"
}

@inproceedings{xnli,
    title = "{XNLI}: Evaluating Cross-lingual Sentence Representations",
    author = "Conneau, Alexis  and
      Rinott, Ruty  and
      Lample, Guillaume  and
      Williams, Adina  and
      Bowman, Samuel  and
      Schwenk, Holger  and
      Stoyanov, Veselin",
    editor = "Riloff, Ellen  and
      Chiang, David  and
      Hockenmaier, Julia  and
      Tsujii, Jun{'}ichi",
    booktitle = "Proceedings of the 2018 Conference on Empirical Methods in Natural Language Processing",
    month = oct # "-" # nov,
    year = "2018",
    address = "Brussels, Belgium",
    publisher = "Association for Computational Linguistics",
    url = "https://aclanthology.org/D18-1269/",
    doi = "10.18653/v1/D18-1269",
    pages = "2475--2485"
}
@article{hurst2024gpt,
  title={Gpt-4o system card},
  author={Hurst, Aaron and Lerer, Adam and Goucher, Adam P and Perelman, Adam and Ramesh, Aditya and Clark, Aidan and Ostrow, AJ and Welihinda, Akila and Hayes, Alan and Radford, Alec and others},
  journal={arXiv preprint arXiv:2410.21276},
  year={2024}
}

@article{bayes2024uhura,
  title={Uhura: A Benchmark for Evaluating Scientific Question Answering and Truthfulness in Low-Resource African Languages},
  author={Bayes, Edward and Azime, Israel Abebe and Alabi, Jesujoba O and Kgomo, Jonas and Eloundou, Tyna and Proehl, Elizabeth and Chen, Kai and Khadir, Imaan and Etori, Naome A and Muhammad, Shamsuddeen Hassan and others},
  journal={arXiv preprint arXiv:2412.00948},
  year={2024}
}

@article{suzgun2022challenging,
  title={Challenging big-bench tasks and whether chain-of-thought can solve them},
  author={Suzgun, Mirac and Scales, Nathan and Sch{\"a}rli, Nathanael and Gehrmann, Sebastian and Tay, Yi and Chung, Hyung Won and Chowdhery, Aakanksha and Le, Quoc V and Chi, Ed H and Zhou, Denny and others},
  journal={arXiv preprint arXiv:2210.09261},
  year={2022}
}

@article{lai2023okapi,
  title={Okapi: Instruction-tuned large language models in multiple languages with reinforcement learning from human feedback},
  author={Lai, Viet Dac and Van Nguyen, Chien and Ngo, Nghia Trung and Nguyen, Thuat and Dernoncourt, Franck and Rossi, Ryan A and Nguyen, Thien Huu},
  journal={arXiv preprint arXiv:2307.16039},
  year={2023}
}


@inproceedings{cot,
author = {Wei, Jason and Wang, Xuezhi and Schuurmans, Dale and Bosma, Maarten and Ichter, Brian and Xia, Fei and Chi, Ed H. and Le, Quoc V. and Zhou, Denny},
title = {Chain-of-thought prompting elicits reasoning in large language models},
year = {2024},
isbn = {9781713871088},
publisher = {Curran Associates Inc.},
address = {Red Hook, NY, USA},
booktitle = {Proceedings of the 36th International Conference on Neural Information Processing Systems},
articleno = {1800},
numpages = {14},
location = {New Orleans, LA, USA},
series = {NIPS '22}
}
@inproceedings{mmlu,
title={{Measuring Massive Multitask Language Understanding}},
author={Dan Hendrycks and Collin Burns and Steven Basart and Andy Zou and Mantas Mazeika and Dawn Song and Jacob Steinhardt},
booktitle={International Conference on Learning Representations},
year={2021},
url={https://openreview.net/forum?id=d7KBjmI3GmQ}
}

@misc{scaling2017,
      title={{Deep Learning Scaling is Predictable, Empirically}}, 
      author={Joel Hestness and Sharan Narang and Newsha Ardalani and Gregory Diamos and Heewoo Jun and Hassan Kianinejad and Md. Mostofa Ali Patwary and Yang Yang and Yanqi Zhou},
      year={2017},
      eprint={1712.00409},
      archivePrefix={arXiv},
      primaryClass={cs.LG},
      url={https://arxiv.org/abs/1712.00409}, 
}

@misc{scaling2020,
      title={{Scaling Laws for Neural Language Models}}, 
      author={Jared Kaplan and Sam McCandlish and Tom Henighan and Tom B. Brown and Benjamin Chess and Rewon Child and Scott Gray and Alec Radford and Jeffrey Wu and Dario Amodei},
      year={2020},
      eprint={2001.08361},
      archivePrefix={arXiv},
      primaryClass={cs.LG},
      url={https://arxiv.org/abs/2001.08361}, 
}

@software{fineweb-2,
  author = {Penedo, Guilherme and Kydlíček, Hynek and Sabolčec, Vinko and Messmer, Bettina and Foroutan, Negar and Jaggi, Martin and von Werra, Leandro and Wolf, Thomas},
  title = {FineWeb2: A sparkling update with 1000s of languages},
  month = dec,
  year = 2024,
  doi = { },
  url = {https://huggingface.co/datasets/HuggingFaceFW/fineweb-2}
}

@misc{mmlupro,
      title={{MMLU-Pro: A More Robust and Challenging Multi-Task Language Understanding Benchmark}}, 
      author={Yubo Wang and Xueguang Ma and Ge Zhang and Yuansheng Ni and Abhranil Chandra and Shiguang Guo and Weiming Ren and Aaran Arulraj and Xuan He and Ziyan Jiang and Tianle Li and Max Ku and Kai Wang and Alex Zhuang and Rongqi Fan and Xiang Yue and Wenhu Chen},
      year={2024},
      eprint={2406.01574},
      archivePrefix={arXiv},
      primaryClass={cs.CL},
      url={https://arxiv.org/abs/2406.01574}, 
}

@inproceedings{turkishmmlu,
    title = "{T}urkish{MMLU}: Measuring Massive Multitask Language Understanding in {T}urkish",
    author = {Y{\"u}ksel, Arda  and
      K{\"o}ksal, Abdullatif  and
      Senel, L{\"u}tfi Kerem  and
      Korhonen, Anna  and
      Schuetze, Hinrich},
    editor = "Al-Onaizan, Yaser  and
      Bansal, Mohit  and
      Chen, Yun-Nung",
    booktitle = "Findings of the Association for Computational Linguistics: EMNLP 2024",
    month = nov,
    year = "2024",
    address = "Miami, Florida, USA",
    publisher = "Association for Computational Linguistics",
    url = "https://aclanthology.org/2024.findings-emnlp.413/",
    doi = "10.18653/v1/2024.findings-emnlp.413",
    pages = "7035--7055"
}

@ARTICLE{huffman,
  author={Huffman, David A.},
  journal={Proceedings of the IRE}, 
  title={A Method for the Construction of Minimum-Redundancy Codes}, 
  year={1952},
  volume={40},
  number={9},
  pages={1098-1101},
  keywords={Transmitters},
  doi={10.1109/JRPROC.1952.273898}}

@ARTICLE{rle,
  author={Robinson, A.H. and Cherry, C.},
  journal={Proceedings of the IEEE}, 
  title={Results of a prototype television bandwidth compression scheme}, 
  year={1967},
  volume={55},
  number={3},
  pages={356-364},
  keywords={Prototypes;Bandwidth;Detectors;Transmitters;TV broadcasting;Shape measurement;Testing;Data mining;Buffer storage;Research and development},
  doi={10.1109/PROC.1967.5493}}

@inproceedings{SHRDLU,
  title={Procedures As A Representation For Data In A Computer Program For Understanding Natural Language},
  author={Terry Winograd},
  year={1971},
  url={https://api.semanticscholar.org/CorpusID:54114373}
}

@article{neurallanguagemodeling,
author = {Bengio, Yoshua and Ducharme, R\'{e}jean and Vincent, Pascal and Janvin, Christian},
title = {A neural probabilistic language model},
year = {2003},
issue_date = {3/1/2003},
publisher = {JMLR.org},
volume = {3},
number = {null},
issn = {1532-4435},
journal = {J. Mach. Learn. Res.},
month = mar,
pages = {1137–1155},
numpages = {19}
}

@ARTICLE{arithmetic,
  author={Pasco, R.},
  journal={IEEE Transactions on Information Theory}, 
  title={Source coding algorithms for fast data compression (Ph.D. Thesis abstr.)}, 
  year={1977},
  volume={23},
  number={4},
  pages={548-548},
  keywords={Codes;Radar tracking;Time-frequency analysis;Symbols;Convolutional codes;Source coding;Entropy},
  doi={10.1109/TIT.1977.1055739}}

@inproceedings{trace,
author = {Mao, Yu and Cui, Yufei and Kuo, Tei-Wei and Xue, Chun Jason},
title = {TRACE: A Fast Transformer-based General-Purpose Lossless Compressor},
year = {2022},
isbn = {9781450390965},
publisher = {Association for Computing Machinery},
address = {New York, NY, USA},
url = {https://doi.org/10.1145/3485447.3511987},
doi = {10.1145/3485447.3511987},
booktitle = {Proceedings of the ACM Web Conference 2022},
pages = {1829–1838},
numpages = {10},
keywords = {byte stream, computational efficient model, general-purpose compressor, lossless data compression, neural networks, transformer},
location = {Virtual Event, Lyon, France},
series = {WWW '22}
}

@misc{llmzip,
      title={LLMZip: Lossless Text Compression using Large Language Models}, 
      author={Chandra Shekhara Kaushik Valmeekam and Krishna Narayanan and Dileep Kalathil and Jean-Francois Chamberland and Srinivas Shakkottai},
      year={2023},
      eprint={2306.04050},
      archivePrefix={arXiv},
      primaryClass={cs.IT},
      url={https://arxiv.org/abs/2306.04050} 
}
@inproceedings{Bellard2019LosslessDC,
  title={Lossless Data Compression with Neural Networks},
  author={Fabrice Bellard},
  year={2019},
  url={https://api.semanticscholar.org/CorpusID:211241644}
}

@inproceedings{Bellard2021NNCPVL,
  title={NNCP v2: Lossless Data Compression with Transformer},
  author={Fabrice Bellard},
  year={2021},
  url={https://api.semanticscholar.org/CorpusID:231917764}
}

@inproceedings{Schmidhuber,
 author = {Schmidhuber, J\"{u}rgen and Heil, Stefan},
 booktitle = {Advances in Neural Information Processing Systems},
 editor = {G. Tesauro and D. Touretzky and T. Leen},
 pages = {},
 publisher = {MIT Press},
 title = {Predictive Coding with Neural Nets: Application to Text Compression},
 url = {https://proceedings.neurips.cc/paper_files/paper/1994/file/5705e1164a8394aace6018e27d20d237-Paper.pdf},
 volume = {7},
 year = {1994}
}

@INPROCEEDINGS{ANS,
  author={Duda, Jarek and Tahboub, Khalid and Gadgil, Neeraj J. and Delp, Edward J.},
  booktitle={2015 Picture Coding Symposium (PCS)}, 
  title={The use of asymmetric numeral systems as an accurate replacement for Huffman coding}, 
  year={2015},
  volume={},
  number={},
  pages={65-69},
  keywords={Decoding;Channel coding;Probability distribution;Entropy;Standards;Huffman coding;asymmetric numeral systems;entropy coding;data compression;Huffman coding;arithmetic coding},
  doi={10.1109/PCS.2015.7170048}}

@article{ngram,
  title={N-gram statistics for natural language understanding and text processing},
  author={Suen, Ching Y},
  journal={IEEE transactions on pattern analysis and machine intelligence},
  number={2},
  pages={164--172},
  year={1979},
  publisher={IEEE}
}
@article{eliza,
author = {Weizenbaum, Joseph},
title = {ELIZA—a computer program for the study of natural language communication between man and machine},
year = {1966},
issue_date = {Jan. 1966},
publisher = {Association for Computing Machinery},
address = {New York, NY, USA},
volume = {9},
number = {1},
issn = {0001-0782},
url = {https://doi.org/10.1145/365153.365168},
doi = {10.1145/365153.365168},
journal = {Commun. ACM},
month = jan,
pages = {36–45},
numpages = {10}
}

@misc{rasa,
      title={Rasa: Open Source Language Understanding and Dialogue Management}, 
      author={Tom Bocklisch and Joey Faulkner and Nick Pawlowski and Alan Nichol},
      year={2017},
      eprint={1712.05181},
      archivePrefix={arXiv},
      primaryClass={cs.CL},
      url={https://arxiv.org/abs/1712.05181}, 
}

@article{tfidf,
  title={A probabilistic justification for using tf$\times$ idf term weighting in information retrieval},
  author={Hiemstra, Djoerd},
  journal={International Journal on Digital Libraries},
  volume={3},
  pages={131--139},
  year={2000},
  publisher={Springer}
}

@INBOOK{rnn,
  author={Rumelhart, David E. and McClelland, James L.},
  booktitle={Parallel Distributed Processing: Explorations in the Microstructure of Cognition: Foundations}, 
  title={Learning Internal Representations by Error Propagation}, 
  year={1987},
  volume={},
  number={},
  pages={318-362},
  keywords={},
  doi={}}

@article{lstm,
author = {Hochreiter, Sepp and Schmidhuber, J\"{u}rgen},
title = {Long Short-Term Memory},
year = {1997},
issue_date = {November 15, 1997},
publisher = {MIT Press},
address = {Cambridge, MA, USA},
volume = {9},
number = {8},
issn = {0899-7667},
url = {https://doi.org/10.1162/neco.1997.9.8.1735},
doi = {10.1162/neco.1997.9.8.1735},
journal = {Neural Comput.},
month = nov,
pages = {1735–1780},
numpages = {46}
}

@article{attention,
  title={Neural machine translation by jointly learning to align and translate},
  author={Bahdanau, Dzmitry},
  journal={arXiv preprint arXiv:1409.0473},
  year={2014}
}
@article{transformers,
  title={Attention is all you need},
  author={Vaswani, A},
  journal={Advances in Neural Information Processing Systems},
  year={2017}
}

@inproceedings{bert,
    title = "{BERT}: Pre-training of Deep Bidirectional Transformers for Language Understanding",
    author = "Devlin, Jacob  and
      Chang, Ming-Wei  and
      Lee, Kenton  and
      Toutanova, Kristina",
    editor = "Burstein, Jill  and
      Doran, Christy  and
      Solorio, Thamar",
    booktitle = "Proceedings of the 2019 Conference of the North {A}merican Chapter of the Association for Computational Linguistics: Human Language Technologies, Volume 1 (Long and Short Papers)",
    month = jun,
    year = "2019",
    address = "Minneapolis, Minnesota",
    publisher = "Association for Computational Linguistics",
    url = "https://aclanthology.org/N19-1423",
    doi = "10.18653/v1/N19-1423",
    pages = "4171--4186",
}

@inproceedings{gpt2,
  title={Language Models are Unsupervised Multitask Learners},
  author={Alec Radford and Jeff Wu and Rewon Child and David Luan and Dario Amodei and Ilya Sutskever},
  year={2019},
  url={https://api.semanticscholar.org/CorpusID:160025533}
}

@article{llm_eval,
author = {Chang, Yupeng and Wang, Xu and Wang, Jindong and Wu, Yuan and Yang, Linyi and Zhu, Kaijie and Chen, Hao and Yi, Xiaoyuan and Wang, Cunxiang and Wang, Yidong and Ye, Wei and Zhang, Yue and Chang, Yi and Yu, Philip S. and Yang, Qiang and Xie, Xing},
title = {A Survey on Evaluation of Large Language Models},
year = {2024},
issue_date = {June 2024},
publisher = {Association for Computing Machinery},
address = {New York, NY, USA},
volume = {15},
number = {3},
issn = {2157-6904},
url = {https://doi.org/10.1145/3641289},
doi = {10.1145/3641289},
journal = {ACM Trans. Intell. Syst. Technol.},
month = mar,
articleno = {39},
numpages = {45},
keywords = {Large language models, evaluation, model assessment, benchmark}
}

@article{sentibench,
  title={Sentibench-a benchmark comparison of state-of-the-practice sentiment analysis methods},
  author={Ribeiro, Filipe N and Ara{\'u}jo, Matheus and Gon{\c{c}}alves, Pollyanna and Andr{\'e} Gon{\c{c}}alves, Marcos and Benevenuto, Fabr{\'\i}cio},
  journal={EPJ Data Science},
  volume={5},
  pages={1--29},
  year={2016},
  publisher={Springer}
}

@misc{multilingual,
      title={Multilingual Large Language Model: A Survey of Resources, Taxonomy and Frontiers}, 
      author={Libo Qin and Qiguang Chen and Yuhang Zhou and Zhi Chen and Yinghui Li and Lizi Liao and Min Li and Wanxiang Che and Philip S. Yu},
      year={2024},
      eprint={2404.04925},
      archivePrefix={arXiv},
      primaryClass={cs.CL},
      url={https://arxiv.org/abs/2404.04925}, 
}

@inproceedings{xlmroberta,
    title = "Unsupervised Cross-lingual Representation Learning at Scale",
    author = "Conneau, Alexis  and
      Khandelwal, Kartikay  and
      Goyal, Naman  and
      Chaudhary, Vishrav  and
      Wenzek, Guillaume  and
      Guzm{\'a}n, Francisco  and
      Grave, Edouard  and
      Ott, Myle  and
      Zettlemoyer, Luke  and
      Stoyanov, Veselin",
    editor = "Jurafsky, Dan  and
      Chai, Joyce  and
      Schluter, Natalie  and
      Tetreault, Joel",
    booktitle = "Proceedings of the 58th Annual Meeting of the Association for Computational Linguistics",
    month = jul,
    year = "2020",
    address = "Online",
    publisher = "Association for Computational Linguistics",
    url = "https://aclanthology.org/2020.acl-main.747",
    doi = "10.18653/v1/2020.acl-main.747",
    pages = "8440--8451",
}

@inproceedings{allma,
    title = "Open foundation models for {A}zerbaijani language",
    author = "Isbarov, Jafar  and
      Huseynova, Kavsar  and
      Mammadov, Elvin  and
      Hajili, Mammad  and
      Ataman, Duygu",
    editor = {Ataman, Duygu  and
      Derin, Mehmet Oguz  and
      Ivanova, Sardana  and
      K{\"o}ksal, Abdullatif  and
      S{\"a}lev{\"a}, Jonne  and
      Zeyrek, Deniz},
    booktitle = "Proceedings of the First Workshop on Natural Language Processing for Turkic Languages (SIGTURK 2024)",
    month = aug,
    year = "2024",
    address = "Bangkok, Thailand and Online",
    publisher = "Association for Computational Linguistics",
    url = "https://aclanthology.org/2024.sigturk-1.2",
    pages = "18--28"
}

@inproceedings{mt5,
    title = "m{T}5: A Massively Multilingual Pre-trained Text-to-Text Transformer",
    author = "Xue, Linting  and
      Constant, Noah  and
      Roberts, Adam  and
      Kale, Mihir  and
      Al-Rfou, Rami  and
      Siddhant, Aditya  and
      Barua, Aditya  and
      Raffel, Colin",
    editor = "Toutanova, Kristina  and
      Rumshisky, Anna  and
      Zettlemoyer, Luke  and
      Hakkani-Tur, Dilek  and
      Beltagy, Iz  and
      Bethard, Steven  and
      Cotterell, Ryan  and
      Chakraborty, Tanmoy  and
      Zhou, Yichao",
    booktitle = "Proceedings of the 2021 Conference of the North American Chapter of the Association for Computational Linguistics: Human Language Technologies",
    month = jun,
    year = "2021",
    address = "Online",
    publisher = "Association for Computational Linguistics",
    url = "https://aclanthology.org/2021.naacl-main.41",
    doi = "10.18653/v1/2021.naacl-main.41",
    pages = "483--498"
}

@inproceedings{nli,
    title = "A large annotated corpus for learning natural language inference",
    author = "Bowman, Samuel R.  and
      Angeli, Gabor  and
      Potts, Christopher  and
      Manning, Christopher D.",
    editor = "M{\`a}rquez, Llu{\'\i}s  and
      Callison-Burch, Chris  and
      Su, Jian",
    booktitle = "Proceedings of the 2015 Conference on Empirical Methods in Natural Language Processing",
    month = sep,
    year = "2015",
    address = "Lisbon, Portugal",
    publisher = "Association for Computational Linguistics",
    url = "https://aclanthology.org/D15-1075",
    doi = "10.18653/v1/D15-1075",
    pages = "632--642",
}

@inproceedings{reasoning,
    title = "Is {C}hat{GPT} a General-Purpose Natural Language Processing Task Solver?",
    author = "Qin, Chengwei  and
      Zhang, Aston  and
      Zhang, Zhuosheng  and
      Chen, Jiaao  and
      Yasunaga, Michihiro  and
      Yang, Diyi",
    editor = "Bouamor, Houda  and
      Pino, Juan  and
      Bali, Kalika",
    booktitle = "Proceedings of the 2023 Conference on Empirical Methods in Natural Language Processing",
    month = dec,
    year = "2023",
    address = "Singapore",
    publisher = "Association for Computational Linguistics",
    url = "https://aclanthology.org/2023.emnlp-main.85",
    doi = "10.18653/v1/2023.emnlp-main.85",
    pages = "1339--1384"
}

@InProceedings{medmcqa,
  title = 	 {MedMCQA: A Large-scale Multi-Subject Multi-Choice Dataset for Medical domain Question Answering},
  author =       {Pal, Ankit and Umapathi, Logesh Kumar and Sankarasubbu, Malaikannan},
  booktitle = 	 {Proceedings of the Conference on Health, Inference, and Learning},
  pages = 	 {248--260},
  year = 	 {2022},
  editor = 	 {Flores, Gerardo and Chen, George H and Pollard, Tom and Ho, Joyce C and Naumann, Tristan},
  volume = 	 {174},
  series = 	 {Proceedings of Machine Learning Research},
  month = 	 {07--08 Apr},
  publisher =    {PMLR},
  pdf = 	 {https://proceedings.mlr.press/v174/pal22a/pal22a.pdf},
  url = 	 {https://proceedings.mlr.press/v174/pal22a.html}
}

@article{
bigbench,
title={Beyond the Imitation Game: Quantifying and extrapolating the capabilities of language models},
author={Aarohi Srivastava et al.},
journal={Transactions on Machine Learning Research},
issn={2835-8856},
year={2023},
url={https://openreview.net/forum?id=uyTL5Bvosj},
note={}
}

@inproceedings{vbrat,
    title = "A Large-Scale Study of Machine Translation in {T}urkic Languages",
    author = "Mirzakhalov, Jamshidbek  and
      Babu, Anoop  and
      Ataman, Duygu  and
      Kariev, Sherzod  and
      Tyers, Francis  and
      Abduraufov, Otabek  and
      Hajili, Mammad  and
      Ivanova, Sardana  and
      Khaytbaev, Abror  and
      Laverghetta Jr., Antonio  and
      Moydinboyev, Bekhzodbek  and
      Onal, Esra  and
      Pulatova, Shaxnoza  and
      Wahab, Ahsan  and
      Firat, Orhan  and
      Chellappan, Sriram",
    editor = "Moens, Marie-Francine  and
      Huang, Xuanjing  and
      Specia, Lucia  and
      Yih, Scott Wen-tau",
    booktitle = "Proceedings of the 2021 Conference on Empirical Methods in Natural Language Processing",
    month = nov,
    year = "2021",
    address = "Online and Punta Cana, Dominican Republic",
    publisher = "Association for Computational Linguistics",
    url = "https://aclanthology.org/2021.emnlp-main.475",
    doi = "10.18653/v1/2021.emnlp-main.475",
    pages = "5876--5890",
}

@misc{turker2024vbartturkishllm,
      title={VBART: The Turkish LLM}, 
      author={Meliksah Turker and Mehmet Erdi Ari and Aydin Han},
      year={2024},
      eprint={2403.01308},
      archivePrefix={arXiv},
      primaryClass={cs.CL},
      url={https://arxiv.org/abs/2403.01308}, 
}

@misc{acikgoz2024bridgingbosphorusadvancingturkish,
      title={Bridging the Bosphorus: Advancing Turkish Large Language Models through Strategies for Low-Resource Language Adaptation and Benchmarking}, 
      author={Emre Can Acikgoz and Mete Erdogan and Deniz Yuret},
      year={2024},
      eprint={2405.04685},
      archivePrefix={arXiv},
      primaryClass={cs.CL},
      url={https://arxiv.org/abs/2405.04685}, 
}

@article{Ziyaden2024,
  author    = {A. Ziyaden and A. Yelenov and F. Hajiyev and S. Rustamov and A. Pak},
  title     = {Text data augmentation and pre-trained Language Model for enhancing text classification of low-resource languages},
  journal   = {PeerJ Computer Science},
  year      = {2024},
  volume    = {10},
  pages     = {e1974},
  doi       = {10.7717/peerj-cs.1974},
  url       = {https://doi.org/10.7717/peerj-cs.1974}
}

@inproceedings{kazakh,
    title = "Do {LLM}s Speak {K}azakh? A Pilot Evaluation of Seven Models",
    author = "Maxutov, Akylbek  and
      Myrzakhmet, Ayan  and
      Braslavski, Pavel",
    editor = {Ataman, Duygu  and
      Derin, Mehmet Oguz  and
      Ivanova, Sardana  and
      K{\"o}ksal, Abdullatif  and
      S{\"a}lev{\"a}, Jonne  and
      Zeyrek, Deniz},
    booktitle = "Proceedings of the First Workshop on Natural Language Processing for Turkic Languages (SIGTURK 2024)",
    month = aug,
    year = "2024",
    address = "Bangkok, Thailand and Online",
    publisher = "Association for Computational Linguistics",
    url = "https://aclanthology.org/2024.sigturk-1.8",
    pages = "81--91"
}

@inproceedings{bertbek,
    title = "{BERT}bek: A Pretrained Language Model for {U}zbek",
    author = "Kuriyozov, Elmurod  and
      Vilares, David  and
      G{\'o}mez-Rodr{\'\i}guez, Carlos",
    editor = "Melero, Maite  and
      Sakti, Sakriani  and
      Soria, Claudia",
    booktitle = "Proceedings of the 3rd Annual Meeting of the Special Interest Group on Under-resourced Languages @ LREC-COLING 2024",
    month = may,
    year = "2024",
    address = "Torino, Italia",
    publisher = "ELRA and ICCL",
    url = "https://aclanthology.org/2024.sigul-1.5",
    pages = "33--44"
}
@inproceedings{
include,
title={{INCLUDE}: Evaluating Multilingual Language Understanding with Regional Knowledge},
author={Angelika Romanou and Negar Foroutan and Anna Sotnikova and Sree Harsha Nelaturu and Shivalika Singh and Rishabh Maheshwary and Micol Altomare and Zeming Chen and Mohamed A. Haggag and Snegha A and Alfonso Amayuelas and Azril Hafizi Amirudin and Danylo Boiko and Michael Chang and Jenny Chim and Gal Cohen and Aditya Kumar Dalmia and Abraham Diress and Sharad Duwal and Daniil Dzenhaliou and Daniel Fernando Erazo Florez and Fabian Farestam and Joseph Marvin Imperial and Shayekh Bin Islam and Perttu Isotalo and Maral Jabbarishiviari and B{\"o}rje F. Karlsson and Eldar Khalilov and Christopher Klamm and Fajri Koto and Dominik Krzemi{\'n}ski and Gabriel Adriano de Melo and Syrielle Montariol and Yiyang Nan and Joel Niklaus and Jekaterina Novikova and Johan Samir Obando Ceron and Debjit Paul and Esther Ploeger and Jebish Purbey and Swati Rajwal and Selvan Sunitha Ravi and Sara Rydell and Roshan Santhosh and Drishti Sharma and Marjana Prifti Skenduli and Arshia Soltani Moakhar and Bardia soltani moakhar and Ayush Kumar Tarun and Azmine Toushik Wasi and Thenuka Ovin Weerasinghe and Serhan Yilmaz and Mike Zhang and Imanol Schlag and Marzieh Fadaee and Sara Hooker and Antoine Bosselut},
booktitle={The Thirteenth International Conference on Learning Representations},
year={2025},
url={https://openreview.net/forum?id=k3gCieTXeY}
}

@misc{globalmmlu,
      title={{Global MMLU}: Understanding and Addressing Cultural and Linguistic Biases in Multilingual Evaluation}, 
      author={Shivalika Singh and Angelika Romanou and Clémentine Fourrier and David I. Adelani and Jian Gang Ngui and Daniel Vila-Suero and Peerat Limkonchotiwat and Kelly Marchisio and Wei Qi Leong and Yosephine Susanto and Raymond Ng and Shayne Longpre and Wei-Yin Ko and Madeline Smith and Antoine Bosselut and Alice Oh and Andre F. T. Martins and Leshem Choshen and Daphne Ippolito and Enzo Ferrante and Marzieh Fadaee and Beyza Ermis and Sara Hooker},
      year={2024},
      eprint={2412.03304},
      archivePrefix={arXiv},
      primaryClass={cs.CL},
      url={https://arxiv.org/abs/2412.03304}, 
}

@article{summarization,
    title = "Benchmarking Large Language Models for News Summarization",
    author = "Zhang, Tianyi  and
      Ladhak, Faisal  and
      Durmus, Esin  and
      Liang, Percy  and
      McKeown, Kathleen  and
      Hashimoto, Tatsunori B.",
    journal = "Transactions of the Association for Computational Linguistics",
    volume = "12",
    year = "2024",
    address = "Cambridge, MA",
    publisher = "MIT Press",
    url = "https://aclanthology.org/2024.tacl-1.3",
    doi = "10.1162/tacl_a_00632",
    pages = "39--57"
}

@inproceedings{translation,
    title = "Multilingual Machine Translation with Large Language Models: Empirical Results and Analysis",
    author = "Zhu, Wenhao  and
      Liu, Hongyi  and
      Dong, Qingxiu  and
      Xu, Jingjing  and
      Huang, Shujian  and
      Kong, Lingpeng  and
      Chen, Jiajun  and
      Li, Lei",
    editor = "Duh, Kevin  and
      Gomez, Helena  and
      Bethard, Steven",
    booktitle = "Findings of the Association for Computational Linguistics: NAACL 2024",
    month = jun,
    year = "2024",
    address = "Mexico City, Mexico",
    publisher = "Association for Computational Linguistics",
    url = "https://aclanthology.org/2024.findings-naacl.176",
    doi = "10.18653/v1/2024.findings-naacl.176",
    pages = "2765--2781"
}

@inproceedings{multilinguality,
    title = "Evaluating the Elementary Multilingual Capabilities of Large Language Models with {M}ulti{Q}",
    author = {Holtermann, Carolin  and
      R{\"o}ttger, Paul  and
      Dill, Timm  and
      Lauscher, Anne},
    editor = "Ku, Lun-Wei  and
      Martins, Andre  and
      Srikumar, Vivek",
    booktitle = "Findings of the Association for Computational Linguistics: ACL 2024",
    month = aug,
    year = "2024",
    address = "Bangkok, Thailand",
    publisher = "Association for Computational Linguistics",
    url = "https://aclanthology.org/2024.findings-acl.265",
    doi = "10.18653/v1/2024.findings-acl.265",
    pages = "4476--4494"
}

@inproceedings{factuality,
    title = "Generating Benchmarks for Factuality Evaluation of Language Models",
    author = "Muhlgay, Dor  and
      Ram, Ori  and
      Magar, Inbal  and
      Levine, Yoav  and
      Ratner, Nir  and
      Belinkov, Yonatan  and
      Abend, Omri  and
      Leyton-Brown, Kevin  and
      Shashua, Amnon  and
      Shoham, Yoav",
    editor = "Graham, Yvette  and
      Purver, Matthew",
    booktitle = "Proceedings of the 18th Conference of the European Chapter of the Association for Computational Linguistics (Volume 1: Long Papers)",
    month = mar,
    year = "2024",
    address = "St. Julian{'}s, Malta",
    publisher = "Association for Computational Linguistics",
    url = "https://aclanthology.org/2024.eacl-long.4",
    pages = "49--66"
}

@inproceedings{translationese,
    title = "Machine Translationese: Effects of Algorithmic Bias on Linguistic Complexity in Machine Translation",
    author = "Vanmassenhove, Eva  and
      Shterionov, Dimitar  and
      Gwilliam, Matthew",
    editor = "Merlo, Paola  and
      Tiedemann, Jorg  and
      Tsarfaty, Reut",
    booktitle = "Proceedings of the 16th Conference of the European Chapter of the Association for Computational Linguistics: Main Volume",
    month = apr,
    year = "2021",
    address = "Online",
    publisher = "Association for Computational Linguistics",
    url = "https://aclanthology.org/2021.eacl-main.188",
    doi = "10.18653/v1/2021.eacl-main.188",
    pages = "2203--2213"
}

@misc{MURI,
      title={MURI: High-Quality Instruction Tuning Datasets for Low-Resource Languages via Reverse Instructions}, 
      author={Abdullatif Köksal and Marion Thaler and Ayyoob Imani and Ahmet Üstün and Anna Korhonen and Hinrich Schütze},
      year={2024},
      eprint={2409.12958},
      archivePrefix={arXiv},
      primaryClass={cs.CL},
      url={https://arxiv.org/abs/2409.12958}, 
}

@inproceedings{glue,
    title = "{GLUE}: A Multi-Task Benchmark and Analysis Platform for Natural Language Understanding",
    author = "Wang, Alex  and
      Singh, Amanpreet  and
      Michael, Julian  and
      Hill, Felix  and
      Levy, Omer  and
      Bowman, Samuel",
    editor = "Linzen, Tal  and
      Chrupa{\l}a, Grzegorz  and
      Alishahi, Afra",
    booktitle = "Proceedings of the 2018 {EMNLP} Workshop {B}lackbox{NLP}: Analyzing and Interpreting Neural Networks for {NLP}",
    month = nov,
    year = "2018",
    address = "Brussels, Belgium",
    publisher = "Association for Computational Linguistics",
    url = "https://aclanthology.org/W18-5446/",
    doi = "10.18653/v1/W18-5446",
    pages = "353--355"
}

@inbook{superglue,
author = {Wang, Alex and Pruksachatkun, Yada and Nangia, Nikita and Singh, Amanpreet and Michael, Julian and Hill, Felix and Levy, Omer and Bowman, Samuel R.},
title = {SuperGLUE: a stickier benchmark for general-purpose language understanding systems},
year = {2019},
publisher = {Curran Associates Inc.},
address = {Red Hook, NY, USA},
articleno = {294},
numpages = {15}
}

@inproceedings{dollmsspeakkazakh,
    title = "Do {LLM}s Speak {K}azakh? A Pilot Evaluation of Seven Models",
    author = "Maxutov, Akylbek  and
      Myrzakhmet, Ayan  and
      Braslavski, Pavel",
    editor = {Ataman, Duygu  and
      Derin, Mehmet Oguz  and
      Ivanova, Sardana  and
      K{\"o}ksal, Abdullatif  and
      S{\"a}lev{\"a}, Jonne  and
      Zeyrek, Deniz},
    booktitle = "Proceedings of the First Workshop on Natural Language Processing for Turkic Languages (SIGTURK 2024)",
    month = aug,
    year = "2024",
    address = "Bangkok, Thailand and Online",
    publisher = "Association for Computational Linguistics",
    url = "https://aclanthology.org/2024.sigturk-1.8/",
    pages = "81--91"
}

@inproceedings{interlingua,
    title = "A Large-Scale Study of Machine Translation in {T}urkic Languages",
    author = "Mirzakhalov, Jamshidbek  and
      Babu, Anoop  and
      Ataman, Duygu  and
      Kariev, Sherzod  and
      Tyers, Francis  and
      Abduraufov, Otabek  and
      Hajili, Mammad  and
      Ivanova, Sardana  and
      Khaytbaev, Abror  and
      Laverghetta Jr., Antonio  and
      Moydinboyev, Bekhzodbek  and
      Onal, Esra  and
      Pulatova, Shaxnoza  and
      Wahab, Ahsan  and
      Firat, Orhan  and
      Chellappan, Sriram",
    editor = "Moens, Marie-Francine  and
      Huang, Xuanjing  and
      Specia, Lucia  and
      Yih, Scott Wen-tau",
    booktitle = "Proceedings of the 2021 Conference on Empirical Methods in Natural Language Processing",
    month = nov,
    year = "2021",
    address = "Online and Punta Cana, Dominican Republic",
    publisher = "Association for Computational Linguistics",
    url = "https://aclanthology.org/2021.emnlp-main.475/",
    doi = "10.18653/v1/2021.emnlp-main.475",
    pages = "5876--5890"
}

@inproceedings{
gpqa,
title={{GPQA}: A Graduate-Level Google-Proof Q\&A Benchmark},
author={David Rein and Betty Li Hou and Asa Cooper Stickland and Jackson Petty and Richard Yuanzhe Pang and Julien Dirani and Julian Michael and Samuel R. Bowman},
booktitle={First Conference on Language Modeling},
year={2024},
url={https://openreview.net/forum?id=Ti67584b98}
}

@inproceedings{
musr,
title={Mu{SR}: Testing the Limits of Chain-of-thought with Multistep Soft Reasoning},
author={Zayne Rea Sprague and Xi Ye and Kaj Bostrom and Swarat Chaudhuri and Greg Durrett},
booktitle={The Twelfth International Conference on Learning Representations},
year={2024},
url={https://openreview.net/forum?id=jenyYQzue1}
}

@inproceedings{
math,
title={Measuring Mathematical Problem Solving With the {MATH} Dataset},
author={Dan Hendrycks and Collin Burns and Saurav Kadavath and Akul Arora and Steven Basart and Eric Tang and Dawn Song and Jacob Steinhardt},
booktitle={Thirty-fifth Conference on Neural Information Processing Systems Datasets and Benchmarks Track (Round 2)},
year={2021},
url={https://openreview.net/forum?id=7Bywt2mQsCe}
}

@misc{qwen25,
      title={{Qwen2.5 Technical Report}}, 
      author={An Yang and Baosong Yang and Beichen Zhang and Binyuan Hui and Bo Zheng and Bowen Yu and Chengyuan Li and Dayiheng Liu and Fei Huang and Haoran Wei and Huan Lin and Jian Yang and Jianhong Tu and Jianwei Zhang and Jianxin Yang and Jiaxi Yang and Jingren Zhou and Junyang Lin and Kai Dang and Keming Lu and Keqin Bao and Kexin Yang and Le Yu and Mei Li and Mingfeng Xue and Pei Zhang and Qin Zhu and Rui Men and Runji Lin and Tianhao Li and Tianyi Tang and Tingyu Xia and Xingzhang Ren and Xuancheng Ren and Yang Fan and Yang Su and Yichang Zhang and Yu Wan and Yuqiong Liu and Zeyu Cui and Zhenru Zhang and Zihan Qiu},
      year={2025},
      eprint={2412.15115},
      archivePrefix={arXiv},
      primaryClass={cs.CL},
      url={https://arxiv.org/abs/2412.15115}, 
}

@misc{gemma2,
      title={{Gemma 2: Improving Open Language Models at a Practical Size}}, 
      author="{Gemma Team}",
      year={2024},
      eprint={2408.00118},
      archivePrefix={arXiv},
      primaryClass={cs.CL},
      url={https://arxiv.org/abs/2408.00118}, 
}

@misc{llama3,
      title={{The Llama 3 Herd of Models}}, 
      author={Grattafiori, Aaron and others},
      year={2024},
      eprint={2407.21783},
      archivePrefix={arXiv},
      primaryClass={cs.AI},
      url={https://arxiv.org/abs/2407.21783}, 
}
@inproceedings{arabicmmlu,
    title = "{A}rabic{MMLU}: Assessing Massive Multitask Language Understanding in {A}rabic",
    author = "Koto, Fajri  and
      Li, Haonan  and
      Shatnawi, Sara  and
      Doughman, Jad  and
      Sadallah, Abdelrahman  and
      Alraeesi, Aisha  and
      Almubarak, Khalid  and
      Alyafeai, Zaid  and
      Sengupta, Neha  and
      Shehata, Shady  and
      Habash, Nizar  and
      Nakov, Preslav  and
      Baldwin, Timothy",
    editor = "Ku, Lun-Wei  and
      Martins, Andre  and
      Srikumar, Vivek",
    booktitle = "Findings of the Association for Computational Linguistics: ACL 2024",
    month = aug,
    year = "2024",
    address = "Bangkok, Thailand",
    publisher = "Association for Computational Linguistics",
    url = "https://aclanthology.org/2024.findings-acl.334/",
    doi = "10.18653/v1/2024.findings-acl.334",
    pages = "5622--5640"
}

@inproceedings{cmmlu,
    title = "{CMMLU}: Measuring massive multitask language understanding in {C}hinese",
    author = "Li, Haonan  and
      Zhang, Yixuan  and
      Koto, Fajri  and
      Yang, Yifei  and
      Zhao, Hai  and
      Gong, Yeyun  and
      Duan, Nan  and
      Baldwin, Timothy",
    editor = "Ku, Lun-Wei  and
      Martins, Andre  and
      Srikumar, Vivek",
    booktitle = "Findings of the Association for Computational Linguistics: ACL 2024",
    month = aug,
    year = "2024",
    address = "Bangkok, Thailand",
    publisher = "Association for Computational Linguistics",
    url = "https://aclanthology.org/2024.findings-acl.671/",
    doi = "10.18653/v1/2024.findings-acl.671",
    pages = "11260--11285"
}

@misc{deepseekr1,
      title={{DeepSeek-R1: Incentivizing Reasoning Capability in LLMs via Reinforcement Learning}}, 
      author={DeepSeek-AI},
      year={2025},
      eprint={2501.12948},
      archivePrefix={arXiv},
      primaryClass={cs.CL},
      url={https://arxiv.org/abs/2501.12948}, 
}

@misc{tr-mmlu,
      title={{Setting Standards in Turkish NLP: TR-MMLU for Large Language Model Evaluation}}, 
      author={M. Ali Bayram and Ali Arda Fincan and Ahmet Semih Gümüş and Banu Diri and Savaş Yıldırım and Öner Aytaş},
      year={2025},
      eprint={2501.00593},
      archivePrefix={arXiv},
      primaryClass={cs.CL},
      url={https://arxiv.org/abs/2501.00593}, 
}

@inproceedings{kardes,
    title = "Karde{\c{s}}-{NLU}: Transfer to Low-Resource Languages with the Help of a High-Resource Cousin {--} A Benchmark and Evaluation for {T}urkic Languages",
    author = {Senel, L{\"u}tfi Kerem  and
      Ebing, Benedikt  and
      Baghirova, Konul  and
      Schuetze, Hinrich  and
      Glava{\v{s}}, Goran},
    editor = "Graham, Yvette  and
      Purver, Matthew",
    booktitle = "Proceedings of the 18th Conference of the European Chapter of the Association for Computational Linguistics (Volume 1: Long Papers)",
    month = mar,
    year = "2024",
    address = "St. Julian{'}s, Malta",
    publisher = "Association for Computational Linguistics",
    url = "https://aclanthology.org/2024.eacl-long.100/",
    pages = "1672--1688"
}

@inproceedings{mrl2024,
    title = "Findings of the 2nd Shared Task on Multi-lingual Multi-task Information Retrieval at {MRL} 2024",
    author = "Tinner, Francesco  and
      Mantri, Raghav  and
      Hajili, Mammad  and
      Chukwuneke, Chiamaka  and
      Massey, Dylan  and
      Ajibade, Benjamin A.  and
      Kocak, Bilge Deniz  and
      Dawud, Abolade  and
      Atala, Jonathan  and
      Sirin, Hale  and
      Olaleye, Kayode  and
      Rzayev, Anar  and
      Isbarov, Jafar  and
      Dashdamirov, Dursun  and
      Adelani, David  and
      Ataman, Duygu",
    editor = {S{\"a}lev{\"a}, Jonne  and
      Owodunni, Abraham},
    booktitle = "Proceedings of the Fourth Workshop on Multilingual Representation Learning (MRL 2024)",
    month = nov,
    year = "2024",
    address = "Miami, Florida, USA",
    publisher = "Association for Computational Linguistics",
    url = "https://aclanthology.org/2024.mrl-1.30/",
    doi = "10.18653/v1/2024.mrl-1.30",
    pages = "365--376"
}

@inproceedings{seaeval,
    title = "{S}ea{E}val for Multilingual Foundation Models: From Cross-Lingual Alignment to Cultural Reasoning",
    author = "Wang, Bin  and
      Liu, Zhengyuan  and
      Huang, Xin  and
      Jiao, Fangkai  and
      Ding, Yang  and
      Aw, AiTi  and
      Chen, Nancy",
    editor = "Duh, Kevin  and
      Gomez, Helena  and
      Bethard, Steven",
    booktitle = "Proceedings of the 2024 Conference of the North American Chapter of the Association for Computational Linguistics: Human Language Technologies (Volume 1: Long Papers)",
    month = jun,
    year = "2024",
    address = "Mexico City, Mexico",
    publisher = "Association for Computational Linguistics",
    url = "https://aclanthology.org/2024.naacl-long.22/",
    doi = "10.18653/v1/2024.naacl-long.22",
    pages = "370--390"
}

@misc{gemini15,
      title={{Gemini 1.5: Unlocking multimodal understanding across millions of tokens of context}}, 
      author="{Gemini Team}",
      year={2024},
      eprint={2403.05530},
      archivePrefix={arXiv},
      primaryClass={cs.CL},
      url={https://arxiv.org/abs/2403.05530}, 
}

@misc{claude35,
    title={{Model Card Addendum: Claude 3.5 Haiku and Upgraded Claude 3.5 Sonnet}},
    author={Anthropic},
    year={2024},
    url={https://assets.anthropic.com/m/1cd9d098ac3e6467/original/Claude-3-Model-Card-October-Addendum.pdf}
}

@inproceedings{mukayese,
    title = "Mukayese: {T}urkish {NLP} Strikes Back",
    author = "Safaya, Ali  and
      Kurtulu{\c{s}}, Emirhan  and
      Goktogan, Arda  and
      Yuret, Deniz",
    editor = "Muresan, Smaranda  and
      Nakov, Preslav  and
      Villavicencio, Aline",
    booktitle = "Findings of the Association for Computational Linguistics: ACL 2022",
    month = may,
    year = "2022",
    address = "Dublin, Ireland",
    publisher = "Association for Computational Linguistics",
    url = "https://aclanthology.org/2022.findings-acl.69/",
    doi = "10.18653/v1/2022.findings-acl.69",
    pages = "846--863"
}

