@inproceedings{allma,
    title = "Open foundation models for {A}zerbaijani language",
    author = "Isbarov, Jafar  and
      Huseynova, Kavsar  and
      Mammadov, Elvin  and
      Hajili, Mammad  and
      Ataman, Duygu",
    editor = {Ataman, Duygu  and
      Derin, Mehmet Oguz  and
      Ivanova, Sardana  and
      K{\"o}ksal, Abdullatif  and
      S{\"a}lev{\"a}, Jonne  and
      Zeyrek, Deniz},
    booktitle = "Proceedings of the First Workshop on Natural Language Processing for Turkic Languages (SIGTURK 2024)",
    month = aug,
    year = "2024",
    address = "Bangkok, Thailand and Online",
    publisher = "Association for Computational Linguistics",
    url = "https://aclanthology.org/2024.sigturk-1.2",
    pages = "18--28"
}

@inproceedings{dollmsspeakkazakh,
    title = "Do {LLM}s Speak {K}azakh? A Pilot Evaluation of Seven Models",
    author = "Maxutov, Akylbek  and
      Myrzakhmet, Ayan  and
      Braslavski, Pavel",
    editor = {Ataman, Duygu  and
      Derin, Mehmet Oguz  and
      Ivanova, Sardana  and
      K{\"o}ksal, Abdullatif  and
      S{\"a}lev{\"a}, Jonne  and
      Zeyrek, Deniz},
    booktitle = "Proceedings of the First Workshop on Natural Language Processing for Turkic Languages (SIGTURK 2024)",
    month = aug,
    year = "2024",
    address = "Bangkok, Thailand and Online",
    publisher = "Association for Computational Linguistics",
    url = "https://aclanthology.org/2024.sigturk-1.8/",
    pages = "81--91"
}

@misc{globalmmlu,
      title={{Global MMLU}: Understanding and Addressing Cultural and Linguistic Biases in Multilingual Evaluation}, 
      author={Shivalika Singh and Angelika Romanou and Clémentine Fourrier and David I. Adelani and Jian Gang Ngui and Daniel Vila-Suero and Peerat Limkonchotiwat and Kelly Marchisio and Wei Qi Leong and Yosephine Susanto and Raymond Ng and Shayne Longpre and Wei-Yin Ko and Madeline Smith and Antoine Bosselut and Alice Oh and Andre F. T. Martins and Leshem Choshen and Daphne Ippolito and Enzo Ferrante and Marzieh Fadaee and Beyza Ermis and Sara Hooker},
      year={2024},
      eprint={2412.03304},
      archivePrefix={arXiv},
      primaryClass={cs.CL},
      url={https://arxiv.org/abs/2412.03304}, 
}

@inproceedings{glue,
    title = "{GLUE}: A Multi-Task Benchmark and Analysis Platform for Natural Language Understanding",
    author = "Wang, Alex  and
      Singh, Amanpreet  and
      Michael, Julian  and
      Hill, Felix  and
      Levy, Omer  and
      Bowman, Samuel",
    editor = "Linzen, Tal  and
      Chrupa{\l}a, Grzegorz  and
      Alishahi, Afra",
    booktitle = "Proceedings of the 2018 {EMNLP} Workshop {B}lackbox{NLP}: Analyzing and Interpreting Neural Networks for {NLP}",
    month = nov,
    year = "2018",
    address = "Brussels, Belgium",
    publisher = "Association for Computational Linguistics",
    url = "https://aclanthology.org/W18-5446/",
    doi = "10.18653/v1/W18-5446",
    pages = "353--355"
}

@inproceedings{kardes,
    title = "Karde{\c{s}}-{NLU}: Transfer to Low-Resource Languages with the Help of a High-Resource Cousin {--} A Benchmark and Evaluation for {T}urkic Languages",
    author = {Senel, L{\"u}tfi Kerem  and
      Ebing, Benedikt  and
      Baghirova, Konul  and
      Schuetze, Hinrich  and
      Glava{\v{s}}, Goran},
    editor = "Graham, Yvette  and
      Purver, Matthew",
    booktitle = "Proceedings of the 18th Conference of the European Chapter of the Association for Computational Linguistics (Volume 1: Long Papers)",
    month = mar,
    year = "2024",
    address = "St. Julian{'}s, Malta",
    publisher = "Association for Computational Linguistics",
    url = "https://aclanthology.org/2024.eacl-long.100/",
    pages = "1672--1688"
}

@inproceedings{mmlu,
title={{Measuring Massive Multitask Language Understanding}},
author={Dan Hendrycks and Collin Burns and Steven Basart and Andy Zou and Mantas Mazeika and Dawn Song and Jacob Steinhardt},
booktitle={International Conference on Learning Representations},
year={2021},
url={https://openreview.net/forum?id=d7KBjmI3GmQ}
}

@misc{mmlupro,
      title={{MMLU-Pro: A More Robust and Challenging Multi-Task Language Understanding Benchmark}}, 
      author={Yubo Wang and Xueguang Ma and Ge Zhang and Yuansheng Ni and Abhranil Chandra and Shiguang Guo and Weiming Ren and Aaran Arulraj and Xuan He and Ziyan Jiang and Tianle Li and Max Ku and Kai Wang and Alex Zhuang and Rongqi Fan and Xiang Yue and Wenhu Chen},
      year={2024},
      eprint={2406.01574},
      archivePrefix={arXiv},
      primaryClass={cs.CL},
      url={https://arxiv.org/abs/2406.01574}, 
}

@inproceedings{mrl2024,
    title = "Findings of the 2nd Shared Task on Multi-lingual Multi-task Information Retrieval at {MRL} 2024",
    author = "Tinner, Francesco  and
      Mantri, Raghav  and
      Hajili, Mammad  and
      Chukwuneke, Chiamaka  and
      Massey, Dylan  and
      Ajibade, Benjamin A.  and
      Kocak, Bilge Deniz  and
      Dawud, Abolade  and
      Atala, Jonathan  and
      Sirin, Hale  and
      Olaleye, Kayode  and
      Rzayev, Anar  and
      Isbarov, Jafar  and
      Dashdamirov, Dursun  and
      Adelani, David  and
      Ataman, Duygu",
    editor = {S{\"a}lev{\"a}, Jonne  and
      Owodunni, Abraham},
    booktitle = "Proceedings of the Fourth Workshop on Multilingual Representation Learning (MRL 2024)",
    month = nov,
    year = "2024",
    address = "Miami, Florida, USA",
    publisher = "Association for Computational Linguistics",
    url = "https://aclanthology.org/2024.mrl-1.30/",
    doi = "10.18653/v1/2024.mrl-1.30",
    pages = "365--376"
}

@inproceedings{mukayese,
    title = "Mukayese: {T}urkish {NLP} Strikes Back",
    author = "Safaya, Ali  and
      Kurtulu{\c{s}}, Emirhan  and
      Goktogan, Arda  and
      Yuret, Deniz",
    editor = "Muresan, Smaranda  and
      Nakov, Preslav  and
      Villavicencio, Aline",
    booktitle = "Findings of the Association for Computational Linguistics: ACL 2022",
    month = may,
    year = "2022",
    address = "Dublin, Ireland",
    publisher = "Association for Computational Linguistics",
    url = "https://aclanthology.org/2022.findings-acl.69/",
    doi = "10.18653/v1/2022.findings-acl.69",
    pages = "846--863"
}

@inproceedings{seaeval,
    title = "{S}ea{E}val for Multilingual Foundation Models: From Cross-Lingual Alignment to Cultural Reasoning",
    author = "Wang, Bin  and
      Liu, Zhengyuan  and
      Huang, Xin  and
      Jiao, Fangkai  and
      Ding, Yang  and
      Aw, AiTi  and
      Chen, Nancy",
    editor = "Duh, Kevin  and
      Gomez, Helena  and
      Bethard, Steven",
    booktitle = "Proceedings of the 2024 Conference of the North American Chapter of the Association for Computational Linguistics: Human Language Technologies (Volume 1: Long Papers)",
    month = jun,
    year = "2024",
    address = "Mexico City, Mexico",
    publisher = "Association for Computational Linguistics",
    url = "https://aclanthology.org/2024.naacl-long.22/",
    doi = "10.18653/v1/2024.naacl-long.22",
    pages = "370--390"
}

@inbook{superglue,
author = {Wang, Alex and Pruksachatkun, Yada and Nangia, Nikita and Singh, Amanpreet and Michael, Julian and Hill, Felix and Levy, Omer and Bowman, Samuel R.},
title = {SuperGLUE: a stickier benchmark for general-purpose language understanding systems},
year = {2019},
publisher = {Curran Associates Inc.},
address = {Red Hook, NY, USA},
articleno = {294},
numpages = {15}
}

@misc{tr-mmlu,
      title={{Setting Standards in Turkish NLP: TR-MMLU for Large Language Model Evaluation}}, 
      author={M. Ali Bayram and Ali Arda Fincan and Ahmet Semih Gümüş and Banu Diri and Savaş Yıldırım and Öner Aytaş},
      year={2025},
      eprint={2501.00593},
      archivePrefix={arXiv},
      primaryClass={cs.CL},
      url={https://arxiv.org/abs/2501.00593}, 
}

@inproceedings{translationese,
    title = "Machine Translationese: Effects of Algorithmic Bias on Linguistic Complexity in Machine Translation",
    author = "Vanmassenhove, Eva  and
      Shterionov, Dimitar  and
      Gwilliam, Matthew",
    editor = "Merlo, Paola  and
      Tiedemann, Jorg  and
      Tsarfaty, Reut",
    booktitle = "Proceedings of the 16th Conference of the European Chapter of the Association for Computational Linguistics: Main Volume",
    month = apr,
    year = "2021",
    address = "Online",
    publisher = "Association for Computational Linguistics",
    url = "https://aclanthology.org/2021.eacl-main.188",
    doi = "10.18653/v1/2021.eacl-main.188",
    pages = "2203--2213"
}

@inproceedings{xnli,
    title = "{XNLI}: Evaluating Cross-lingual Sentence Representations",
    author = "Conneau, Alexis  and
      Rinott, Ruty  and
      Lample, Guillaume  and
      Williams, Adina  and
      Bowman, Samuel  and
      Schwenk, Holger  and
      Stoyanov, Veselin",
    editor = "Riloff, Ellen  and
      Chiang, David  and
      Hockenmaier, Julia  and
      Tsujii, Jun{'}ichi",
    booktitle = "Proceedings of the 2018 Conference on Empirical Methods in Natural Language Processing",
    month = oct # "-" # nov,
    year = "2018",
    address = "Brussels, Belgium",
    publisher = "Association for Computational Linguistics",
    url = "https://aclanthology.org/D18-1269/",
    doi = "10.18653/v1/D18-1269",
    pages = "2475--2485"
}

