@string{cvpr = "Proceedings of the IEEE/CVF Conference on Computer Vision and Pattern Recognition (CVPR)"}

@string{cvprw = "Proceedings of the IEEE/CVF Conference on Computer Vision and Pattern Recognition (CVPR) Workshops"}

@string{iccv = "Proceedings of the IEEE/CVF International Conference on Computer Vision (ICCV)"}

@string{iccvw = "Proceedings of the IEEE/CVF International Conference on Computer Vision (ICCV) Workshops"}

@string{eccv = "Proceedings of the European Conference on Computer Vision (ECCV)"}

@string{eccvw = "Proceedings of the European Conference on Computer Vision (ECCV) Workshops"}

@string{wacv = "Proceedings of the IEEE/CVF Winter Conference on Applications of Computer Vision (WACV)"}

@string{wacvw = "Proceedings of the IEEE/CVF Winter Conference on Applications of Computer Vision (WACV) Workshops"}

@string{icml = "Proceedings of the International Conference on Machine Learning (ICML)"}

@string{neurips = "Advances in Neural Information Processing Systems (NeurIPS)"}

@string{iclr = "International Conference on Learning Representations (ICLR)"}

@string{aaai = "Proceedings of the AAAI Conference on Artificial Intelligence (AAAI)"}

@string{ijcai = "Proceedings of the International Joint Conference on Artificial Intelligence (IJCAI)"}

@string{acmmm = "Proceedings of the ACM International Conference on Multimedia (ACM MM)"}

@string{bmvc = "Proceedings of the British Machine Vision Conference (BMVC)"}

@string{isbi = "Proceedings of the IEEE International Symposium on Biomedical Imaging (ISBI)"}

@string{siggraph = "ACM SIGGRAPH Conference Proceedings"}

@string{interspeech = "Proceedings of the Conference of the International Speech Communication Association (INTERSPEECH)"}

@string{icip = "Proceedings of the IEEE International Conference on Image Processing (ICIP)"}

@string{iros = "Proceedings of the IEEE/RSJ International Conference on Intelligent Robots and Systems (IROS)"}

@string{icra = "Proceedings of the IEEE International Conference on Robotics and Automation (ICRA)"}

@ARTICLE{weyler2023phenobench,
author={Weyler, Jan and Magistri, Federico and Marks, Elias and Chong, Yue Linn and Sodano, Matteo and Roggiolani, Gianmarco and Chebrolu, Nived and Stachniss, Cyrill and Behley, Jens},
journal={ IEEE Transactions on Pattern Analysis \& Machine Intelligence },
title={{ PhenoBench: A Large Dataset and Benchmarks for Semantic Image Interpretation in the Agricultural Domain }},
year={2024},
volume={46},
number={12},
ISSN={1939-3539},
pages={9583-9594}}

@article{chebrolu2017ijrr,
  title={Agricultural robot dataset for plant classification, localization and mapping on sugar beet fields},
  author={Chebrolu, Nived and Lottes, Philipp and Schaefer, Alexander and Winterhalter, Wera and Burgard, Wolfram and Stachniss, Cyrill},
  journal={The International Journal of Robotics Research},
  volume={36},
  number={10},
  pages={1045--1052},
  year={2017},
  publisher={SAGE Publications Sage UK: London, England}
}

@article{YOU2020105750,
title = {A DNN-based semantic segmentation for detecting weed and crop},
journal = {Computers and Electronics in Agriculture},
volume = {178},
pages = {105750},
year = {2020},
issn = {0168-1699},
doi = {https://doi.org/10.1016/j.compag.2020.105750},
url = {https://www.sciencedirect.com/science/article/pii/S0168169920305792},
author = {Jie You and Wei Liu and Joonwhoan Lee},
}

@InProceedings{Celikkan_2023_ICCV,
    author    = {Celikkan, Ekin and Saberioon, Mohammadmehdi and Herold, Martin and Klein, Nadja},
    title     = {Semantic Segmentation of Crops and Weeds with Probabilistic Modeling and Uncertainty Quantification},
    booktitle = iccvw,
    year      = {2023},
}


@article{vanmarrewijk2024active,
  title={Active learning for efficient annotation in precision agriculture: a use-case on crop-weed semantic segmentation},
  author={van Marrewijk, Bart M and Dandjinou, Charbel and Rustia, Dan Jeric Arcega and Gonzalez, Nicolas Franco and Diallo, Boubacar and Dias, J{\'e}r{\^o}me and Melki, Paul and Blok, Pieter M},
  journal={arXiv preprint arXiv:2404.02580},
  year={2024}
}

@article{DENG2024102546,
title = {Weed database development: An updated survey of public weed datasets and cross-season weed detection adaptation},
journal = {Ecological Informatics},
volume = {81},
pages = {102546},
year = {2024},
issn = {1574-9541},
doi = {https://doi.org/10.1016/j.ecoinf.2024.102546},
url = {https://www.sciencedirect.com/science/article/pii/S1574954124000888},
author = {Boyang Deng and Yuzhen Lu and Jiajun Xu},
keywords = {Deep learning, Domain adaptation, Machine vision, Precision agriculture, Robustness, Weed detection}
}


@Article{rs10091423,
AUTHOR = {Sa, Inkyu and Popović, Marija and Khanna, Raghav and Chen, Zetao and Lottes, Philipp and Liebisch, Frank and Nieto, Juan and Stachniss, Cyrill and Walter, Achim and Siegwart, Roland},
TITLE = {WeedMap: A Large-Scale Semantic Weed Mapping Framework Using Aerial Multispectral Imaging and Deep Neural Network for Precision Farming},
JOURNAL = {Remote Sensing},
VOLUME = {10},
YEAR = {2018},
NUMBER = {9},
ARTICLE-NUMBER = {1423},
URL = {https://www.mdpi.com/2072-4292/10/9/1423},
ISSN = {2072-4292},
DOI = {10.3390/rs10091423}
}


@Article{s23052713,
AUTHOR = {Kitzler, Florian and Barta, Norbert and Neugschwandtner, Reinhard W. and Gronauer, Andreas and Motsch, Viktoria},
TITLE = {WE3DS: An RGB-D Image Dataset for Semantic Segmentation in Agriculture},
JOURNAL = {Sensors},
VOLUME = {23},
YEAR = {2023},
NUMBER = {5},
ARTICLE-NUMBER = {2713},
URL = {https://www.mdpi.com/1424-8220/23/5/2713},
PubMedID = {36904917},
ISSN = {1424-8220},
DOI = {10.3390/s23052713}
}

@InProceedings{Steininger_2023_WACV,
    author    = {Steininger, Daniel and Trondl, Andreas and Croonen, Gerardus and Simon, Julia and Widhalm, Verena},
    title     = {The CropAndWeed Dataset: A Multi-Modal Learning Approach for Efficient Crop and Weed Manipulation},
    booktitle = wacv,
    year      = {2023},
    pages     = {3729-3738}
}

@article{KRESTENITIS2022108575,
title = {CoFly-WeedDB: A UAV image dataset for weed detection and species identification},
journal = {Data in Brief},
volume = {45},
pages = {108575},
year = {2022},
issn = {2352-3409},
doi = {https://doi.org/10.1016/j.dib.2022.108575},
url = {https://www.sciencedirect.com/science/article/pii/S235234092200782X},
author = {Marios Krestenitis and Emmanuel K. Raptis and Athanasios Ch. Kapoutsis and Konstantinos Ioannidis and Elias B. Kosmatopoulos and Stefanos Vrochidis and Ioannis Kompatsiaris},
keywords = {Precision agriculture, UAV dataset, Weed detection, Deep convolutional neural networks, Semantic segmentation}
}


@article{Weyler2023TowardsDG,
  title={Towards Domain Generalization in Crop and Weed Segmentation for Precision Farming Robots},
  author={Jan Weyler and Thomas L{\"a}be and Federico Magistri and Jens Behley and C. Stachniss},
  journal={IEEE Robotics and Automation Letters},
  year={2023},
  volume={8},
  pages={3310-3317},
  url={https://api.semanticscholar.org/CorpusID:257833255}
}

@article{Patel_Jha_Verma_Porwal_Toppo_Raghuwanshi_2023, title={Performance of Pinoxaden Herbicide against Complex Weed Flora in Wheat (Triticum aestivum L.)}, volume={13}, url={https://journalijecc.com/index.php/IJECC/article/view/1885}, DOI={10.9734/ijecc/2023/v13i71885}, number={7}, journal={International Journal of Environment and Climate Change}, author={Patel , Raghav and Jha , A. K. and Verma , Badal and Porwal , Muskan and Toppo , Oscar and Raghuwanshi , Sourabh}, year={2023}, month={May}, pages={339–345}}


@article{sairam2023effect,
  title={Effect of pre and post-emergence herbicides on weed flora of maize},
  author={Sairam, Gaini and Jha, AK and Verma, Badal and Porwal, Muskan and Sahu, MP and Meshram, RK},
  journal={International Journal of Plant \& Soil Science},
  volume={35},
  number={11},
  pages={68--76},
  year={2023}
}


@Article{plants13020211,
AUTHOR = {Kousta, Angeliki and Katsis, Christos and Tsekoura, Anastasia and Chachalis, Dimosthenis},
TITLE = {Effectiveness and Selectivity of Pre- and Post-Emergence Herbicides for Weed Control in Grain Legumes},
JOURNAL = {Plants},
VOLUME = {13},
YEAR = {2024},
NUMBER = {2},
ARTICLE-NUMBER = {211},
URL = {https://www.mdpi.com/2223-7747/13/2/211},
PubMedID = {38256764},
ISSN = {2223-7747},
DOI = {10.3390/plants13020211}
}

@InProceedings{Wang_2023_ICCV,
    author    = {Wang, Yuemin and Ha, Thuan and Aldridge, Kathryn and Duddu, Hema and Shirtliffe, Steve and Stavness, Ian},
    title     = {Weed Mapping with Convolutional Neural Networks on High Resolution Whole-Field Images},
    booktitle = iccvw,
    year      = {2023},
    pages     = {505-514}
}

@INPROCEEDINGS{9982139,
  author={Salazar-Gomez, Adrian and Darbyshire, Madeleine and Gao, Junfeng and Sklar, Elizabeth I and Parsons, Simon},
  booktitle={2022 IEEE/RSJ International Conference on Intelligent Robots and Systems (IROS)}, 
  title={Beyond mAP: Towards practical object detection for weed spraying in precision agriculture}, 
  year={2022},
  volume={},
  number={},
  pages={9232-9238},
  keywords={Shape;Machine vision;Plants (biology);Spraying;Graphics processing units;Prototypes;Object detection;precision agriculture;automated weeding;computer vision;object detection},
  doi={10.1109/IROS47612.2022.9982139}}

@inproceedings{haug15,
  author={Haug, Sebastian and Ostermann, J{\"o}rn},
  title={A Crop/Weed Field Image Dataset for the Evaluation of Computer Vision Based Precision Agriculture Tasks},
  year={2015},
  booktitle={Computer Vision - ECCV 2014 Workshops},
  doi={10.1007/978-3-319-16220-1_8},
  url={http://dx.doi.org/10.1007/978-3-319-16220-1_8},
  pages={105--116},
}

@article{GENZE2022107388,
title = {Deep learning-based early weed segmentation using motion blurred UAV images of sorghum fields},
journal = {Computers and Electronics in Agriculture},
volume = {202},
pages = {107388},
year = {2022},
issn = {0168-1699},
doi = {https://doi.org/10.1016/j.compag.2022.107388},
url = {https://www.sciencedirect.com/science/article/pii/S0168169922006962},
author = {Nikita Genze and Raymond Ajekwe and Zeynep Güreli and Florian Haselbeck and Michael Grieb and Dominik G. Grimm},
keywords = {Deep learning, Weed detection, Weed segmentation, UAV, Precision agriculture}
}

@INPROCEEDINGS{7989347,
  author={Lottes, Philipp and Khanna, Raghav and Pfeifer, Johannes and Siegwart, Roland and Stachniss, Cyrill},
  booktitle=icra, 
  title={UAV-based crop and weed classification for smart farming}, 
  year={2017},
  volume={},
  number={},
  pages={3024-3031},
  keywords={Agriculture;Vegetation mapping;Feature extraction;Sugar industry;Soil;Pipelines;Indexes},
  doi={10.1109/ICRA.2017.7989347}}

@inproceedings{NIPS2017_9ef2ed4b,
 author = {Lakshminarayanan, Balaji and Pritzel, Alexander and Blundell, Charles},
 booktitle = neurips,
 pages = {},
 title = {Simple and Scalable Predictive Uncertainty Estimation using Deep Ensembles},
 volume = {30},
 year = {2017}
}


@inproceedings{pmlr-v48-gal16,
  title={Dropout as a bayesian approximation: Representing model uncertainty in deep learning},
  author={Gal, Yarin and Ghahramani, Zoubin},
  booktitle=icml,
  pages={1050--1059},
  year={2016},
  organization={PMLR}
}

@article{ormerod2010explaining,
 ISSN = {00031305},
 URL = {http://www.jstor.org/stable/20799885},
 author = {J. T. Ormerod and M. P. Wand},
 journal = {The American Statistician},
 number = {2},
 pages = {140--153},
 publisher = {[American Statistical Association, Taylor & Francis, Ltd.]},
 title = {Explaining Variational Approximations},
 urldate = {2024-07-15},
 volume = {64},
 year = {2010}
}


@InProceedings{pmlr-v162-postels22a,
  title = 	 {On the Practicality of Deterministic Epistemic Uncertainty},
  author =       {Postels, Janis and Seg{\`u}, Mattia and Sun, Tao and Sieber, Luca Daniel and Van Gool, Luc and Yu, Fisher and Tombari, Federico},
  booktitle = icml,
  pages = 	 {17870--17909},
  year = 	 {2022}
}

@article{Champ20aps,
author = {Champ, Julien and Mora-Fallas, Adan and Goëau, Hervé and Mata-Montero, Erick and Bonnet, Pierre and Joly, Alexis},
title = {Instance segmentation for the fine detection of crop and weed plants by precision agricultural robots},
journal = {Applications in Plant Sciences},
volume = {8},
number = {7},
pages = {e11373},
keywords = {autonomous robot, convolutional neural network, deep learning, digital agriculture, plant detection, weed electrification},
doi = {https://doi.org/10.1002/aps3.11373},
url = {https://bsapubs.onlinelibrary.wiley.com/doi/abs/10.1002/aps3.11373},
eprint = {https://bsapubs.onlinelibrary.wiley.com/doi/pdf/10.1002/aps3.11373},
year = {2020}
}

@techreport{FAO2023,
  title        = {Agricultural production statistics 2000--2022},
  author       = {FAO},
  year         = {2023},
  number       = {79},
  series       = {FAOSTAT Analytical Briefs},
  institution  = {Food and Agriculture Organization of the United Nations},
  address      = {Rome},
  url          = {https://openknowledge.fao.org/items/43fde039-dc0f-484a-97ef-e2e335c0bf1a}
}

@inproceedings{deeplabv3plus,
  title={Encoder-decoder with atrous separable convolution for semantic image segmentation},
  author={Chen, Liang-Chieh and Zhu, Yukun and Papandreou, George and Schroff, Florian and Adam, Hartwig},
  booktitle=eccv,
  pages={801--818},
  year={2018}
}


@article{Mukhoti18cvprw,
  title={Evaluating Bayesian Deep Learning Methods for Semantic Segmentation}, 
  author={Jishnu Mukhoti and Yarin Gal},
  journal={arXiv preprint arXiv:1811.12709},
  year={2019}
}

@misc{chen2017rethinkingatrousconvolutionsemantic,
      title={Rethinking Atrous Convolution for Semantic Image Segmentation}, 
      author={Liang-Chieh Chen and George Papandreou and Florian Schroff and Hartwig Adam},
      year={2017},
      eprint={1706.05587},
      archivePrefix={arXiv},
      primaryClass={cs.CV},
      url={https://arxiv.org/abs/1706.05587}, 
}

@article{Westwood_Charudattan_2018, 
    title={Weed Management in 2050: Perspectives on the Future of Weed Science}, volume={66}, DOI={10.1017/wsc.2017.78}, number={3}, journal={Weed Science}, author={Westwood, James H. and Charudattan, Raghavan and Duke, Stephen O. and Fennimore, Steven A. and Marrone, Pam and Slaughter, David C. and Swanton, Clarence and Zollinger, Richard}, year={2018}, pages={275–285}} <div></div>


@Article{agronomy10040466,
AUTHOR = {Scavo, Aurelio and Mauromicale, Giovanni},
TITLE = {Integrated Weed Management in Herbaceous Field Crops},
JOURNAL = {Agronomy},
VOLUME = {10},
YEAR = {2020},
NUMBER = {4},
ARTICLE-NUMBER = {466},
URL = {https://www.mdpi.com/2073-4395/10/4/466},
ISSN = {2073-4395},
DOI = {10.3390/agronomy10040466}
}


@Article{agronomy12010118,
AUTHOR = {Monteiro, António and Santos, Sérgio},
TITLE = {Sustainable Approach to Weed Management: The Role of Precision Weed Management},
JOURNAL = {Agronomy},
VOLUME = {12},
YEAR = {2022},
NUMBER = {1},
ARTICLE-NUMBER = {118},
URL = {https://www.mdpi.com/2073-4395/12/1/118},
ISSN = {2073-4395},
DOI = {10.3390/agronomy12010118}
}

@article{https://doi.org/10.1002/ps.4821,
author = {Peterson, Mark A and Collavo, Alberto and Ovejero, Ramiro and Shivrain, Vinod and Walsh, Michael J},
title = {The challenge of herbicide resistance around the world: a current summary},
journal = {Pest Management Science},
volume = {74},
number = {10},
pages = {2246-2259},
keywords = {Asia, Australia, Europe, Latin America, North America, South America},
doi = {https://doi.org/10.1002/ps.4821},
url = {https://scijournals.onlinelibrary.wiley.com/doi/abs/10.1002/ps.4821},
eprint = {https://scijournals.onlinelibrary.wiley.com/doi/pdf/10.1002/ps.4821},
year = {2018}
}


@INPROCEEDINGS{6835733,
  author={Haug, Sebastian and Michaels, Andreas and Biber, Peter and Ostermann, Jörn},
  booktitle=wacv, 
  title={Plant classification system for crop /weed discrimination without segmentation}, 
  year={2014},
  volume={},
  number={},
  pages={1142-1149},
  keywords={Agriculture;Smoothing methods;Biomass;Feature extraction;Robots;Pipelines;Accuracy},
  doi={10.1109/WACV.2014.6835733}}

@article{GUERRERO201211149,
title = {Support Vector Machines for crop/weeds identification in maize fields},
journal = {Expert Systems with Applications},
volume = {39},
number = {12},
pages = {11149-11155},
year = {2012},
issn = {0957-4174},
doi = {https://doi.org/10.1016/j.eswa.2012.03.040},
url = {https://www.sciencedirect.com/science/article/pii/S0957417412005635},
author = {J.M. Guerrero and G. Pajares and M. Montalvo and J. Romeo and M. Guijarro},
keywords = {Support Vector Machines, Image segmentation, Weeds/crop discrimination, Precision Agriculture}
}


@Article{agronomy13071846,
AUTHOR = {Zhang, Jiaheng and Gong, Jinliang and Zhang, Yanfei and Mostafa, Kazi and Yuan, Guangyao},
TITLE = {Weed Identification in Maize Fields Based on Improved Swin-Unet},
JOURNAL = {Agronomy},
VOLUME = {13},
YEAR = {2023},
NUMBER = {7},
ARTICLE-NUMBER = {1846},
URL = {https://www.mdpi.com/2073-4395/13/7/1846},
ISSN = {2073-4395},
DOI = {10.3390/agronomy13071846}
}

@article{PICON2022106719,
title = {Deep learning-based segmentation of multiple species of weeds and corn crop using synthetic and real image datasets},
journal = {Computers and Electronics in Agriculture},
volume = {194},
pages = {106719},
year = {2022},
issn = {0168-1699},
doi = {https://doi.org/10.1016/j.compag.2022.106719},
url = {https://www.sciencedirect.com/science/article/pii/S0168169922000369},
author = {Artzai Picon and Miguel G. San-Emeterio and Arantza Bereciartua-Perez and Christian Klukas and Till Eggers and Ramon Navarra-Mestre},
keywords = {convolutional neural network, deep learning, multi-weed classification, plant safety digitalization, weed semantic segmentation}
}

@INPROCEEDINGS{milioto2018real,
  author={Milioto, Andres and Lottes, Philipp and Stachniss, Cyrill},
  booktitle=icra, 
  title={Real-Time Semantic Segmentation of Crop and Weed for Precision Agriculture Robots Leveraging Background Knowledge in CNNs}, 
  year={2018},
  volume={},
  number={},
  pages={2229-2235},
  keywords={Agriculture;Vegetation mapping;Semantics;Real-time systems;Soil;Indexes;Task analysis},
  doi={10.1109/ICRA.2018.8460962}}

@inproceedings{Cordts16cvpr,
  title={The cityscapes dataset for semantic urban scene understanding},
  author={Cordts, Marius and Omran, Mohamed and Ramos, Sebastian and Rehfeld, Timo and Enzweiler, Markus and Benenson, Rodrigo and Franke, Uwe and Roth, Stefan and Schiele, Bernt},
  booktitle=cvpr,
  pages={3213--3223},
  year={2016}
}


@inproceedings{Lin14eccv,
  title={Microsoft coco: Common objects in context},
  author={Lin, Tsung-Yi and Maire, Michael and Belongie, Serge and Hays, James and Perona, Pietro and Ramanan, Deva and Doll{\'a}r, Piotr and Zitnick, C Lawrence},
  booktitle=eccv,
  pages={740--755},
  year={2014},
}


@article{cheng2021maskformer,
  title={Per-pixel classification is not all you need for semantic segmentation},
  author={Cheng, Bowen and Schwing, Alex and Kirillov, Alexander},
  journal=neurips,
  volume={34},
  pages={17864--17875},
  year={2021}
}


@InProceedings{cheng2021mask2former,
    author    = {Cheng, Bowen and Misra, Ishan and Schwing, Alexander G. and Kirillov, Alexander and Girdhar, Rohit},
    title     = {Masked-Attention Mask Transformer for Universal Image Segmentation},
    booktitle = cvpr,
    year      = {2022},
    pages     = {1290-1299}
}

@article{https://doi.org/10.1002/rob.21938,
author = {Wu, Xiaolong and Aravecchia, Stéphanie and Lottes, Philipp and Stachniss, Cyrill and Pradalier, Cédric},
title = {Robotic weed control using automated weed and crop classification},
journal = {Journal of Field Robotics},
volume = {37},
number = {2},
pages = {322-340},
keywords = {agriculture, computer vision, terrestrial robotics},
doi = {https://doi.org/10.1002/rob.21938},
url = {https://onlinelibrary.wiley.com/doi/abs/10.1002/rob.21938},
eprint = {https://onlinelibrary.wiley.com/doi/pdf/10.1002/rob.21938},
year = {2020}
}

@article{WOLFF2023110140,
title = {RGB vs. Multispectral imagery: Mapping aapa mire plant communities with UAVs},
journal = {Ecological Indicators},
volume = {148},
pages = {110140},
year = {2023},
issn = {1470-160X},
doi = {https://doi.org/10.1016/j.ecolind.2023.110140},
url = {https://www.sciencedirect.com/science/article/pii/S1470160X23002820},
author = {Franziska Wolff and Tiina {H. M. Kolari} and Miguel Villoslada and Teemu Tahvanainen and Pasi Korpelainen and Pedro {A. P. Zamboni} and Timo Kumpula},
keywords = {Image classification, Hierarchical clustering, K-means, Random Forest, Spectral reflectance}
}

@article{BECHAR201694,
title = {Agricultural robots for field operations: Concepts and components},
journal = {Biosystems Engineering},
volume = {149},
pages = {94-111},
year = {2016},
issn = {1537-5110},
doi = {https://doi.org/10.1016/j.biosystemseng.2016.06.014},
url = {https://www.sciencedirect.com/science/article/pii/S1537511015301914},
author = {Avital Bechar and Clément Vigneault},
keywords = {Agricultural robots, Robotics, Field operations, Autonomous}
}

@article{DEVITA201769,
title = {Reduced inter-row distance improves yield and competition against weeds in a semi-dwarf durum wheat variety},
journal = {European Journal of Agronomy},
volume = {85},
pages = {69-77},
year = {2017},
issn = {1161-0301},
doi = {https://doi.org/10.1016/j.eja.2017.02.003},
url = {https://www.sciencedirect.com/science/article/pii/S1161030117300254},
author = {Pasquale {De Vita} and Salvatore Antonio Colecchia and Ivano Pecorella and Sergio Saia}
}

@article{BOSTROM2012144,
title = {Seed distance in relation to row distance: Effect on grain yield and weed biomass in organically grown winter wheat, spring wheat and spring oats},
journal = {Field Crops Research},
volume = {134},
pages = {144-152},
year = {2012},
issn = {0378-4290},
doi = {https://doi.org/10.1016/j.fcr.2012.06.001},
url = {https://www.sciencedirect.com/science/article/pii/S0378429012001864},
author = {Ullalena Boström and Lars Eric Anderson and Ann-Charlotte Wallenhammar}
}

@ARTICLE{9705188,
  author={Liu, Xu and Chen, Steven W. and Nardari, Guilherme V. and Qu, Chao and Cladera, Fernando and Taylor, Camillo J. and Kumar, Vijay},
  journal={IEEE Micro}, 
  title={Challenges and Opportunities for Autonomous Micro-UAVs in Precision Agriculture}, 
  year={2022},
  volume={42},
  number={1},
  pages={61-68},
  keywords={Surveys;Software algorithms;Autonomous aerial vehicles;Software;Hardware;Robot localization;Sensors;Reliability;Task analysis;Payloads},
  doi={10.1109/MM.2021.3134744}}

@INPROCEEDINGS{8239328,
  author={Honrado, J. L. E. and Solpico, D. B. and Favila, C. M. and Tongson, E. and Tangonan, G. L. and Libatique, N. J. C.},
  booktitle={2017 IEEE Global Humanitarian Technology Conference (GHTC)}, 
  title={UAV imaging with low-cost multispectral imaging system for precision agriculture applications}, 
  year={2017},
  volume={},
  number={},
  pages={1-7},
  keywords={Agriculture;Cameras;Productivity;Unmanned aerial vehicles;Biological system modeling;Band-pass filters;low-cost;multispectral;NDVI;NIR;dual camera;precision agriculture;food security;Unmanned Aerial Vehicle (UAV)},
  doi={10.1109/GHTC.2017.8239328}}

@INPROCEEDINGS{Ahmadi22iros,
  author={Ahmadi, Alireza and Halstead, Michael and McCool, Chris},
  booktitle=iros, 
  title={BonnBot-I: A Precise Weed Management and Crop Monitoring Platform}, 
  year={2022},
  volume={},
  number={},
  pages={9202-9209},
  keywords={Location awareness;Actuators;Crops;Wheels;Spraying;Planning;Sensors;Robotics and Automation in Agriculture and Forestry;Agricultural Automation;Field Robotics},
  doi={10.1109/IROS47612.2022.9981304}}

@InProceedings{Zhao_2017_CVPR,
author = {Zhao, Hengshuang and Shi, Jianping and Qi, Xiaojuan and Wang, Xiaogang and Jia, Jiaya},
title = {Pyramid Scene Parsing Network},
booktitle = cvpr,
pages={2881--2890},
year = {2017}
}

@inproceedings{he2017mask,
  title={Mask r-cnn},
  author={He, Kaiming and Gkioxari, Georgia and Doll{\'a}r, Piotr and Girshick, Ross},
  booktitle=iccv,
  pages={2961--2969},
  year={2017}
}

@article{yue2020prediction,
  title={Prediction of maize growth stages based on deep learning},
  author={Yue, Yang and Li, Jin-Hai and Fan, Li-Feng and Zhang, Li-Li and Zhao, Peng-Fei and Zhou, Qiao and Wang, Nan and Wang, Zhong-Yi and Huang, Lan and Dong, Xue-Hui},
  journal={Computers and electronics in agriculture},
  volume={172},
  pages={105351},
  year={2020},
  publisher={Elsevier}
}

@misc{djiMultispectralSpecifications,
    author = {DJI},
	title = {{P}4 {M}ultispectral {S}pecs},
	howpublished = {\url{https://www.dji.com/uk/p4-multispectral/specs}},
	year = {},
	note = {[Accessed 15-07-2024]},
}

@misc{djigspro,
    author = {DJI},
	title = {{D}{J}{I} {G}{S} {P}ro},
	howpublished = {\url{https://www.dji.com/uk/ground-station-pro}},
	year = {},
	note = {[Accessed 15-07-2024]},
}

@misc{agisoftAgisoftMetashape,
    author = {Agisoft},
	title = {{A}gisoft {M}etashape: {A}gisoft {M}etashape --- agisoft.com},
	howpublished = {\url{https://www.agisoft.com/}},
	year = {},
	note = {[Accessed 15-07-2024]},
}

@misc{encordCompleteData,
    author = {Encord},
	title = {{T}he {C}omplete {D}ata {D}evelopment {P}latform for {A}{I} | {E}ncord},
	howpublished = {\url{https://encord.com/}},
	year = {},
	note = {[Accessed 15-07-2024]},
}


@inproceedings{kirillov2023segany,
  title={Segment anything},
  author={Kirillov, Alexander and Mintun, Eric and Ravi, Nikhila and Mao, Hanzi and Rolland, Chloe and Gustafson, Laura and Xiao, Tete and Whitehead, Spencer and Berg, Alexander C and Lo, Wan-Yen and others},
  booktitle=iccv,
  pages={4015--4026},
  year={2023}
}

@ARTICLE{10175653,
  author={Chong, Yue Linn and Weyler, Jan and Lottes, Philipp and Behley, Jens and Stachniss, Cyrill},
  journal={IEEE Robotics and Automation Letters (RA-L)}, 
  title={Unsupervised Generation of Labeled Training Images for Crop-Weed Segmentation in New Fields and on Different Robotic Platforms}, 
  year={2023},
  volume={8},
  number={8},
  pages={5259-5266},
  doi={10.1109/LRA.2023.3293356}}

@article{DOSSANTOSFERREIRA2019104963,
title = {Unsupervised deep learning and semi-automatic data labeling in weed discrimination},
journal = {Computers and Electronics in Agriculture},
volume = {165},
pages = {104963},
year = {2019},
issn = {0168-1699},
doi = {https://doi.org/10.1016/j.compag.2019.104963},
url = {https://www.sciencedirect.com/science/article/pii/S0168169919313237},
author = {Alessandro {dos Santos Ferreira} and Daniel Matte Freitas and Gercina Gonçalves {da Silva} and Hemerson Pistori and Marcelo Theophilo Folhes}
}

@article{HashemiBeni2022,
  title = {Deep Convolutional Neural Networks for Weeds and Crops Discrimination From UAS Imagery},
  volume = {3},
  ISSN = {2673-6187},
  url = {http://dx.doi.org/10.3389/frsen.2022.755939},
  DOI = {10.3389/frsen.2022.755939},
  journal = {Frontiers in Remote Sensing},
  publisher = {Frontiers Media SA},
  author = {Hashemi-Beni,  Leila and Gebrehiwot,  Asmamaw and Karimoddini,  Ali and Shahbazi,  Abolghasem and Dorbu,  Freda},
  year = {2022},
  month = feb 
}

@article{Huang2021,
  title = {Depth Semantic Segmentation of Tobacco Planting Areas from Unmanned Aerial Vehicle Remote Sensing Images in Plateau Mountains},
  volume = {2021},
  ISSN = {2314-4920},
  url = {http://dx.doi.org/10.1155/2021/6687799},
  DOI = {10.1155/2021/6687799},
  journal = {Journal of Spectroscopy},
  publisher = {Hindawi Limited},
  author = {Huang,  Liang and Wu,  Xuequn and Peng,  Qiuzhi and Yu,  Xueqin},
  editor = {Camara,  Jose S.},
  year = {2021},
  month = mar,
  pages = {1–14}
}


@inproceedings{pmlr-v70-guo17a,
  title={On calibration of modern neural networks},
  author={Guo, Chuan and Pleiss, Geoff and Sun, Yu and Weinberger, Kilian Q},
  booktitle=icml,
  pages={1321--1330},
  year={2017},
  organization={PMLR}
}

@InProceedings{Goan_2023_CVPR,
    author    = {Goan, Ethan and Fookes, Clinton},
    title     = {Uncertainty in Real-Time Semantic Segmentation on Embedded Systems},
    booktitle = cvprw,
    month     = {June},
    year      = {2023},
    pages     = {4491-4501}
}

@InProceedings{Mukhoti_2023_CVPR,
    author    = {Mukhoti, Jishnu and Kirsch, Andreas and van Amersfoort, Joost and Torr, Philip H.S. and Gal, Yarin},
    title     = {Deep Deterministic Uncertainty: A New Simple Baseline},
    booktitle = cvpr,
    month     = {June},
    year      = {2023},
    pages     = {24384-24394}
}

@INPROCEEDINGS{9091409,
  author={Chen, Wencheng and Li, Hongyu and Zeng, Yi and Ren, Zichang and Zheng, Xingxin},
  booktitle={2019 IEEE International Conference on Smart Cloud (SmartCloud)}, 
  title={Model Uncertainty for Annotation Error Correction in Deep Learning Based Intrusion Detection System}, 
  year={2019},
  volume={},
  number={},
  pages={137-142}}


@ARTICLE{9081915,
  author={Wang, Aichen and Xu, Yifei and Wei, Xinhua and Cui, Bingbo},
  journal={IEEE Access}, 
  title={Semantic Segmentation of Crop and Weed using an Encoder-Decoder Network and Image Enhancement Method under Uncontrolled Outdoor Illumination}, 
  year={2020},
  volume={8},
  number={},
  pages={81724-81734},
  keywords={Image segmentation;Agriculture;Image color analysis;Lighting;Semantics;Object segmentation;Sugar industry;Weed detection;semantic segmentation;deep learning;precision agriculture;image processing},
  doi={10.1109/ACCESS.2020.2991354}}


@Article{app10207132,
AUTHOR = {Deng, Jizhong and Zhong, Zhaoji and Huang, Huasheng and Lan, Yubin and Han, Yuxing and Zhang, Yali},
TITLE = {Lightweight Semantic Segmentation Network for Real-Time Weed Mapping Using Unmanned Aerial Vehicles},
JOURNAL = {Applied Sciences},
VOLUME = {10},
YEAR = {2020},
NUMBER = {20},
ARTICLE-NUMBER = {7132},
URL = {https://www.mdpi.com/2076-3417/10/20/7132},
ISSN = {2076-3417},
DOI = {10.3390/app10207132}
}

@article{Sa2018,
  title = {weedNet: Dense Semantic Weed Classification Using Multispectral Images and MAV for Smart Farming},
  volume = {3},
  ISSN = {2377-3774},
  url = {http://dx.doi.org/10.1109/LRA.2017.2774979},
  DOI = {10.1109/lra.2017.2774979},
  number = {1},
  journal = {IEEE Robotics and Automation Letters},
  publisher = {Institute of Electrical and Electronics Engineers (IEEE)},
  author = {Sa,  Inkyu and Chen,  Zetao and Popovic,  Marija and Khanna,  Raghav and Liebisch,  Frank and Nieto,  Juan and Siegwart,  Roland},
  year = {2018},
  month = jan,
  pages = {588–595}
}

@article{Genze2023,
  title = {Improved weed segmentation in UAV imagery of sorghum fields with a combined deblurring segmentation model},
  volume = {19},
  ISSN = {1746-4811},
  url = {http://dx.doi.org/10.1186/s13007-023-01060-8},
  DOI = {10.1186/s13007-023-01060-8},
  number = {1},
  journal = {Plant Methods},
  publisher = {Springer Science and Business Media LLC},
  author = {Genze,  Nikita and Wirth,  Maximilian and Schreiner,  Christian and Ajekwe,  Raymond and Grieb,  Michael and Grimm,  Dominik G.},
  year = {2023},
  month = aug 
}

@INPROCEEDINGS{7780459,
  author={He, Kaiming and Zhang, Xiangyu and Ren, Shaoqing and Sun, Jian},
  booktitle=cvpr, 
  title={Deep Residual Learning for Image Recognition}, 
  year={2016},
  volume={},
  number={},
  pages={770-778},
  keywords={Training;Degradation;Complexity theory;Image recognition;Neural networks;Visualization;Image segmentation},
  doi={10.1109/CVPR.2016.90}}

@InProceedings{KingBa15,
  author    = {Kingma, Diederik and Ba, Jimmy},
  booktitle = iclr,
  title     = {Adam: A Method for Stochastic Optimization},
  year      = {2015}
}

@misc{freshdeskPhantomMultispectral,
	title = {{D}{J}{I} {P}hantom 4 {M}ultispectral data processing},
	howpublished = {\url{https://agisoft.freshdesk.com/support/solutions/articles/31000159853-dji-phantom-4-multispectral-data-processing}},
	note = {[Accessed 17-07-2024]},
}

@misc{geobasisbbSAPOSGPPS,
	author = {},
	title = {{S}{A}{P}{O}{S} {G}{P}{P}{S}},
	howpublished = {\url{https://geobasis-bb.de/lgb/de/geodaten/raumbezug-sapos/sapos-gpps/#}},
	year = {},
	note = {[Accessed 17-07-2024]}
}

@article{GAO2024122980,
title = {Cross-domain transfer learning for weed segmentation and mapping in precision farming using ground and UAV images},
journal = {Expert Systems with Applications},
volume = {246},
pages = {122980},
year = {2024},
issn = {0957-4174},
doi = {https://doi.org/10.1016/j.eswa.2023.122980},
url = {https://www.sciencedirect.com/science/article/pii/S0957417423034826},
author = {Junfeng Gao and Wenzhi Liao and David Nuyttens and Peter Lootens and Wenxin Xue and Erik Alexandersson and Jan Pieters}
}

@manual{dji2020p4multispectral,
  title        = {P4 Multispectral Image Processing Guide},
  author       = {{DJI}},
  year         = {2020},
  note         = {Version: 20200717},
  url          = {https://dl.djicdn.com/downloads/p4-multispectral/20200717/P4_Multispectral_Image_Processing_Guide_EN.pdf},
  urldate      = {2024-09-08}
}

@INPROCEEDINGS{9506719,
  author={Besnier, Victor and Picard, David and Briot, Alexandre},
  booktitle=icip, 
  title={Learning Uncertainty for Safety-Oriented Semantic Segmentation in Autonomous Driving}, 
  year={2021},
  volume={},
  number={},
  pages={3353-3357},
  keywords={Training;Uncertainty;Measurement uncertainty;Semantics;Estimation;Training data;Observers;Uncertainty;Segmentation;Autonomous Driving},
  doi={10.1109/ICIP42928.2021.9506719}}

@InProceedings{Sagar_2022_WACV,
    author    = {Sagar, Abhinav},
    title     = {Uncertainty Quantification Using Variational Inference for Biomedical Image Segmentation},
    booktitle = wacvw,
    year      = {2022},
    pages     = {44-51}
}

@article{HERNANDEZ2020106597,
title = {Uncertainty quantification for plant disease detection using Bayesian deep learning},
journal = {Applied Soft Computing},
volume = {96},
pages = {106597},
year = {2020},
issn = {1568-4946},
doi = {https://doi.org/10.1016/j.asoc.2020.106597},
url = {https://www.sciencedirect.com/science/article/pii/S1568494620305354},
author = {S. Hernández and Juan L. López}
}

@article{Fang_2020,
   title={Evaluating the Potential and Challenges of an Uncertainty Quantification Method for Long Short‐Term Memory Models for Soil Moisture Predictions},
   volume={56},
   ISSN={1944-7973},
   url={http://dx.doi.org/10.1029/2020WR028095},
   DOI={10.1029/2020wr028095},
   number={12},
   journal={Water Resources Research},
   publisher={American Geophysical Union (AGU)},
   author={Fang, Kuai and Kifer, Daniel and Lawson, Kathryn and Shen, Chaopeng},
   year={2020},
   month=dec }