@INPROCEEDINGS{6835733,
  author={Haug, Sebastian and Michaels, Andreas and Biber, Peter and Ostermann, Jörn},
  booktitle=wacv, 
  title={Plant classification system for crop /weed discrimination without segmentation}, 
  year={2014},
  volume={},
  number={},
  pages={1142-1149},
  keywords={Agriculture;Smoothing methods;Biomass;Feature extraction;Robots;Pipelines;Accuracy},
  doi={10.1109/WACV.2014.6835733}}

@INPROCEEDINGS{7989347,
  author={Lottes, Philipp and Khanna, Raghav and Pfeifer, Johannes and Siegwart, Roland and Stachniss, Cyrill},
  booktitle=icra, 
  title={UAV-based crop and weed classification for smart farming}, 
  year={2017},
  volume={},
  number={},
  pages={3024-3031},
  keywords={Agriculture;Vegetation mapping;Feature extraction;Sugar industry;Soil;Pipelines;Indexes},
  doi={10.1109/ICRA.2017.7989347}}

@INPROCEEDINGS{8239328,
  author={Honrado, J. L. E. and Solpico, D. B. and Favila, C. M. and Tongson, E. and Tangonan, G. L. and Libatique, N. J. C.},
  booktitle={2017 IEEE Global Humanitarian Technology Conference (GHTC)}, 
  title={UAV imaging with low-cost multispectral imaging system for precision agriculture applications}, 
  year={2017},
  volume={},
  number={},
  pages={1-7},
  keywords={Agriculture;Cameras;Productivity;Unmanned aerial vehicles;Biological system modeling;Band-pass filters;low-cost;multispectral;NDVI;NIR;dual camera;precision agriculture;food security;Unmanned Aerial Vehicle (UAV)},
  doi={10.1109/GHTC.2017.8239328}}

@ARTICLE{9081915,
  author={Wang, Aichen and Xu, Yifei and Wei, Xinhua and Cui, Bingbo},
  journal={IEEE Access}, 
  title={Semantic Segmentation of Crop and Weed using an Encoder-Decoder Network and Image Enhancement Method under Uncontrolled Outdoor Illumination}, 
  year={2020},
  volume={8},
  number={},
  pages={81724-81734},
  keywords={Image segmentation;Agriculture;Image color analysis;Lighting;Semantics;Object segmentation;Sugar industry;Weed detection;semantic segmentation;deep learning;precision agriculture;image processing},
  doi={10.1109/ACCESS.2020.2991354}}

@INPROCEEDINGS{9506719,
  author={Besnier, Victor and Picard, David and Briot, Alexandre},
  booktitle=icip, 
  title={Learning Uncertainty for Safety-Oriented Semantic Segmentation in Autonomous Driving}, 
  year={2021},
  volume={},
  number={},
  pages={3353-3357},
  keywords={Training;Uncertainty;Measurement uncertainty;Semantics;Estimation;Training data;Observers;Uncertainty;Segmentation;Autonomous Driving},
  doi={10.1109/ICIP42928.2021.9506719}}

@ARTICLE{9705188,
  author={Liu, Xu and Chen, Steven W. and Nardari, Guilherme V. and Qu, Chao and Cladera, Fernando and Taylor, Camillo J. and Kumar, Vijay},
  journal={IEEE Micro}, 
  title={Challenges and Opportunities for Autonomous Micro-UAVs in Precision Agriculture}, 
  year={2022},
  volume={42},
  number={1},
  pages={61-68},
  keywords={Surveys;Software algorithms;Autonomous aerial vehicles;Software;Hardware;Robot localization;Sensors;Reliability;Task analysis;Payloads},
  doi={10.1109/MM.2021.3134744}}

@INPROCEEDINGS{Ahmadi22iros,
  author={Ahmadi, Alireza and Halstead, Michael and McCool, Chris},
  booktitle=iros, 
  title={BonnBot-I: A Precise Weed Management and Crop Monitoring Platform}, 
  year={2022},
  volume={},
  number={},
  pages={9202-9209},
  keywords={Location awareness;Actuators;Crops;Wheels;Spraying;Planning;Sensors;Robotics and Automation in Agriculture and Forestry;Agricultural Automation;Field Robotics},
  doi={10.1109/IROS47612.2022.9981304}}

@article{BOSTROM2012144,
title = {Seed distance in relation to row distance: Effect on grain yield and weed biomass in organically grown winter wheat, spring wheat and spring oats},
journal = {Field Crops Research},
volume = {134},
pages = {144-152},
year = {2012},
issn = {0378-4290},
doi = {https://doi.org/10.1016/j.fcr.2012.06.001},
url = {https://www.sciencedirect.com/science/article/pii/S0378429012001864},
author = {Ullalena Boström and Lars Eric Anderson and Ann-Charlotte Wallenhammar}
}

@InProceedings{Celikkan_2023_ICCV,
    author    = {Celikkan, Ekin and Saberioon, Mohammadmehdi and Herold, Martin and Klein, Nadja},
    title     = {Semantic Segmentation of Crops and Weeds with Probabilistic Modeling and Uncertainty Quantification},
    booktitle = iccvw,
    year      = {2023},
}

@article{Champ20aps,
author = {Champ, Julien and Mora-Fallas, Adan and Goëau, Hervé and Mata-Montero, Erick and Bonnet, Pierre and Joly, Alexis},
title = {Instance segmentation for the fine detection of crop and weed plants by precision agricultural robots},
journal = {Applications in Plant Sciences},
volume = {8},
number = {7},
pages = {e11373},
keywords = {autonomous robot, convolutional neural network, deep learning, digital agriculture, plant detection, weed electrification},
doi = {https://doi.org/10.1002/aps3.11373},
url = {https://bsapubs.onlinelibrary.wiley.com/doi/abs/10.1002/aps3.11373},
eprint = {https://bsapubs.onlinelibrary.wiley.com/doi/pdf/10.1002/aps3.11373},
year = {2020}
}

@inproceedings{Cordts16cvpr,
  title={The cityscapes dataset for semantic urban scene understanding},
  author={Cordts, Marius and Omran, Mohamed and Ramos, Sebastian and Rehfeld, Timo and Enzweiler, Markus and Benenson, Rodrigo and Franke, Uwe and Roth, Stefan and Schiele, Bernt},
  booktitle=cvpr,
  pages={3213--3223},
  year={2016}
}

@article{DENG2024102546,
title = {Weed database development: An updated survey of public weed datasets and cross-season weed detection adaptation},
journal = {Ecological Informatics},
volume = {81},
pages = {102546},
year = {2024},
issn = {1574-9541},
doi = {https://doi.org/10.1016/j.ecoinf.2024.102546},
url = {https://www.sciencedirect.com/science/article/pii/S1574954124000888},
author = {Boyang Deng and Yuzhen Lu and Jiajun Xu},
keywords = {Deep learning, Domain adaptation, Machine vision, Precision agriculture, Robustness, Weed detection}
}

@article{DEVITA201769,
title = {Reduced inter-row distance improves yield and competition against weeds in a semi-dwarf durum wheat variety},
journal = {European Journal of Agronomy},
volume = {85},
pages = {69-77},
year = {2017},
issn = {1161-0301},
doi = {https://doi.org/10.1016/j.eja.2017.02.003},
url = {https://www.sciencedirect.com/science/article/pii/S1161030117300254},
author = {Pasquale {De Vita} and Salvatore Antonio Colecchia and Ivano Pecorella and Sergio Saia}
}

@article{Fang_2020,
   title={Evaluating the Potential and Challenges of an Uncertainty Quantification Method for Long Short‐Term Memory Models for Soil Moisture Predictions},
   volume={56},
   ISSN={1944-7973},
   url={http://dx.doi.org/10.1029/2020WR028095},
   DOI={10.1029/2020wr028095},
   number={12},
   journal={Water Resources Research},
   publisher={American Geophysical Union (AGU)},
   author={Fang, Kuai and Kifer, Daniel and Lawson, Kathryn and Shen, Chaopeng},
   year={2020},
   month=dec }

@article{GAO2024122980,
title = {Cross-domain transfer learning for weed segmentation and mapping in precision farming using ground and UAV images},
journal = {Expert Systems with Applications},
volume = {246},
pages = {122980},
year = {2024},
issn = {0957-4174},
doi = {https://doi.org/10.1016/j.eswa.2023.122980},
url = {https://www.sciencedirect.com/science/article/pii/S0957417423034826},
author = {Junfeng Gao and Wenzhi Liao and David Nuyttens and Peter Lootens and Wenxin Xue and Erik Alexandersson and Jan Pieters}
}

@article{GENZE2022107388,
title = {Deep learning-based early weed segmentation using motion blurred UAV images of sorghum fields},
journal = {Computers and Electronics in Agriculture},
volume = {202},
pages = {107388},
year = {2022},
issn = {0168-1699},
doi = {https://doi.org/10.1016/j.compag.2022.107388},
url = {https://www.sciencedirect.com/science/article/pii/S0168169922006962},
author = {Nikita Genze and Raymond Ajekwe and Zeynep Güreli and Florian Haselbeck and Michael Grieb and Dominik G. Grimm},
keywords = {Deep learning, Weed detection, Weed segmentation, UAV, Precision agriculture}
}

@article{GUERRERO201211149,
title = {Support Vector Machines for crop/weeds identification in maize fields},
journal = {Expert Systems with Applications},
volume = {39},
number = {12},
pages = {11149-11155},
year = {2012},
issn = {0957-4174},
doi = {https://doi.org/10.1016/j.eswa.2012.03.040},
url = {https://www.sciencedirect.com/science/article/pii/S0957417412005635},
author = {J.M. Guerrero and G. Pajares and M. Montalvo and J. Romeo and M. Guijarro},
keywords = {Support Vector Machines, Image segmentation, Weeds/crop discrimination, Precision Agriculture}
}

@article{Genze2023,
  title = {Improved weed segmentation in UAV imagery of sorghum fields with a combined deblurring segmentation model},
  volume = {19},
  ISSN = {1746-4811},
  url = {http://dx.doi.org/10.1186/s13007-023-01060-8},
  DOI = {10.1186/s13007-023-01060-8},
  number = {1},
  journal = {Plant Methods},
  publisher = {Springer Science and Business Media LLC},
  author = {Genze,  Nikita and Wirth,  Maximilian and Schreiner,  Christian and Ajekwe,  Raymond and Grieb,  Michael and Grimm,  Dominik G.},
  year = {2023},
  month = aug 
}

@article{HERNANDEZ2020106597,
title = {Uncertainty quantification for plant disease detection using Bayesian deep learning},
journal = {Applied Soft Computing},
volume = {96},
pages = {106597},
year = {2020},
issn = {1568-4946},
doi = {https://doi.org/10.1016/j.asoc.2020.106597},
url = {https://www.sciencedirect.com/science/article/pii/S1568494620305354},
author = {S. Hernández and Juan L. López}
}

@article{KRESTENITIS2022108575,
title = {CoFly-WeedDB: A UAV image dataset for weed detection and species identification},
journal = {Data in Brief},
volume = {45},
pages = {108575},
year = {2022},
issn = {2352-3409},
doi = {https://doi.org/10.1016/j.dib.2022.108575},
url = {https://www.sciencedirect.com/science/article/pii/S235234092200782X},
author = {Marios Krestenitis and Emmanuel K. Raptis and Athanasios Ch. Kapoutsis and Konstantinos Ioannidis and Elias B. Kosmatopoulos and Stefanos Vrochidis and Ioannis Kompatsiaris},
keywords = {Precision agriculture, UAV dataset, Weed detection, Deep convolutional neural networks, Semantic segmentation}
}

@inproceedings{Lin14eccv,
  title={Microsoft coco: Common objects in context},
  author={Lin, Tsung-Yi and Maire, Michael and Belongie, Serge and Hays, James and Perona, Pietro and Ramanan, Deva and Doll{\'a}r, Piotr and Zitnick, C Lawrence},
  booktitle=eccv,
  pages={740--755},
  year={2014},
}

@inproceedings{NIPS2017_9ef2ed4b,
 author = {Lakshminarayanan, Balaji and Pritzel, Alexander and Blundell, Charles},
 booktitle = neurips,
 pages = {},
 title = {Simple and Scalable Predictive Uncertainty Estimation using Deep Ensembles},
 volume = {30},
 year = {2017}
}

@article{PICON2022106719,
title = {Deep learning-based segmentation of multiple species of weeds and corn crop using synthetic and real image datasets},
journal = {Computers and Electronics in Agriculture},
volume = {194},
pages = {106719},
year = {2022},
issn = {0168-1699},
doi = {https://doi.org/10.1016/j.compag.2022.106719},
url = {https://www.sciencedirect.com/science/article/pii/S0168169922000369},
author = {Artzai Picon and Miguel G. San-Emeterio and Arantza Bereciartua-Perez and Christian Klukas and Till Eggers and Ramon Navarra-Mestre},
keywords = {convolutional neural network, deep learning, multi-weed classification, plant safety digitalization, weed semantic segmentation}
}

@article{Sa2018,
  title = {weedNet: Dense Semantic Weed Classification Using Multispectral Images and MAV for Smart Farming},
  volume = {3},
  ISSN = {2377-3774},
  url = {http://dx.doi.org/10.1109/LRA.2017.2774979},
  DOI = {10.1109/lra.2017.2774979},
  number = {1},
  journal = {IEEE Robotics and Automation Letters},
  publisher = {Institute of Electrical and Electronics Engineers (IEEE)},
  author = {Sa,  Inkyu and Chen,  Zetao and Popovic,  Marija and Khanna,  Raghav and Liebisch,  Frank and Nieto,  Juan and Siegwart,  Roland},
  year = {2018},
  month = jan,
  pages = {588–595}
}

@InProceedings{Sagar_2022_WACV,
    author    = {Sagar, Abhinav},
    title     = {Uncertainty Quantification Using Variational Inference for Biomedical Image Segmentation},
    booktitle = wacvw,
    year      = {2022},
    pages     = {44-51}
}

@InProceedings{Steininger_2023_WACV,
    author    = {Steininger, Daniel and Trondl, Andreas and Croonen, Gerardus and Simon, Julia and Widhalm, Verena},
    title     = {The CropAndWeed Dataset: A Multi-Modal Learning Approach for Efficient Crop and Weed Manipulation},
    booktitle = wacv,
    year      = {2023},
    pages     = {3729-3738}
}

@InProceedings{Wang_2023_ICCV,
    author    = {Wang, Yuemin and Ha, Thuan and Aldridge, Kathryn and Duddu, Hema and Shirtliffe, Steve and Stavness, Ian},
    title     = {Weed Mapping with Convolutional Neural Networks on High Resolution Whole-Field Images},
    booktitle = iccvw,
    year      = {2023},
    pages     = {505-514}
}

@article{Weyler2023TowardsDG,
  title={Towards Domain Generalization in Crop and Weed Segmentation for Precision Farming Robots},
  author={Jan Weyler and Thomas L{\"a}be and Federico Magistri and Jens Behley and C. Stachniss},
  journal={IEEE Robotics and Automation Letters},
  year={2023},
  volume={8},
  pages={3310-3317},
  url={https://api.semanticscholar.org/CorpusID:257833255}
}

@InProceedings{Zhao_2017_CVPR,
author = {Zhao, Hengshuang and Shi, Jianping and Qi, Xiaojuan and Wang, Xiaogang and Jia, Jiaya},
title = {Pyramid Scene Parsing Network},
booktitle = cvpr,
pages={2881--2890},
year = {2017}
}

@Article{agronomy13071846,
AUTHOR = {Zhang, Jiaheng and Gong, Jinliang and Zhang, Yanfei and Mostafa, Kazi and Yuan, Guangyao},
TITLE = {Weed Identification in Maize Fields Based on Improved Swin-Unet},
JOURNAL = {Agronomy},
VOLUME = {13},
YEAR = {2023},
NUMBER = {7},
ARTICLE-NUMBER = {1846},
URL = {https://www.mdpi.com/2073-4395/13/7/1846},
ISSN = {2073-4395},
DOI = {10.3390/agronomy13071846}
}

@Article{app10207132,
AUTHOR = {Deng, Jizhong and Zhong, Zhaoji and Huang, Huasheng and Lan, Yubin and Han, Yuxing and Zhang, Yali},
TITLE = {Lightweight Semantic Segmentation Network for Real-Time Weed Mapping Using Unmanned Aerial Vehicles},
JOURNAL = {Applied Sciences},
VOLUME = {10},
YEAR = {2020},
NUMBER = {20},
ARTICLE-NUMBER = {7132},
URL = {https://www.mdpi.com/2076-3417/10/20/7132},
ISSN = {2076-3417},
DOI = {10.3390/app10207132}
}

@article{chebrolu2017ijrr,
  title={Agricultural robot dataset for plant classification, localization and mapping on sugar beet fields},
  author={Chebrolu, Nived and Lottes, Philipp and Schaefer, Alexander and Winterhalter, Wera and Burgard, Wolfram and Stachniss, Cyrill},
  journal={The International Journal of Robotics Research},
  volume={36},
  number={10},
  pages={1045--1052},
  year={2017},
  publisher={SAGE Publications Sage UK: London, England}
}

@InProceedings{cheng2021mask2former,
    author    = {Cheng, Bowen and Misra, Ishan and Schwing, Alexander G. and Kirillov, Alexander and Girdhar, Rohit},
    title     = {Masked-Attention Mask Transformer for Universal Image Segmentation},
    booktitle = cvpr,
    year      = {2022},
    pages     = {1290-1299}
}

@inproceedings{haug15,
  author={Haug, Sebastian and Ostermann, J{\"o}rn},
  title={A Crop/Weed Field Image Dataset for the Evaluation of Computer Vision Based Precision Agriculture Tasks},
  year={2015},
  booktitle={Computer Vision - ECCV 2014 Workshops},
  doi={10.1007/978-3-319-16220-1_8},
  url={http://dx.doi.org/10.1007/978-3-319-16220-1_8},
  pages={105--116},
}

@inproceedings{he2017mask,
  title={Mask r-cnn},
  author={He, Kaiming and Gkioxari, Georgia and Doll{\'a}r, Piotr and Girshick, Ross},
  booktitle=iccv,
  pages={2961--2969},
  year={2017}
}

@article{https://doi.org/10.1002/rob.21938,
author = {Wu, Xiaolong and Aravecchia, Stéphanie and Lottes, Philipp and Stachniss, Cyrill and Pradalier, Cédric},
title = {Robotic weed control using automated weed and crop classification},
journal = {Journal of Field Robotics},
volume = {37},
number = {2},
pages = {322-340},
keywords = {agriculture, computer vision, terrestrial robotics},
doi = {https://doi.org/10.1002/rob.21938},
url = {https://onlinelibrary.wiley.com/doi/abs/10.1002/rob.21938},
eprint = {https://onlinelibrary.wiley.com/doi/pdf/10.1002/rob.21938},
year = {2020}
}

@INPROCEEDINGS{milioto2018real,
  author={Milioto, Andres and Lottes, Philipp and Stachniss, Cyrill},
  booktitle=icra, 
  title={Real-Time Semantic Segmentation of Crop and Weed for Precision Agriculture Robots Leveraging Background Knowledge in CNNs}, 
  year={2018},
  volume={},
  number={},
  pages={2229-2235},
  keywords={Agriculture;Vegetation mapping;Semantics;Real-time systems;Soil;Indexes;Task analysis},
  doi={10.1109/ICRA.2018.8460962}}

@InProceedings{pmlr-v162-postels22a,
  title = 	 {On the Practicality of Deterministic Epistemic Uncertainty},
  author =       {Postels, Janis and Seg{\`u}, Mattia and Sun, Tao and Sieber, Luca Daniel and Van Gool, Luc and Yu, Fisher and Tombari, Federico},
  booktitle = icml,
  pages = 	 {17870--17909},
  year = 	 {2022}
}

@inproceedings{pmlr-v48-gal16,
  title={Dropout as a bayesian approximation: Representing model uncertainty in deep learning},
  author={Gal, Yarin and Ghahramani, Zoubin},
  booktitle=icml,
  pages={1050--1059},
  year={2016},
  organization={PMLR}
}

@Article{rs10091423,
AUTHOR = {Sa, Inkyu and Popović, Marija and Khanna, Raghav and Chen, Zetao and Lottes, Philipp and Liebisch, Frank and Nieto, Juan and Stachniss, Cyrill and Walter, Achim and Siegwart, Roland},
TITLE = {WeedMap: A Large-Scale Semantic Weed Mapping Framework Using Aerial Multispectral Imaging and Deep Neural Network for Precision Farming},
JOURNAL = {Remote Sensing},
VOLUME = {10},
YEAR = {2018},
NUMBER = {9},
ARTICLE-NUMBER = {1423},
URL = {https://www.mdpi.com/2072-4292/10/9/1423},
ISSN = {2072-4292},
DOI = {10.3390/rs10091423}
}

@Article{s23052713,
AUTHOR = {Kitzler, Florian and Barta, Norbert and Neugschwandtner, Reinhard W. and Gronauer, Andreas and Motsch, Viktoria},
TITLE = {WE3DS: An RGB-D Image Dataset for Semantic Segmentation in Agriculture},
JOURNAL = {Sensors},
VOLUME = {23},
YEAR = {2023},
NUMBER = {5},
ARTICLE-NUMBER = {2713},
URL = {https://www.mdpi.com/1424-8220/23/5/2713},
PubMedID = {36904917},
ISSN = {1424-8220},
DOI = {10.3390/s23052713}
}

@article{vanmarrewijk2024active,
  title={Active learning for efficient annotation in precision agriculture: a use-case on crop-weed semantic segmentation},
  author={van Marrewijk, Bart M and Dandjinou, Charbel and Rustia, Dan Jeric Arcega and Gonzalez, Nicolas Franco and Diallo, Boubacar and Dias, J{\'e}r{\^o}me and Melki, Paul and Blok, Pieter M},
  journal={arXiv preprint arXiv:2404.02580},
  year={2024}
}

