@article{li2022adaptive,
  title={Adaptive Multi-Modal Ensemble Network for Video Memorability Prediction},
  author={Li, Jing and Guo, Xin and Yue, Fumei and Xue, Fanfu and Sun, Jiande},
  journal={Applied Sciences},
  volume={12},
  number={17},
  pages={8599},
  year={2022},
  publisher={MDPI}
}
@inproceedings{khosla2013modifying,
  title={Modifying the memorability of face photographs},
  author={Khosla, Aditya and Bainbridge, Wilma A and Torralba, Antonio and Oliva, Aude},
  booktitle={Proceedings of the IEEE international conference on computer vision},
  pages={3200--3207},
  year={2013}
}
@article{isola2011understanding,
  title={Understanding the intrinsic memorability of images},
  author={Isola, Phillip and Parikh, Devi and Torralba, Antonio and Oliva, Aude},
  journal={Advances in neural information processing systems},
  volume={24},
  year={2011}
}
@INPROCEEDINGS{7410487,
  author={Dubey, Rachit and Peterson, Joshua and Khosla, Aditya and Yang, Ming-Hsuan and Ghanem, Bernard},
  booktitle={2015 IEEE International Conference on Computer Vision (ICCV)}, 
  title={What Makes an Object Memorable?}, 
  year={2015},
  volume={},
  number={},
  pages={1089-1097},
  keywords={Visualization;Image segmentation;Image color analysis;Correlation;Games;Computer vision;Presses},
  doi={10.1109/ICCV.2015.130}}
@INPROCEEDINGS{7410632,
  author={Khosla, Aditya and Raju, Akhil S. and Torralba, Antonio and Oliva, Aude},
  booktitle={2015 IEEE International Conference on Computer Vision (ICCV)}, 
  title={Understanding and Predicting Image Memorability at a Large Scale}, 
  year={2015},
  volume={},
  number={},
  pages={2390-2398},
  keywords={Visualization;Games;Correlation;Benchmark testing;Delay effects;Delays;Computer vision},
  doi={10.1109/ICCV.2015.275}}
@article{hu2020video,
  title={Video-triggered EEG-emotion public databases and current methods: a survey},
  author={Hu, Wanrou and Huang, Gan and Li, Linling and Zhang, Li and Zhang, Zhiguo and Liang, Zhen},
  journal={Brain Science Advances},
  volume={6},
  number={3},
  pages={255--287},
  year={2020},
  publisher={SAGE Publications Sage UK: London, England}
}
@misc{harinilong,
            title={Long-Term Ad Memorability: Understanding and Generating Memorable Ads}, 
            author={HariniSI and Somesh Singh and Yaman K Singla and Aanisha Bhattacharyya and Veeky Baths and Changyou Chen and Rajiv Ratn Shah and Balaji Krishnamurthy},
            year={2024},
            eprint={2309.00378},
            archivePrefix={arXiv},
            primaryClass={cs.CL},
            url={https://arxiv.org/abs/2309.00378}}
@inproceedings{khosla2013modifying,
  title={Modifying the memorability of face photographs},
  author={Khosla, Aditya and Bainbridge, Wilma A and Torralba, Antonio and Oliva, Aude},
  booktitle={Proceedings of the IEEE international conference on computer vision},
  pages={3200--3207},
  year={2013}
}
@inproceedings{khosla2015understanding,
  title={Understanding and predicting image memorability at a large scale},
  author={Khosla, Aditya and Raju, Akhil S and Torralba, Antonio and Oliva, Aude},
  booktitle={Proceedings of the IEEE international conference on computer vision},
  pages={2390--2398},
  year={2015}
}
@inproceedings{newman2020multimodal,
  title={Multimodal memorability: Modeling effects of semantics and decay on video memorability},
  author={Newman, Anelise and Fosco, Camilo and Casser, Vincent and Lee, Allen and McNamara, Barry and Oliva, Aude},
  booktitle={Computer Vision--ECCV 2020: 16th European Conference, Glasgow, UK, August 23--28, 2020, Proceedings, Part XVI 16},
  pages={223--240},
  year={2020},
  organization={Springer}
}
@inproceedings{newman2020multimodal,
  title={Multimodal memorability: Modeling effects of semantics and decay on video memorability},
  author={Newman, Anelise and Fosco, Camilo and Casser, Vincent and Lee, Allen and McNamara, Barry and Oliva, Aude},
  booktitle={Computer Vision--ECCV 2020: 16th European Conference, Glasgow, UK, August 23--28, 2020, Proceedings, Part XVI 16},
  pages={223--240},
  year={2020},
  organization={Springer}
}
@article{li2022adaptive,
  title={Adaptive Multi-Modal Ensemble Network for Video Memorability Prediction},
  author={Li, Jing and Guo, Xin and Yue, Fumei and Xue, Fanfu and Sun, Jiande},
  journal={Applied Sciences},
  volume={12},
  number={17},
  pages={8599},
  year={2022},
  publisher={MDPI}
}
@article{wang2024comprehensive,
  title={A comprehensive review of multimodal large language models: Performance and challenges across different tasks},
  author={Wang, Jiaqi and Jiang, Hanqi and Liu, Yiheng and Ma, Chong and Zhang, Xu and Pan, Yi and Liu, Mengyuan and Gu, Peiran and Xia, Sichen and Li, Wenjun and others},
  journal={arXiv preprint arXiv:2408.01319},
  year={2024}
}
@article{baddeley1992working,
  title={Working memory},
  author={Baddeley, Alan},
  journal={Science},
  volume={255},
  number={5044},
  pages={556--559},
  year={1992},
  publisher={American Association for the Advancement of Science}
}

@misc{harinilong,
            title={Long-Term Ad Memorability: Understanding and Generating Memorable Ads}, 
            author={HariniSI and Somesh Singh and Yaman K Singla and Aanisha Bhattacharyya and Veeky Baths and Changyou Chen and Rajiv Ratn Shah and Balaji Krishnamurthy},
            year={2024},
            eprint={2309.00378},
            archivePrefix={arXiv},
            primaryClass={cs.CL},
            url={https://arxiv.org/abs/2309.00378}}
@article{langille2019remembering,
  title={Remembering to forget: a dual role for sleep oscillations in memory consolidation and forgetting},
  author={Langille, Jesse J},
  journal={Frontiers in cellular neuroscience},
  volume={13},
  pages={71},
  year={2019},
  publisher={Frontiers Media SA}
}
@article{kucewicz2024high,
  title={High frequency oscillations in human memory and cognition: a neurophysiological substrate of engrams?},
  author={Kucewicz, Michal T and Cimbalnik, Jan and Garcia-Salinas, Jesus S and Brazdil, Milan and Worrell, Gregory A},
  journal={Brain},
  volume={147},
  number={9},
  pages={2966--2982},
  year={2024},
  publisher={Oxford University Press UK}
}
@article{staresina2024coupled,
  title={Coupled sleep rhythms for memory consolidation},
  author={Staresina, Bernhard P},
  journal={Trends in Cognitive Sciences},
  year={2024},
  publisher={Elsevier}
}
@article{baena2021stability,
  title={Stability of neural encoding moderates the contribution of sleep and repeated testing to memory consolidation},
  author={Baena, Daniel and Cantero, Jose L and Atienza, Mercedes},
  journal={Neurobiology of Learning and Memory},
  volume={185},
  pages={107529},
  year={2021},
  publisher={Elsevier}
}
@inproceedings{khosla2013modifying,
  title={Modifying the memorability of face photographs},
  author={Khosla, Aditya and Bainbridge, Wilma A and Torralba, Antonio and Oliva, Aude},
  booktitle={Proceedings of the IEEE international conference on computer vision},
  pages={3200--3207},
  year={2013}
}
@inproceedings{khosla2015understanding,
  title={Understanding and predicting image memorability at a large scale},
  author={Khosla, Aditya and Raju, Akhil S and Torralba, Antonio and Oliva, Aude},
  booktitle={Proceedings of the IEEE international conference on computer vision},
  pages={2390--2398},
  year={2015}
}
@article{isola2011understanding,
  title={Understanding the intrinsic memorability of images},
  author={Isola, Phillip and Parikh, Devi and Torralba, Antonio and Oliva, Aude},
  journal={Advances in neural information processing systems},
  volume={24},
  year={2011}
}
@inproceedings{dubey2015makes,
  title={What makes an object memorable?},
  author={Dubey, Rachit and Peterson, Joshua and Khosla, Aditya and Yang, Ming-Hsuan and Ghanem, Bernard},
  booktitle={Proceedings of the ieee international conference on computer vision},
  pages={1089--1097},
  year={2015}
}
@inproceedings{khosla2015understanding,
  title={Understanding and predicting image memorability at a large scale},
  author={Khosla, Aditya and Raju, Akhil S and Torralba, Antonio and Oliva, Aude},
  booktitle={Proceedings of the IEEE international conference on computer vision},
  pages={2390--2398},
  year={2015}
}
@article{hu2020video,
  title={Video-triggered EEG-emotion public databases and current methods: a survey},
  author={Hu, Wanrou and Huang, Gan and Li, Linling and Zhang, Li and Zhang, Zhiguo and Liang, Zhen},
  journal={Brain Science Advances},
  volume={6},
  number={3},
  pages={255--287},
  year={2020},
  publisher={SAGE Publications Sage UK: London, England}
}
@article{zhang2024long,
  title={Long context transfer from language to vision},
  author={Zhang, Peiyuan and Zhang, Kaichen and Li, Bo and Zeng, Guangtao and Yang, Jingkang and Zhang, Yuanhan and Wang, Ziyue and Tan, Haoran and Li, Chunyuan and Liu, Ziwei},
  journal={arXiv preprint arXiv:2406.16852},
  year={2024}
}
@article{Qwen2-Audio,
title={Qwen2-Audio Technical Report},
author={Chu, Yunfei and Xu, Jin and Yang, Qian and Wei, Haojie and Wei, Xipin and Guo, Zhifang and Leng, Yichong and Lv, Yuanjun and He, Jinzheng and Lin, Junyang and Zhou, Chang and Zhou, Jingren},
journal={arXiv preprint arXiv:2407.10759},
year={2024}
}
@article{yang2024qwen2,
  title={Qwen2 technical report},
  author={Yang, An and Yang, Baosong and Hui, Binyuan and Zheng, Bo and Yu, Bowen and Zhou, Chang and Li, Chengpeng and Li, Chengyuan and Liu, Dayiheng and Huang, Fei and others},
  journal={arXiv preprint arXiv:2407.10671},
  year={2024}
}
@article{anil2023gemini,
  title={Gemini: A family of highly capable multimodal models},
  author={Anil, Rohan and Borgeaud, Sebastian and Wu, Yonghui and Alayrac, Jean-Baptiste and Yu, Jiahui and Soricut, Radu and Schalkwyk, Johan and Dai, Andrew M and Hauth, Anja and Millican, Katie and others},
  journal={arXiv preprint arXiv:2312.11805},
  volume={1},
  year={2023}
}
@article{king2007auditory,
  title={The auditory cortex},
  author={King, Andrew J and Schnupp, Jan WH},
  journal={Current Biology},
  volume={17},
  number={7},
  pages={R236--R239},
  year={2007},
  publisher={Elsevier}
}
@article{baddeley1992working,
  title={Working memory},
  author={Baddeley, Alan},
  journal={Science},
  volume={255},
  number={5044},
  pages={556--559},
  year={1992},
  publisher={American Association for the Advancement of Science}
}
@article{murphy2022learning,
  title={Learning in double time: The effect of lecture video speed on immediate and delayed comprehension},
  author={Murphy, Dillon H and Hoover, Kara M and Agadzhanyan, Karina and Kuehn, Jesse C and Castel, Alan D},
  journal={Applied Cognitive Psychology},
  volume={36},
  number={1},
  pages={69--82},
  year={2022},
  publisher={Wiley Online Library}
}
@article{urbanemodiversity,
  title={Emodiversity, health, and well-being in the MIDUS daily diary study},
  author={Urban-Wojcik, Emily J and Mumford, Jeanette A and Almeida, David M and Lachman, Margie E and Ryff, Carol D and Davidson, Richard J and Schaefer, Stacey M}
}
@article{hagen2023image,
  title={Image memorability prediction with vision transformers},
  author={Hagen, Thomas and Espeseth, Thomas},
  journal={arXiv preprint arXiv:2301.08647},
  year={2023}
}
@inproceedings{khosla2015understanding,
  title={Understanding and predicting image memorability at a large scale},
  author={Khosla, Aditya and Raju, Akhil S and Torralba, Antonio and Oliva, Aude},
  booktitle={Proceedings of the IEEE international conference on computer vision},
  pages={2390--2398},
  year={2015}
}
@inproceedings{cohendet2019videomem,
  title={VideoMem: Constructing, analyzing, predicting short-term and long-term video memorability},
  author={Cohendet, Romain and Demarty, Claire-H{\'e}l{\`e}ne and Duong, Ngoc QK and Engilberge, Martin},
  booktitle={Proceedings of the IEEE/CVF International Conference on Computer Vision},
  pages={2531--2540},
  year={2019}
}
@inproceedings{newman2020multimodal,
  title={Multimodal memorability: Modeling effects of semantics and decay on video memorability},
  author={Newman, Anelise and Fosco, Camilo and Casser, Vincent and Lee, Allen and McNamara, Barry and Oliva, Aude},
  booktitle={Computer Vision--ECCV 2020: 16th European Conference, Glasgow, UK, August 23--28, 2020, Proceedings, Part XVI 16},
  pages={223--240},
  year={2020},
  organization={Springer}
}
@inproceedings{dumont2023modular,
  title={Modular memorability: Tiered representations for video memorability prediction},
  author={Dumont, Th{\'e}o and Hevia, Juan Segundo and Fosco, Camilo L},
  booktitle={Proceedings of the IEEE/CVF Conference on Computer Vision and Pattern Recognition},
  pages={10751--10760},
  year={2023}
}
@article{team2024gemini,
  title={Gemini 1.5: Unlocking multimodal understanding across millions of tokens of context},
  author={Team, Gemini and Georgiev, Petko and Lei, Ving Ian and Burnell, Ryan and Bai, Libin and Gulati, Anmol and Tanzer, Garrett and Vincent, Damien and Pan, Zhufeng and Wang, Shibo and others},
  journal={arXiv preprint arXiv:2403.05530},
  year={2024}
}
@article{achiam2023gpt,
  title={Gpt-4 technical report},
  author={Achiam, Josh and Adler, Steven and Agarwal, Sandhini and Ahmad, Lama and Akkaya, Ilge and Aleman, Florencia Leoni and Almeida, Diogo and Altenschmidt, Janko and Altman, Sam and Anadkat, Shyamal and others},
  journal={arXiv preprint arXiv:2303.08774},
  year={2023}
}
@inproceedings{dudzik2020investigating,
  title={Investigating the influence of personal memories on video-induced emotions},
  author={Dudzik, Bernd and Hung, Hayley and Neerincx, Mark and Broekens, Joost},
  booktitle={Proceedings of the 28th ACM conference on user modeling, adaptation and personalization},
  pages={53--61},
  year={2020}
}
@article{dubey2024llama,
  title={The llama 3 herd of models},
  author={Dubey, Abhimanyu and Jauhri, Abhinav and Pandey, Abhinav and Kadian, Abhishek and Al-Dahle, Ahmad and Letman, Aiesha and Mathur, Akhil and Schelten, Alan and Yang, Amy and Fan, Angela and others},
  journal={arXiv preprint arXiv:2407.21783},
  year={2024}
}
@article{urban2022emodiversity,
  title={Emodiversity, health, and well-being in the Midlife in the United States (MIDUS) daily diary study.},
  author={Urban-Wojcik, Emily J and Mumford, Jeanette A and Almeida, David M and Lachman, Margie E and Ryff, Carol D and Davidson, Richard J and Schaefer, Stacey M},
  journal={Emotion},
  volume={22},
  number={4},
  pages={603},
  year={2022},
  publisher={American Psychological Association}
}