@INPROCEEDINGS{7410487,
  author={Dubey, Rachit and Peterson, Joshua and Khosla, Aditya and Yang, Ming-Hsuan and Ghanem, Bernard},
  booktitle={2015 IEEE International Conference on Computer Vision (ICCV)}, 
  title={What Makes an Object Memorable?}, 
  year={2015},
  volume={},
  number={},
  pages={1089-1097},
  keywords={Visualization;Image segmentation;Image color analysis;Correlation;Games;Computer vision;Presses},
  doi={10.1109/ICCV.2015.130}}

@inproceedings{dudzik2020investigating,
  title={Investigating the influence of personal memories on video-induced emotions},
  author={Dudzik, Bernd and Hung, Hayley and Neerincx, Mark and Broekens, Joost},
  booktitle={Proceedings of the 28th ACM conference on user modeling, adaptation and personalization},
  pages={53--61},
  year={2020}
}

@misc{harinilong,
            title={Long-Term Ad Memorability: Understanding and Generating Memorable Ads}, 
            author={HariniSI and Somesh Singh and Yaman K Singla and Aanisha Bhattacharyya and Veeky Baths and Changyou Chen and Rajiv Ratn Shah and Balaji Krishnamurthy},
            year={2024},
            eprint={2309.00378},
            archivePrefix={arXiv},
            primaryClass={cs.CL},
            url={https://arxiv.org/abs/2309.00378}}

@article{hu2020video,
  title={Video-triggered EEG-emotion public databases and current methods: a survey},
  author={Hu, Wanrou and Huang, Gan and Li, Linling and Zhang, Li and Zhang, Zhiguo and Liang, Zhen},
  journal={Brain Science Advances},
  volume={6},
  number={3},
  pages={255--287},
  year={2020},
  publisher={SAGE Publications Sage UK: London, England}
}

@article{isola2011understanding,
  title={Understanding the intrinsic memorability of images},
  author={Isola, Phillip and Parikh, Devi and Torralba, Antonio and Oliva, Aude},
  journal={Advances in neural information processing systems},
  volume={24},
  year={2011}
}

@inproceedings{khosla2013modifying,
  title={Modifying the memorability of face photographs},
  author={Khosla, Aditya and Bainbridge, Wilma A and Torralba, Antonio and Oliva, Aude},
  booktitle={Proceedings of the IEEE international conference on computer vision},
  pages={3200--3207},
  year={2013}
}

@inproceedings{khosla2015understanding,
  title={Understanding and predicting image memorability at a large scale},
  author={Khosla, Aditya and Raju, Akhil S and Torralba, Antonio and Oliva, Aude},
  booktitle={Proceedings of the IEEE international conference on computer vision},
  pages={2390--2398},
  year={2015}
}

