@inproceedings{DBLP:conf/acl/ZhaoLJQB23,
	author       = {Ruochen Zhao and
	Xingxuan Li and
	Shafiq Joty and
	Chengwei Qin and
	Lidong Bing},
	title        = {Verify-and-Edit: {A} Knowledge-Enhanced Chain-of-Thought Framework},
	booktitle    = {Proceedings of the 61st Annual Meeting of the Association for Computational
	Linguistics (Volume 1: Long Papers), {ACL} 2023, Toronto, Canada,
	July 9-14, 2023},
	pages        = {5823--5840},
	publisher    = {Association for Computational Linguistics},
	year         = {2023}
}

@inproceedings{DBLP:conf/nips/Wei0SBIXCLZ22,
	author       = {Jason Wei and
	Xuezhi Wang and
	Dale Schuurmans and
	Maarten Bosma and
	Brian Ichter and
	Fei Xia and
	Ed H. Chi and
	Quoc V. Le and
	Denny Zhou},
	title        = {Chain-of-Thought Prompting Elicits Reasoning in Large Language Models},
	booktitle    = {NeurIPS},
	year         = {2022}
}

@inproceedings{DBLP:conf/naacl/PatelBG21,
	author       = {Arkil Patel and
	Satwik Bhattamishra and
	Navin Goyal},
	title        = {Are {NLP} Models really able to Solve Simple Math Word Problems?},
	booktitle    = {Proceedings of the 2021 Conference of the North American Chapter of
	the Association for Computational Linguistics: Human Language Technologies,
	{NAACL-HLT} 2021, Online, June 6-11, 2021},
	pages        = {2080--2094},
	publisher    = {Association for Computational Linguistics},
	year         = {2021}
}

@inproceedings{DBLP:conf/nips/TalmorYBBGCB21,
	author       = {Alon Talmor and
	Ori Yoran and
	Ronan Le Bras and
	Chandra Bhagavatula and
	Yoav Goldberg and
	Yejin Choi and
	Jonathan Berant},
	title        = {CommonsenseQA 2.0: Exposing the Limits of {AI} through Gamification},
	booktitle    = {Proceedings of the Neural Information Processing Systems Track on
	Datasets and Benchmarks 1, NeurIPS Datasets and Benchmarks 2021, December
	2021, virtual},
	year         = {2021}
}

@inproceedings{DBLP:conf/nips/KojimaGRMI22,
	author       = {Takeshi Kojima and
	Shixiang Shane Gu and
	Machel Reid and
	Yutaka Matsuo and
	Yusuke Iwasawa},
	title        = {Large Language Models are Zero-Shot Reasoners},
	booktitle    = {NeurIPS},
	year         = {2022}
}

@inproceedings{DBLP:conf/iclr/0002WSLCNCZ23,
	author       = {Xuezhi Wang and
	Jason Wei and
	Dale Schuurmans and
	Quoc V. Le and
	Ed H. Chi and
	Sharan Narang and
	Aakanksha Chowdhery and
	Denny Zhou},
	title        = {Self-Consistency Improves Chain of Thought Reasoning in Language Models},
	booktitle    = {The Eleventh International Conference on Learning Representations,
	{ICLR} 2023, Kigali, Rwanda, May 1-5, 2023},
	publisher    = {OpenReview.net},
	year         = {2023}
}

@inproceedings{DBLP:conf/nips/YeD22,
	author       = {Xi Ye and
	Greg Durrett},
	title        = {The Unreliability of Explanations in Few-shot Prompting for Textual
	Reasoning},
	booktitle    = {NeurIPS},
	year         = {2022}
}

@inproceedings{DBLP:conf/iclr/YaoZYDSN023,
	author       = {Shunyu Yao and
	Jeffrey Zhao and
	Dian Yu and
	Nan Du and
	Izhak Shafran and
	Karthik R. Narasimhan and
	Yuan Cao},
	title        = {ReAct: Synergizing Reasoning and Acting in Language Models},
	booktitle    = {The Eleventh International Conference on Learning Representations,
	{ICLR} 2023, Kigali, Rwanda, May 1-5, 2023},
	publisher    = {OpenReview.net},
	year         = {2023}
}



@inproceedings{DBLP:conf/icml/GaoMZ00YCN23,
	author       = {Luyu Gao and
	Aman Madaan and
	Shuyan Zhou and
	Uri Alon and
	Pengfei Liu and
	Yiming Yang and
	Jamie Callan and
	Graham Neubig},
	title        = {{PAL:} Program-aided Language Models},
	booktitle    = {International Conference on Machine Learning, {ICML} 2023, 23-29 July
	2023, Honolulu, Hawaii, {USA}},
	series       = {Proceedings of Machine Learning Research},
	volume       = {202},
	pages        = {10764--10799},
	publisher    = {{PMLR}},
	year         = {2023}
}

@inproceedings{DBLP:conf/icml/GaoMZ00YCN23,
	author       = {Luyu Gao and
	Aman Madaan and
	Shuyan Zhou and
	Uri Alon and
	Pengfei Liu and
	Yiming Yang and
	Jamie Callan and
	Graham Neubig},
	title        = {{PAL:} Program-aided Language Models},
	booktitle    = {International Conference on Machine Learning, {ICML} 2023, 23-29 July
	2023, Honolulu, Hawaii, {USA}},
	series       = {Proceedings of Machine Learning Research},
	volume       = {202},
	pages        = {10764--10799},
	publisher    = {{PMLR}},
	year         = {2023}
}

@inproceedings{DBLP:conf/icml/ShaoGSHDC23,
	author       = {Zhihong Shao and
	Yeyun Gong and
	Yelong Shen and
	Minlie Huang and
	Nan Duan and
	Weizhu Chen},
	title        = {Synthetic Prompting: Generating Chain-of-Thought Demonstrations for
	Large Language Models},
	booktitle    = {International Conference on Machine Learning, {ICML} 2023, 23-29 July
	2023, Honolulu, Hawaii, {USA}},
	series       = {Proceedings of Machine Learning Research},
	volume       = {202},
	pages        = {30706--30775},
	publisher    = {{PMLR}},
	year         = {2023}
}

@article{DBLP:journals/corr/abs-2306-03872,
	author       = {Zhan Ling and
	Yunhao Fang and
	Xuanlin Li and
	Zhiao Huang and
	Mingu Lee and
	Roland Memisevic and
	Hao Su},
	title        = {Deductive Verification of Chain-of-Thought Reasoning},
	journal      = {CoRR},
	volume       = {abs/2306.03872},
	year         = {2023}
}

@article{Ito1998NegativeIW,
	title={Negative information weighs more heavily on the brain: the negativity bias in evaluative categorizations.},
	author={Tiffany A Ito and Jeff T. Larsen and N. Kyle Smith and John T. Cacioppo},
	journal={Journal of personality and social psychology},
	volume={75 4},
	pages={	887-900	},
	year={1998},
}

@inproceedings{DBLP:conf/icml/GaoMZ00YCN23,
	author       = {Luyu Gao and
	Aman Madaan and
	Shuyan Zhou and
	Uri Alon and
	Pengfei Liu and
	Yiming Yang and
	Jamie Callan and
	Graham Neubig},
	title        = {{PAL:} Program-aided Language Models},
	booktitle    = {International Conference on Machine Learning, {ICML} 2023, 23-29 July
	2023, Honolulu, Hawaii, {USA}},
	series       = {Proceedings of Machine Learning Research},
	volume       = {202},
	pages        = {10764--10799},
	publisher    = {{PMLR}},
	year         = {2023}
}

@inproceedings{DBLP:conf/acl/ImaniD023,
	author       = {Shima Imani and
	Liang Du and
	Harsh Shrivastava},
	title        = {MathPrompter: Mathematical Reasoning using Large Language Models},
	booktitle    = {Proceedings of the The 61st Annual Meeting of the Association for
	Computational Linguistics: Industry Track, {ACL} 2023, Toronto, Canada,
	July 9-14, 2023},
	pages        = {37--42},
	publisher    = {Association for Computational Linguistics},
	year         = {2023}
}

@inproceedings{DBLP:conf/iclr/0001Z0S23,
	author       = {Zhuosheng Zhang and
	Aston Zhang and
	Mu Li and
	Alex Smola},
	title        = {Automatic Chain of Thought Prompting in Large Language Models},
	booktitle    = {The Eleventh International Conference on Learning Representations,
	{ICLR} 2023, Kigali, Rwanda, May 1-5, 2023},
	publisher    = {OpenReview.net},
	year         = {2023}
}

@article{DBLP:journals/corr/abs-2305-09993,
	author       = {Weijia Xu and
	Andrzej Banburski{-}Fahey and
	Nebojsa Jojic},
	title        = {Reprompting: Automated Chain-of-Thought Prompt Inference Through Gibbs
	Sampling},
	journal      = {CoRR},
	volume       = {abs/2305.09993},
	year         = {2023}
}

@article{DBLP:journals/corr/abs-2302-12822,
	author       = {Kashun Shum and
	Shizhe Diao and
	Tong Zhang},
	title        = {Automatic Prompt Augmentation and Selection with Chain-of-Thought
	from Labeled Data},
	journal      = {CoRR},
	volume       = {abs/2302.12822},
	year         = {2023}
}

@inproceedings{DBLP:conf/icml/ShaoGSHDC23,
	author       = {Zhihong Shao and
	Yeyun Gong and
	Yelong Shen and
	Minlie Huang and
	Nan Duan and
	Weizhu Chen},
	title        = {Synthetic Prompting: Generating Chain-of-Thought Demonstrations for
	Large Language Models},
	booktitle    = {International Conference on Machine Learning, {ICML} 2023, 23-29 July
	2023, Honolulu, Hawaii, {USA}},
	series       = {Proceedings of Machine Learning Research},
	volume       = {202},
	pages        = {30706--30775},
	publisher    = {{PMLR}},
	year         = {2023}
}

@article{DBLP:journals/corr/abs-2306-03872,
	author       = {Zhan Ling and
	Yunhao Fang and
	Xuanlin Li and
	Zhiao Huang and
	Mingu Lee and
	Roland Memisevic and
	Hao Su},
	title        = {Deductive Verification of Chain-of-Thought Reasoning},
	journal      = {CoRR},
	volume       = {abs/2306.03872},
	year         = {2023}
}

@inproceedings{DBLP:conf/acl/LiLZFCLC23,
	author       = {Yifei Li and
	Zeqi Lin and
	Shizhuo Zhang and
	Qiang Fu and
	Bei Chen and
	Jian{-}Guang Lou and
	Weizhu Chen},
	title        = {Making Language Models Better Reasoners with Step-Aware Verifier},
	booktitle    = {Proceedings of the 61st Annual Meeting of the Association for Computational
	Linguistics (Volume 1: Long Papers), {ACL} 2023, Toronto, Canada,
	July 9-14, 2023},
	pages        = {5315--5333},
	publisher    = {Association for Computational Linguistics},
	year         = {2023}
}

@inproceedings{DBLP:conf/nips/ShinnCGNY23,
	author       = {Noah Shinn and
	Federico Cassano and
	Ashwin Gopinath and
	Karthik Narasimhan and
	Shunyu Yao},
	title        = {Reflexion: language agents with verbal reinforcement learning},
	booktitle    = {Advances in Neural Information Processing Systems 36: Annual Conference
	on Neural Information Processing Systems 2023, NeurIPS 2023, New Orleans,
	LA, USA, December 10-16, 2023},
	year         = {2023}
}

@article{Qin2023ToolLW,
	title={Tool Learning with Foundation Models},
	author={Yujia Qin and Shengding Hu and Yankai Lin and Weize Chen and Ning Ding and Ganqu Cui and Zheni Zeng and Yufei Huang and Chaojun Xiao and Chi Han and Yi Ren Fung and Yusheng Su and Huadong Wang and Cheng Qian and Runchu Tian and Kunlun Zhu and Shi Liang and Xingyu Shen and Bokai Xu and Zhen Zhang and Yining Ye and Bo Li and Ziwei Tang and Jing Yi and Yu Zhu and Zhenning Dai and Lan Yan and Xin Cong and Ya-Ting Lu and Weilin Zhao and Yuxiang Huang and Jun-Han Yan and Xu Han and Xian Sun and Dahai Li and Jason Phang and Cheng Yang and Tongshuang Wu and Heng Ji and Zhiyuan Liu and Maosong Sun},
	journal={CoRR},
	volume={2304.08354},
	year={2023}
}

@inproceedings{DBLP:conf/icml/ChenK0H20,
	author       = {Ting Chen and
	Simon Kornblith and
	Mohammad Norouzi and
	Geoffrey E. Hinton},
	title        = {A Simple Framework for Contrastive Learning of Visual Representations},
	booktitle    = {Proceedings of the 37th International Conference on Machine Learning,
	{ICML} 2020, 13-18 July 2020, Virtual Event},
	series       = {Proceedings of Machine Learning Research},
	volume       = {119},
	pages        = {1597--1607},
	publisher    = {{PMLR}},
	year         = {2020}
}

@article{DBLP:journals/corr/abs-2303-08774,
	author       = {OpenAI},
	title        = {{GPT-4} Technical Report},
	journal      = {CoRR},
	volume       = {abs/2303.08774},
	year         = {2023}
}

@inproceedings{DBLP:conf/nips/Ouyang0JAWMZASR22,
	author       = {Long Ouyang and
	Jeffrey Wu and
	Xu Jiang and
	Diogo Almeida and
	Carroll L. Wainwright and
	Pamela Mishkin and
	Chong Zhang and
	Sandhini Agarwal and
	Katarina Slama and
	Alex Ray and
	John Schulman and
	Jacob Hilton and
	Fraser Kelton and
	Luke Miller and
	Maddie Simens and
	Amanda Askell and
	Peter Welinder and
	Paul F. Christiano and
	Jan Leike and
	Ryan Lowe},
	title        = {Training language models to follow instructions with human feedback},
	booktitle    = {NeurIPS},
	year         = {2022}
}

@article{DBLP:journals/corr/abs-2305-05027,
	author       = {Tam{\'{a}}s V{\"{o}}r{\"{o}}s and
	Sean Paul Bergeron and
	Konstantin Berlin},
	title        = {Web Content Filtering through knowledge distillation of Large Language
	Models},
	journal      = {CoRR},
	volume       = {abs/2305.05027},
	year         = {2023}
}

@inproceedings{DBLP:conf/emnlp/ReimersG19,
	author       = {Nils Reimers and
	Iryna Gurevych},
	title        = {Sentence-BERT: Sentence Embeddings using Siamese BERT-Networks},
	booktitle    = {Proceedings of the 2019 Conference on Empirical Methods in Natural
	Language Processing and the 9th International Joint Conference on
	Natural Language Processing, {EMNLP-IJCNLP} 2019, Hong Kong, China,
	November 3-7, 2019},
	pages        = {3980--3990},
	publisher    = {Association for Computational Linguistics},
	year         = {2019}
}

@inproceedings{DBLP:conf/emnlp/GaoYC21,
	author       = {Tianyu Gao and
	Xingcheng Yao and
	Danqi Chen},
	title        = {SimCSE: Simple Contrastive Learning of Sentence Embeddings},
	booktitle    = {Proceedings of the 2021 Conference on Empirical Methods in Natural
	Language Processing, {EMNLP} 2021, Virtual Event / Punta Cana, Dominican
	Republic, 7-11 November, 2021},
	pages        = {6894--6910},
	publisher    = {Association for Computational Linguistics},
	year         = {2021}
}

@inproceedings{DBLP:conf/cvpr/HadsellCL06,
	author       = {Raia Hadsell and
	Sumit Chopra and
	Yann LeCun},
	title        = {Dimensionality Reduction by Learning an Invariant Mapping},
	booktitle    = {2006 {IEEE} Computer Society Conference on Computer Vision and Pattern
	Recognition {(CVPR} 2006), 17-22 June 2006, New York, NY, {USA}},
	pages        = {1735--1742},
	publisher    = {{IEEE} Computer Society},
	year         = {2006}
}

@inproceedings{DBLP:conf/emnlp/Yang0ZBCSM18,
	author       = {Zhilin Yang and
	Peng Qi and
	Saizheng Zhang and
	Yoshua Bengio and
	William W. Cohen and
	Ruslan Salakhutdinov and
	Christopher D. Manning},
	title        = {HotpotQA: {A} Dataset for Diverse, Explainable Multi-hop Question
	Answering},
	booktitle    = {Proceedings of the 2018 Conference on Empirical Methods in Natural
	Language Processing, Brussels, Belgium, October 31 - November 4, 2018},
	pages        = {2369--2380},
	publisher    = {Association for Computational Linguistics},
	year         = {2018}
}

@article{DBLP:journals/jmlr/ChowdheryNDBMRBCSGSSTMRBTSPRDHPBAI23,
	author       = {Aakanksha Chowdhery and
	Sharan Narang and
	Jacob Devlin and
	Maarten Bosma and
	Gaurav Mishra and
	Adam Roberts and
	Paul Barham and
	Hyung Won Chung and
	Charles Sutton and
	Sebastian Gehrmann and
	Parker Schuh and
	Kensen Shi and
	Sasha Tsvyashchenko and
	Joshua Maynez and
	Abhishek Rao and
	Parker Barnes and
	Yi Tay and
	Noam Shazeer and
	Vinodkumar Prabhakaran and
	Emily Reif and
	Nan Du and
	Ben Hutchinson and
	Reiner Pope and
	James Bradbury and
	Jacob Austin and
	Michael Isard and
	Guy Gur{-}Ari and
	Pengcheng Yin and
	Toju Duke and
	Anselm Levskaya and
	Sanjay Ghemawat and
	Sunipa Dev and
	Henryk Michalewski and
	Xavier Garcia and
	Vedant Misra and
	Kevin Robinson and
	Liam Fedus and
	Denny Zhou and
	Daphne Ippolito and
	David Luan and
	Hyeontaek Lim and
	Barret Zoph and
	Alexander Spiridonov and
	Ryan Sepassi and
	David Dohan and
	Shivani Agrawal and
	Mark Omernick and
	Andrew M. Dai and
	Thanumalayan Sankaranarayana Pillai and
	Marie Pellat and
	Aitor Lewkowycz and
	Erica Moreira and
	Rewon Child and
	Oleksandr Polozov and
	Katherine Lee and
	Zongwei Zhou and
	Xuezhi Wang and
	Brennan Saeta and
	Mark Diaz and
	Orhan Firat and
	Michele Catasta and
	Jason Wei and
	Kathy Meier{-}Hellstern and
	Douglas Eck and
	Jeff Dean and
	Slav Petrov and
	Noah Fiedel},
	title        = {PaLM: Scaling Language Modeling with Pathways},
	journal      = {J. Mach. Learn. Res.},
	volume       = {24},
	pages        = {240:1--240:113},
	year         = {2023}
}

@article{DBLP:journals/corr/abs-2307-09288,
	author       = {Hugo Touvron and
	Louis Martin and
	Kevin Stone and
	Peter Albert and
	Amjad Almahairi and
	Yasmine Babaei and
	Nikolay Bashlykov and
	Soumya Batra and
	Prajjwal Bhargava and
	Shruti Bhosale and
	Dan Bikel and
	Lukas Blecher and
	Cristian Canton{-}Ferrer and
	Moya Chen and
	Guillem Cucurull and
	David Esiobu and
	Jude Fernandes and
	Jeremy Fu and
	Wenyin Fu and
	Brian Fuller and
	Cynthia Gao and
	Vedanuj Goswami and
	Naman Goyal and
	Anthony Hartshorn and
	Saghar Hosseini and
	Rui Hou and
	Hakan Inan and
	Marcin Kardas and
	Viktor Kerkez and
	Madian Khabsa and
	Isabel Kloumann and
	Artem Korenev and
	Punit Singh Koura and
	Marie{-}Anne Lachaux and
	Thibaut Lavril and
	Jenya Lee and
	Diana Liskovich and
	Yinghai Lu and
	Yuning Mao and
	Xavier Martinet and
	Todor Mihaylov and
	Pushkar Mishra and
	Igor Molybog and
	Yixin Nie and
	Andrew Poulton and
	Jeremy Reizenstein and
	Rashi Rungta and
	Kalyan Saladi and
	Alan Schelten and
	Ruan Silva and
	Eric Michael Smith and
	Ranjan Subramanian and
	Xiaoqing Ellen Tan and
	Binh Tang and
	Ross Taylor and
	Adina Williams and
	Jian Xiang Kuan and
	Puxin Xu and
	Zheng Yan and
	Iliyan Zarov and
	Yuchen Zhang and
	Angela Fan and
	Melanie Kambadur and
	Sharan Narang and
	Aur{\'{e}}lien Rodriguez and
	Robert Stojnic and
	Sergey Edunov and
	Thomas Scialom},
	title        = {Llama 2: Open Foundation and Fine-Tuned Chat Models},
	journal      = {CoRR},
	volume       = {abs/2307.09288},
	year         = {2023}
}

@article{DBLP:journals/corr/abs-2309-01029,
	author       = {Haiyan Zhao and
	Hanjie Chen and
	Fan Yang and
	Ninghao Liu and
	Huiqi Deng and
	Hengyi Cai and
	Shuaiqiang Wang and
	Dawei Yin and
	Mengnan Du},
	title        = {Explainability for Large Language Models: {A} Survey},
	journal      = {CoRR},
	volume       = {abs/2309.01029},
	year         = {2023}
}

@inproceedings{DBLP:conf/coling/HoNSA20,
	author       = {Xanh Ho and
	Anh{-}Khoa Duong Nguyen and
	Saku Sugawara and
	Akiko Aizawa},
	title        = {Constructing {A} Multi-hop {QA} Dataset for Comprehensive Evaluation
	of Reasoning Steps},
	booktitle    = {Proceedings of the 28th International Conference on Computational
	Linguistics, {COLING} 2020, Barcelona, Spain (Online), December 8-13,
	2020},
	pages        = {6609--6625},
	publisher    = {International Committee on Computational Linguistics},
	year         = {2020}
}

@inproceedings{DBLP:conf/naacl/ThorneVCM18,
	author       = {James Thorne and
	Andreas Vlachos and
	Christos Christodoulopoulos and
	Arpit Mittal},
	title        = {{FEVER:} a Large-scale Dataset for Fact Extraction and VERification},
	booktitle    = {Proceedings of the 2018 Conference of the North American Chapter of
	the Association for Computational Linguistics: Human Language Technologies,
	{NAACL-HLT} 2018, New Orleans, Louisiana, USA, June 1-6, 2018, Volume
	1 (Long Papers)},
	pages        = {809--819},
	publisher    = {Association for Computational Linguistics},
	year         = {2018}
}

@inproceedings{DBLP:conf/nips/WangW0B0020,
	author       = {Wenhui Wang and
	Furu Wei and
	Li Dong and
	Hangbo Bao and
	Nan Yang and
	Ming Zhou},
	title        = {MiniLM: Deep Self-Attention Distillation for Task-Agnostic Compression
	of Pre-Trained Transformers},
	booktitle    = {Advances in Neural Information Processing Systems 33: Annual Conference
	on Neural Information Processing Systems 2020, NeurIPS 2020, December
	6-12, 2020, virtual},
	year         = {2020}
}

@inproceedings{DBLP:conf/naacl/DevlinCLT19,
	author       = {Jacob Devlin and
	Ming{-}Wei Chang and
	Kenton Lee and
	Kristina Toutanova},
	title        = {{BERT:} Pre-training of Deep Bidirectional Transformers for Language
	Understanding},
	booktitle    = {Proceedings of the 2019 Conference of the North American Chapter of
	the Association for Computational Linguistics: Human Language Technologies,
	{NAACL-HLT} 2019, Minneapolis, MN, USA, June 2-7, 2019, Volume 1 (Long
	and Short Papers)},
	pages        = {4171--4186},
	publisher    = {Association for Computational Linguistics},
	year         = {2019}
}

@article{DBLP:journals/corr/Ruder17a,
	author       = {Sebastian Ruder},
	title        = {An Overview of Multi-Task Learning in Deep Neural Networks},
	journal      = {CoRR},
	volume       = {abs/1706.05098},
	year         = {2017}
}

@inproceedings{DBLP:conf/emnlp/YangLL23,
	author       = {Zeyuan Yang and
	Peng Li and
	Yang Liu},
	title        = {Failures Pave the Way: Enhancing Large Language Models through Tuning-free
	Rule Accumulation},
	booktitle    = {Proceedings of the 2023 Conference on Empirical Methods in Natural
	Language Processing, {EMNLP} 2023, Singapore, December 6-10, 2023},
	pages        = {1751--1777},
	publisher    = {Association for Computational Linguistics},
	year         = {2023}
}

@article{DBLP:journals/corr/abs-2305-11738,
	author       = {Zhibin Gou and
	Zhihong Shao and
	Yeyun Gong and
	Yelong Shen and
	Yujiu Yang and
	Nan Duan and
	Weizhu Chen},
	title        = {{CRITIC:} Large Language Models Can Self-Correct with Tool-Interactive
	Critiquing},
	journal      = {CoRR},
	volume       = {abs/2305.11738},
	year         = {2023}
}

@inproceedings{
    huang2024large,
    title={Large Language Models Cannot Self-Correct Reasoning Yet},
    author={Jie Huang and Xinyun Chen and Swaroop Mishra and Huaixiu Steven Zheng and Adams Wei Yu and Xinying Song and Denny Zhou},
    booktitle={The Twelfth International Conference on Learning Representations},
    year={2024}
}

@article{DBLP:journals/corr/abs-2310-20689,
	author       = {Shengnan An and
	Zexiong Ma and
	Zeqi Lin and
	Nanning Zheng and
	Jian{-}Guang Lou and
	Weizhu Chen},
	title        = {Learning From Mistakes Makes {LLM} Better Reasoner},
	journal      = {CoRR},
	volume       = {abs/2310.20689},
	year         = {2023}
}

@inproceedings{DBLP:conf/emnlp/WangL23,
	author       = {Danqing Wang and
	Lei Li},
	title        = {Learning from Mistakes via Cooperative Study Assistant for Large Language
	Models},
	booktitle    = {Proceedings of the 2023 Conference on Empirical Methods in Natural
	Language Processing, {EMNLP} 2023, Singapore, December 6-10, 2023},
	pages        = {10667--10685},
	publisher    = {Association for Computational Linguistics},
	year         = {2023}
}

@article{DBLP:journals/corr/abs-2310-10477,
	author       = {Kai Chen and
	Chunwei Wang and
	Kuo Yang and
	Jianhua Han and
	Lanqing Hong and
	Fei Mi and
	Hang Xu and
	Zhengying Liu and
	Wenyong Huang and
	Zhenguo Li and
	Dit{-}Yan Yeung and
	Lifeng Shang and
	Xin Jiang and
	Qun Liu},
	title        = {Gaining Wisdom from Setbacks: Aligning Large Language Models via Mistake
	Analysis},
	journal      = {CoRR},
	volume       = {abs/2310.10477},
	year         = {2023}
}

@article{DBLP:journals/corr/abs-2403-20046,
	author       = {Yongqi Tong and
	Dawei Li and
	Sizhe Wang and
	Yujia Wang and
	Fei Teng and
	Jingbo Shang},
	title        = {Can LLMs Learn from Previous Mistakes? Investigating LLMs' Errors
	to Boost for Reasoning},
	journal      = {CoRR},
	volume       = {abs/2403.20046},
	year         = {2024}
}

@article{DBLP:journals/corr/abs-2307-15043,
	author       = {Andy Zou and
	Zifan Wang and
	J. Zico Kolter and
	Matt Fredrikson},
	title        = {Universal and Transferable Adversarial Attacks on Aligned Language
	Models},
	journal      = {CoRR},
	volume       = {abs/2307.15043},
	year         = {2023}
}

@inproceedings{DBLP:conf/icml/ShiCMSDCSZ23,
	author       = {Freda Shi and
	Xinyun Chen and
	Kanishka Misra and
	Nathan Scales and
	David Dohan and
	Ed H. Chi and
	Nathanael Sch{\"{a}}rli and
	Denny Zhou},
	title        = {Large Language Models Can Be Easily Distracted by Irrelevant Context},
	booktitle    = {International Conference on Machine Learning, {ICML} 2023, 23-29 July
	2023, Honolulu, Hawaii, {USA}},
	series       = {Proceedings of Machine Learning Research},
	volume       = {202},
	pages        = {31210--31227},
	publisher    = {{PMLR}},
	year         = {2023}
}

@inproceedings{DBLP:conf/iclr/ZhouSHWS0SCBLC23,
	author       = {Denny Zhou and
	Nathanael Sch{\"{a}}rli and
	Le Hou and
	Jason Wei and
	Nathan Scales and
	Xuezhi Wang and
	Dale Schuurmans and
	Claire Cui and
	Olivier Bousquet and
	Quoc V. Le and
	Ed H. Chi},
	title        = {Least-to-Most Prompting Enables Complex Reasoning in Large Language
	Models},
	booktitle    = {The Eleventh International Conference on Learning Representations,
	{ICLR} 2023, Kigali, Rwanda, May 1-5, 2023},
	publisher    = {OpenReview.net},
	year         = {2023}
}

@inproceedings{DBLP:conf/nips/ZelikmanWMG22,
	author       = {Eric Zelikman and
	Yuhuai Wu and
	Jesse Mu and
	Noah D. Goodman},
	title        = {STaR: Bootstrapping Reasoning With Reasoning},
	booktitle    = {Advances in Neural Information Processing Systems 35: Annual Conference
	on Neural Information Processing Systems 2022, NeurIPS 2022, New Orleans,
	LA, USA, November 28 - December 9, 2022},
	year         = {2022}
}

@book{freud1923das,
  title={Das Ich und das Es},
  author={Freud, Sigmund},
  year={1923},
  publisher={Internationaler Psychoanalytischer Verlag},
  address={Leipzig, Vienna and Zurich},
  series={Gesammelte Werke},
  volume={XIX}
}

@article{DBLP:journals/corr/abs-2305-14325,
  author       = {Yilun Du and
                  Shuang Li and
                  Antonio Torralba and
                  Joshua B. Tenenbaum and
                  Igor Mordatch},
  title        = {Improving Factuality and Reasoning in Language Models through Multiagent
                  Debate},
  journal      = {CoRR},
  volume       = {abs/2305.14325},
  year         = {2023}
}

@inproceedings{DBLP:conf/emnlp/CohenHGG23,
  author       = {Roi Cohen and
                  May Hamri and
                  Mor Geva and
                  Amir Globerson},
  title        = {{LM} vs {LM:} Detecting Factual Errors via Cross Examination},
  booktitle    = {Proceedings of the 2023 Conference on Empirical Methods in Natural
                  Language Processing, {EMNLP} 2023, Singapore, December 6-10, 2023},
  pages        = {12621--12640},
  publisher    = {Association for Computational Linguistics},
  year         = {2023}
}

@article{DBLP:journals/corr/abs-2305-19118,
  author       = {Tian Liang and
                  Zhiwei He and
                  Wenxiang Jiao and
                  Xing Wang and
                  Yan Wang and
                  Rui Wang and
                  Yujiu Yang and
                  Zhaopeng Tu and
                  Shuming Shi},
  title        = {Encouraging Divergent Thinking in Large Language Models through Multi-Agent
                  Debate},
  journal      = {CoRR},
  volume       = {abs/2305.19118},
  year         = {2023}
}

@article{DBLP:journals/corr/abs-2401-02009,
  author       = {Wenqi Zhang and
                  Yongliang Shen and
                  Linjuan Wu and
                  Qiuying Peng and
                  Jun Wang and
                  Yueting Zhuang and
                  Weiming Lu},
  title        = {Self-Contrast: Better Reflection Through Inconsistent Solving Perspectives},
  journal      = {CoRR},
  volume       = {abs/2401.02009},
  year         = {2024}
}


@article{DBLP:journals/corr/abs-2110-14168,
  author       = {Karl Cobbe and
                  Vineet Kosaraju and
                  Mohammad Bavarian and
                  Mark Chen and
                  Heewoo Jun and
                  Lukasz Kaiser and
                  Matthias Plappert and
                  Jerry Tworek and
                  Jacob Hilton and
                  Reiichiro Nakano and
                  Christopher Hesse and
                  John Schulman},
  title        = {Training Verifiers to Solve Math Word Problems},
  journal      = {CoRR},
  volume       = {abs/2110.14168},
  year         = {2021}
}

@inproceedings{DBLP:conf/nips/HendrycksBKABTS21,
  author       = {Dan Hendrycks and
                  Collin Burns and
                  Saurav Kadavath and
                  Akul Arora and
                  Steven Basart and
                  Eric Tang and
                  Dawn Song and
                  Jacob Steinhardt},
  title        = {Measuring Mathematical Problem Solving With the {MATH} Dataset},
  booktitle    = {Proceedings of the Neural Information Processing Systems Track on
                  Datasets and Benchmarks 1, NeurIPS Datasets and Benchmarks 2021, December
                  2021, virtual},
  year         = {2021}
}

@inproceedings{DBLP:conf/acl/TongLWWTS24,
  author       = {Yongqi Tong and
                  Dawei Li and
                  Sizhe Wang and
                  Yujia Wang and
                  Fei Teng and
                  Jingbo Shang},
  title        = {Can LLMs Learn from Previous Mistakes? Investigating LLMs' Errors
                  to Boost for Reasoning},
  booktitle    = {Proceedings of the 62nd Annual Meeting of the Association for Computational
                  Linguistics (Volume 1: Long Papers), {ACL} 2024, Bangkok, Thailand,
                  August 11-16, 2024},
  pages        = {3065--3080},
  publisher    = {Association for Computational Linguistics},
  year         = {2024}
}

@article{DBLP:journals/corr/abs-2407-00497,
  author       = {Jiahao Ying and
                  Mingbao Lin and
                  Yixin Cao and
                  Wei Tang and
                  Bo Wang and
                  Qianru Sun and
                  Xuanjing Huang and
                  Shuicheng Yan},
  title        = {LLMs-as-Instructors: Learning from Errors Toward Automating Model
                  Improvement},
  journal      = {CoRR},
  volume       = {abs/2407.00497},
  year         = {2024}
}


@article{DBLP:journals/corr/abs-2302-13007,
  author       = {Haixing Dai and
                  Zhengliang Liu and
                  Wenxiong Liao and
                  Xiaoke Huang and
                  Zihao Wu and
                  Lin Zhao and
                  Wei Liu and
                  Ninghao Liu and
                  Sheng Li and
                  Dajiang Zhu and
                  Hongmin Cai and
                  Quanzheng Li and
                  Dinggang Shen and
                  Tianming Liu and
                  Xiang Li},
  title        = {ChatAug: Leveraging ChatGPT for Text Data Augmentation},
  journal      = {CoRR},
  volume       = {abs/2302.13007},
  year         = {2023}
}


@inproceedings{DBLP:conf/acl/ZhangSWPWZ024,
  author       = {Wenqi Zhang and
                  Yongliang Shen and
                  Linjuan Wu and
                  Qiuying Peng and
                  Jun Wang and
                  Yueting Zhuang and
                  Weiming Lu},
  title        = {Self-Contrast: Better Reflection Through Inconsistent Solving Perspectives},
  booktitle    = {Proceedings of the 62nd Annual Meeting of the Association for Computational
                  Linguistics (Volume 1: Long Papers), {ACL} 2024, Bangkok, Thailand,
                  August 11-16, 2024},
  pages        = {3602--3622},
  publisher    = {Association for Computational Linguistics},
  year         = {2024}
}

@inproceedings{DBLP:conf/iclr/HuSWALWWC22,
  author       = {Edward J. Hu and
                  Yelong Shen and
                  Phillip Wallis and
                  Zeyuan Allen{-}Zhu and
                  Yuanzhi Li and
                  Shean Wang and
                  Lu Wang and
                  Weizhu Chen},
  title        = {LoRA: Low-Rank Adaptation of Large Language Models},
  booktitle    = {The Tenth International Conference on Learning Representations, {ICLR}
                  2022, Virtual Event, April 25-29, 2022},
  publisher    = {OpenReview.net},
  year         = {2022}
}


@article{TheC3,
  title={The claude 3 model family: Opus, sonnet, haiku},
  author={Anthropic, AI},
  journal={Claude-3 Model Card},
  year={2024}
}


@inproceedings{DBLP:conf/iclr/LoshchilovH19,
  author       = {Ilya Loshchilov and
                  Frank Hutter},
  title        = {Decoupled Weight Decay Regularization},
  booktitle    = {7th International Conference on Learning Representations, {ICLR} 2019,
                  New Orleans, LA, USA, May 6-9, 2019},
  publisher    = {OpenReview.net},
  year         = {2019}
}

@inproceedings{DBLP:conf/iclr/AsaiWWSH24,
  author       = {Akari Asai and
                  Zeqiu Wu and
                  Yizhong Wang and
                  Avirup Sil and
                  Hannaneh Hajishirzi},
  title        = {Self-RAG: Learning to Retrieve, Generate, and Critique through Self-Reflection},
  booktitle    = {The Twelfth International Conference on Learning Representations,
                  {ICLR} 2024, Vienna, Austria, May 7-11, 2024},
  publisher    = {OpenReview.net},
  year         = {2024}
}

@inproceedings{DBLP:conf/acl/ZhouZY0YCN22,
  author       = {Shuyan Zhou and
                  Li Zhang and
                  Yue Yang and
                  Qing Lyu and
                  Pengcheng Yin and
                  Chris Callison{-}Burch and
                  Graham Neubig},
  title        = {Show Me More Details: Discovering Hierarchies of Procedures from Semi-structured
                  Web Data},
  booktitle    = {Proceedings of the 60th Annual Meeting of the Association for Computational
                  Linguistics (Volume 1: Long Papers), {ACL} 2022, Dublin, Ireland,
                  May 22-27, 2022},
  pages        = {2998--3012},
  publisher    = {Association for Computational Linguistics},
  year         = {2022}
}