@inproceedings{GARSDC,
  author       = {Liang, S., Li, L., Fan, Y., Jia, X., Li, J., Wu, B., and Cao, X.},
  title        = {A large-scale multiple-objective method for black-box attack against object detection},
  booktitle    = {European Conference on Computer Vision, ECCV},
  year         = {2022},
  url          = {https://doi.org/10.1007/978-3-031-19772-7_36},
  doi          = {10.1007/978-3-031-19772-7_36},
}

@article{Onepixel,
  author       = {Su, J., Vargas, D. V., and Sakurai, K.},
  title        = {One pixel attack for fooling deep neural networks},
  journal      = {IEEE Transactions on Evolutionary Computation},
  volume       = {23},
  number       = {5},
  pages        = {828--841},
  year         = {2019},
  url          = {https://doi.org/10.1109/TEVC.2019.2890858},
  doi          = {10.1109/TEVC.2019.2890858},
}

@inproceedings{PRFA,
  author       = {Liang, S., Wu, B., Fan, Y., Wei, X., and Cao, X.},
  title        = {Parallel rectangle flip attack: A query-based black-box attack against object detection},
  booktitle    = {IEEE/CVF International Conference on Computer Vision, ICCV},
  year         = {2021},
  url          = {https://doi.org/10.1109/ICCV48922.2021.00760},
  doi          = {10.1109/ICCV48922.2021.00760},
}

@inproceedings{Patchattack,
  author       = {Yang, C., Kortylewski, A., Xie, C., Cao, Y., and Yuille, A. L.},
  title        = {PatchAttack: A black-box texture-based attack with reinforcement learning},
  booktitle    = {European Conference on Computer Vision, ECCV},
  year         = {2020},
  url          = {https://doi.org/10.1007/978-3-030-58574-7_41},
  doi          = {10.1007/978-3-030-58574-7_41},
}

@article{Pixel,
  author       = {Pomponi, J., D{\'{a}}ntoni, D., Nicolosi, A., and Scardapane, S.},
  title        = {Rearranging pixels is a powerful black-box attack for {RGB} and infrared deep learning models},
  journal      = {IEEE Access},
  volume       = {11},
  pages        = {11298--11306},
  year         = {2023},
  url          = {https://doi.org/10.1109/ACCESS.2023.3241360},
  doi          = {10.1109/ACCESS.2023.3241360},
}

@article{Scratch,
  author       = {Jere, M., Hitaj, B., Ciocarlie, G. F., and Koushanfar, F.},
  title        = {Scratch that! An Evolution-based Adversarial Attack against Neural
                  Networks},
  journal      = {CoRR},
  volume       = {abs/1912.02316},
  year         = {2019},
  note         = {http://arxiv.org/abs/1912.02316},
}

@article{YOLOv8,
  author       = {Terven, J. R., C{\'{o}}rdova Esparza, D. M., and Romero-Gonz{\'{a}}lez, J.-A.},
  title        = {A comprehensive review of {YOLO} architectures in computer vision: From YOLOv1 to YOLOv8 and {YOLO-NAS}},
  volume       = {5},
  number       = {4},
  pages        = {1680--1716},
  journal      = {Machine Learning and Knowledge Extraction},
  year         = {2023},
  url          = {https://doi.org/10.3390/make5040083},
  doi          = {10.3390/MAKE5040083},
}

@inproceedings{ffgsm,
  author       = {Wong, E., Rice, L., and Kolter, J. Z.},
  title        = {Fast is better than free: Revisiting adversarial training},
  booktitle    = {International Conference on Learning Representations, ICLR},
  year         = {2020},
  url          = {https://openreview.net/forum?id=BJx040EFvH},
}

@inproceedings{fgsm,
  author       = {Goodfellow, I. J., Shlens, J., and Szegedy, C.},
  title        = {Explaining and harnessing adversarial examples},
  booktitle    = {International Conference on Learning Representations, ICLR},
  year         = {2015},
  url          = {http://arxiv.org/abs/1412.6572},
}

@inproceedings{pgd,
  author       = {Madry, A., Makelov, A., Schmidt, L., Tsipras, D., and Vladu, A.},
  title        = {Towards deep learning models resistant to adversarial attacks},
  booktitle    = {International Conference on Learning Representations, ICLR},
  year         = {2018},
  url          = {https://openreview.net/forum?id=rJzIBfZAb},
}

@inproceedings{tpgd,
  author       = {Zhang, H., Yu, Y., Jiao, J., Xing, E. P., El Ghaoui, L., and Jordan, M. I.},
  title        = {Theoretically principled trade-off between robustness and accuracy},
  booktitle    = {Proceedings of the International Conference on Machine Learning, ICML},
  year         = {2019},
  url          = {http://proceedings.mlr.press/v97/zhang19p.html},
}

