@inproceedings{REINFORCE,
  author       = {Sutton, R. S., McAllester, D. A., Singh, S., and Mansour, Y.},
  title        = {Policy gradient methods for reinforcement learning with function approximation},
  booktitle    = {Advances in Neural Information Processing Systems, NeurIPS},
  year         = {1999},
  url          = {http://papers.nips.cc/paper/1713-policy-gradient-methods-for-reinforcement-learning-with-function-approximation},
}

@inproceedings{szegedy2014intriguing,
  author       = {Szegedy, C., Zaremba, W., Sutskever, I., Bruna, J., Erhan, D., Goodfellow, I. J., and Fergus, R.},
  title        = {Intriguing properties of neural networks},
  booktitle    = {International Conference on Learning Representations, ICLR},
  year         = {2014},
  url          = {http://arxiv.org/abs/1312.6199},
}
@inproceedings{Ian_blackbox,
  author       = {Papernot, N., McDaniel, P. D., Goodfellow, I. J., Jha, S., Celik, Z. B., and Swami, A.},
  title        = {Practical black-box attacks against machine learning},
  booktitle    = {Proceedings of the 2017 ACM on Asia Conference on Computer and Communications Security},
  year         = {2017},
  url          = {https://doi.org/10.1145/3052973.3053009},
  doi          = {10.1145/3052973.3053009},
}
@inproceedings{tu2020autozoom,
  author       = {Tu, C.-C., Ting, P.-S., Chen, P.-Y., Liu, S., Zhang, H., Yi, J., Hsieh, C.-J., and Cheng, S.-M.},
  title        = {AutoZOOM: Autoencoder-based zeroth order optimization method for attacking black-box neural networks},
  booktitle    = {The AAAI Conference on Artificial Intelligence, AAAI},
  year         = {2019},
  url          = {https://doi.org/10.1609/aaai.v33i01.3301742},
  doi          = {10.1609/AAAI.V33I01.3301742},
}
@inproceedings{pgd,
  author       = {Madry, A., Makelov, A., Schmidt, L., Tsipras, D., and Vladu, A.},
  title        = {Towards deep learning models resistant to adversarial attacks},
  booktitle    = {International Conference on Learning Representations, ICLR},
  year         = {2018},
  url          = {https://openreview.net/forum?id=rJzIBfZAb},
}
@inproceedings{fgsm,
  author       = {Goodfellow, I. J., Shlens, J., and Szegedy, C.},
  title        = {Explaining and harnessing adversarial examples},
  booktitle    = {International Conference on Learning Representations, ICLR},
  year         = {2015},
  url          = {http://arxiv.org/abs/1412.6572},
}
@inproceedings{ffgsm,
  author       = {Wong, E., Rice, L., and Kolter, J. Z.},
  title        = {Fast is better than free: Revisiting adversarial training},
  booktitle    = {International Conference on Learning Representations, ICLR},
  year         = {2020},
  url          = {https://openreview.net/forum?id=BJx040EFvH},
}
@inproceedings{tpgd,
  author       = {Zhang, H., Yu, Y., Jiao, J., Xing, E. P., El Ghaoui, L., and Jordan, M. I.},
  title        = {Theoretically principled trade-off between robustness and accuracy},
  booktitle    = {Proceedings of the International Conference on Machine Learning, ICML},
  year         = {2019},
  url          = {http://proceedings.mlr.press/v97/zhang19p.html},
}
@inproceedings{transfer_explain,
  author       = {Liu, Y., Chen, X., Liu, C., and Song, D.},
  title        = {Delving into transferable adversarial examples and black-box attacks},
  booktitle    = {International Conference on Learning Representations, ICLR},
  year         = {2017},
  url          = {https://openreview.net/forum?id=Sys6GJqxl},
}
@inproceedings{query_expla,
  author       = {Feng, Y., Wu, B., Fan, Y., Liu, L., Li, Z., and Xia, S.-T.},
  title        = {Boosting black-box attack with partially transferred conditional adversarial distribution},
  booktitle    = {IEEE/CVF Conference on Computer Vision and Pattern Recognition, CVPR},
  year         = {2022},
  url          = {https://doi.org/10.1109/CVPR52688.2022.01467},
  doi          = {10.1109/CVPR52688.2022.01467},
}
@inproceedings{black1,
  author       = {Cheng, S., Dong, Y., Pang, T., Su, H., and Zhu, J.},
  title        = {Improving black-box adversarial attacks with a transfer-based prior},
  booktitle    = {Advances in Neural Information Processing Systems, NeurIPS},
  year         = {2019},
  url          = {https://proceedings.neurips.cc/paper/2019/hash/32508f53f24c46f685870a075eaaa29c-Abstract.html},
}
@inproceedings{black2,
  author       = {Shi, Y., Wang, S., and Han, Y.},
  title        = {Curls and Whey: Boosting black-box adversarial attacks},
  booktitle    = {IEEE/CVF Conference on Computer Vision and Pattern Recognition, CVPR},
  year         = {2019},
  url          = {http://openaccess.thecvf.com/content_CVPR_2019/html/Shi_Curls__Whey_Boosting_Black-Box_Adversarial_Attacks_CVPR_2019_paper.html},
  doi          = {10.1109/CVPR.2019.00668},
}
@inproceedings{RLAB,
  author       = {Sarkar, S., Babu, A. R., Mousavi, S., Ghorbanpour, S., Gundecha, V., Gutierrez, R. L., Guillen, A., and Naug, A.},
  title        = {Reinforcement learning based black-box adversarial attack for robustness improvement},
  booktitle    = {IEEE International Conference on Automation Science and Engineering, CASE},
  year         = {2023},
  url          = {https://doi.org/10.1109/CASE56687.2023.10260607},
  doi          = {10.1109/CASE56687.2023.10260607},
}
@article{Onepixel,
  author       = {Su, J., Vargas, D. V., and Sakurai, K.},
  title        = {One pixel attack for fooling deep neural networks},
  journal      = {IEEE Transactions on Evolutionary Computation},
  volume       = {23},
  number       = {5},
  pages        = {828--841},
  year         = {2019},
  url          = {https://doi.org/10.1109/TEVC.2019.2890858},
  doi          = {10.1109/TEVC.2019.2890858},
}
@article{Pixel,
  author       = {Pomponi, J., D{\'{a}}ntoni, D., Nicolosi, A., and Scardapane, S.},
  title        = {Rearranging pixels is a powerful black-box attack for {RGB} and infrared deep learning models},
  journal      = {IEEE Access},
  volume       = {11},
  pages        = {11298--11306},
  year         = {2023},
  url          = {https://doi.org/10.1109/ACCESS.2023.3241360},
  doi          = {10.1109/ACCESS.2023.3241360},
}
@inproceedings{Patchattack,
  author       = {Yang, C., Kortylewski, A., Xie, C., Cao, Y., and Yuille, A. L.},
  title        = {PatchAttack: A black-box texture-based attack with reinforcement learning},
  booktitle    = {European Conference on Computer Vision, ECCV},
  year         = {2020},
  url          = {https://doi.org/10.1007/978-3-030-58574-7_41},
  doi          = {10.1007/978-3-030-58574-7_41},
}
@inproceedings{trasnfer,
  author       = {Deng, Y., Wu, W., Zhang, J., and Zheng, Z.},
  title        = {Blurred-dilated method for adversarial attacks},
  booktitle    = {Advances in Neural Information Processing Systems, NeurIPS},
  year         = {2023},
  url          = {http://papers.nips.cc/paper_files/paper/2023/hash/b6fa3ed9624c184bd73e435123bd576a-Abstract-Conference.html},
}
@inproceedings{SBAA_ICML,
  author       = {Guo, C., Gardner, J., You, Y., Wilson, A. G., and Weinberger, K.},
  title        = {Simple black-box adversarial attacks},
  booktitle    = {Proceedings of the International Conference on Machine Learning, ICML},
  year         = {2019},
  url          = {https://proceedings.mlr.press/v97/guo19a.html},
}
@inproceedings{MS-COCO,
  author       = {Lin, T.-Y., Maire, M., Belongie, S. J., Hays, J., Perona, P., Ramanan, D., Doll{\'{a}}r, P., and Zitnick, C. L.},
  title        = {Microsoft {COCO:} Common objects in context},
  booktitle    = {European Conference on Computer Vision, ECCV},
  year         = {2014},
  url          = {https://doi.org/10.1007/978-3-319-10602-1_48},
  doi          = {10.1007/978-3-319-10602-1_48},
}
@inproceedings{ImageNet,
  author       = {Deng, J., Dong, W., Socher, R., Li, L.-J., Li, K., and Fei-Fei, L.},
  title        = {ImageNet: A large-scale hierarchical image database},
  booktitle    = {IEEE/CVF Conference on Computer Vision and Pattern Recognition, CVPR},
  year         = {2009},
  url          = {https://doi.org/10.1109/CVPR.2009.5206848},
  doi          = {10.1109/CVPR.2009.5206848},
}
@inproceedings{Argoverse,
  author       = {Li, M., Wang, Y.-X., and Ramanan, D.},
  title        = {Towards streaming perception},
  booktitle    = {European Conference on Computer Vision, ECCV},
  year         = {2020},
  url          = {https://doi.org/10.1007/978-3-030-58536-5_28},
  doi          = {10.1007/978-3-030-58536-5_28},
}
@inproceedings{PRFA,
  author       = {Liang, S., Wu, B., Fan, Y., Wei, X., and Cao, X.},
  title        = {Parallel rectangle flip attack: A query-based black-box attack against object detection},
  booktitle    = {IEEE/CVF International Conference on Computer Vision, ICCV},
  year         = {2021},
  url          = {https://doi.org/10.1109/ICCV48922.2021.00760},
  doi          = {10.1109/ICCV48922.2021.00760},
}
@inproceedings{GARSDC,
  author       = {Liang, S., Li, L., Fan, Y., Jia, X., Li, J., Wu, B., and Cao, X.},
  title        = {A large-scale multiple-objective method for black-box attack against object detection},
  booktitle    = {European Conference on Computer Vision, ECCV},
  year         = {2022},
  url          = {https://doi.org/10.1007/978-3-031-19772-7_36},
  doi          = {10.1007/978-3-031-19772-7_36},
}
@inproceedings{VIT,
  author       = {Dosovitskiy, A., Beyer, L., Kolesnikov, A., Weissenborn, D., Zhai, X., Unterthiner, T., Dehghani, M., Minderer, M., Heigold, G., Gelly, S., Uszkoreit, J., and Houlsby, N.},
  title        = {An image is worth 16x16 words: Transformers for image recognition at scale},
  booktitle    = {International Conference on Learning Representations, ICLR},
  year         = {2021},
  url          = {https://openreview.net/forum?id=YicbFdNTTy},
}
@inproceedings{ResNeXt,
  author       = {Xie, S., Girshick, R. B., Doll{\'{a}}r, P., Tu, Z., and He, K.},
  title        = {Aggregated residual transformations for deep neural networks},
  booktitle    = {IEEE/CVF Conference on Computer Vision and Pattern Recognition, CVPR},
  year         = {2017},
  url          = {https://doi.org/10.1109/CVPR.2017.634},
  doi          = {10.1109/CVPR.2017.634},
}
@inproceedings{RegNet,
  author       = {Radosavovic, I., Kosaraju, R. P., Girshick, R. B., He, K., and Doll{\'{a}}r, P.},
  title        = {Designing network design spaces},
  booktitle    = {IEEE/CVF Conference on Computer Vision and Pattern Recognition, CVPR},
  year         = {2020},
  url          = {https://openaccess.thecvf.com/content_CVPR_2020/html/Radosavovic_Designing_Network_Design_Spaces_CVPR_2020_paper.html},
  doi          = {10.1109/CVPR42600.2020.01044},
}
@inproceedings{DenseNet,
  author       = {Huang, G., Liu, Z., van der Maaten, L., and Weinberger, K. Q.},
  title        = {Densely connected convolutional networks},
  booktitle    = {IEEE/CVF Conference on Computer Vision and Pattern Recognition, CVPR},
  year         = {2017},
  url          = {https://doi.org/10.1109/CVPR.2017.243},
  doi          = {10.1109/CVPR.2017.243},
}
@inproceedings{MNASNet,
  author       = {Tan, M., Chen, B., Pang, R., Vasudevan, V., Sandler, M., Howard, A., and Le, Q. V.},
  title        = {MnasNet: Platform-aware neural architecture search for mobile},
  booktitle    = {IEEE/CVF Conference on Computer Vision and Pattern Recognition, CVPR},
  year         = {2019},
  url          = {http://openaccess.thecvf.com/content_CVPR_2019/html/Tan_MnasNet_Platform-Aware_Neural_Architecture_Search_for_Mobile_CVPR_2019_paper.html},
  doi          = {10.1109/CVPR.2019.00293},
}
@inproceedings{MobileNet,
  author       = {Howard, A., Pang, R., Adam, H., Le, Q. V., Sandler, M., Chen, B., Wang, W., Chen, L.-C., Tan, M., Chu, G., Vasudevan, V., and Zhu, Y.},
  title        = {Searching for MobileNetV3},
  booktitle    = {IEEE/CVF International Conference on Computer Vision, ICCV},
  year         = {2019},
  url          = {https://doi.org/10.1109/ICCV.2019.00140},
  doi          = {10.1109/ICCV.2019.00140},
}
@inproceedings{DDQ,
  author       = {Zhang, S., Wang, X., Wang, J., Pang, J., Lyu, C., Zhang, W., Luo, P., and Chen, K.},
  title        = {Dense distinct query for end-to-end object detection},
  booktitle    = {IEEE/CVF Conference on Computer Vision and Pattern Recognition, CVPR},
  year         = {2023},
  url          = {https://doi.org/10.1109/CVPR52729.2023.00708},
  doi          = {10.1109/CVPR52729.2023.00708},
}
@article{YOLOv8,
  author       = {Terven, J. R., C{\'{o}}rdova Esparza, D. M., and Romero-Gonz{\'{a}}lez, J.-A.},
  title        = {A comprehensive review of {YOLO} architectures in computer vision: From YOLOv1 to YOLOv8 and {YOLO-NAS}},
  volume       = {5},
  number       = {4},
  pages        = {1680--1716},
  journal      = {Machine Learning and Knowledge Extraction},
  year         = {2023},
  url          = {https://doi.org/10.3390/make5040083},
  doi          = {10.3390/MAKE5040083},
}
@inproceedings{DAG,
  author       = {Xie, C., Wang, J., Zhang, Z., Zhou, Y., Xie, L., and Yuille, A. L.},
  title        = {Adversarial examples for semantic segmentation and object detection},
  booktitle    = {IEEE/CVF International Conference on Computer Vision, ICCV},
  year         = {2017},
  url          = {https://doi.org/10.1109/ICCV.2017.153},
  doi          = {10.1109/ICCV.2017.153},
}
@inproceedings{CAP,
  author       = {Zhang, H., Zhou, W., and Li, H.},
  title        = {Contextual adversarial attacks for object detection},
  booktitle    = {IEEE International Conference on Multimedia and Expo, ICME},
  year         = {2020},
  url          = {https://doi.org/10.1109/ICME46284.2020.9102805},
  doi          = {10.1109/ICME46284.2020.9102805},
}
@inproceedings{od_pixel1,
  author       = {Shapira, A., Zolfi, A., Demetrio, L., Biggio, B., and Shabtai, A.},
  title        = {Phantom sponges: Exploiting non-maximum suppression to attack deep object detectors},
  booktitle    = {IEEE/CVF Winter Conference on Applications of Computer Vision, WACV},
  year         = {2023},
  url          = {https://doi.org/10.1109/WACV56688.2023.00455},
  doi          = {10.1109/WACV56688.2023.00455},
}
@article{od_pixel2,
  author       = {Wang, D., Li, C., Wen, S., Han, Q.-L., Nepal, S., Zhang, X., and Xiang, Y.},
  title        = {Daedalus: Breaking nonmaximum suppression in object detection via adversarial examples},
  journal      = {IEEE Transactions on Cybernetics},
  volume       = {52},
  number       = {8},
  pages        = {7427--7440},
  year         = {2022},
  url          = {https://doi.org/10.1109/TCYB.2020.3041481},
  doi          = {10.1109/TCYB.2020.3041481},
}
@article{od_pixel3,
  author       = {Chen, S., He, F., Huang, X., and Zhang, K.},
  title        = {Relevance attack on detectors},
  journal      = {Pattern Recognition},
  volume       = {124},
  pages        = {108491},
  year         = {2022},
  url          = {https://doi.org/10.1016/j.patcog.2021.108491},
  doi          = {10.1016/J.PATCOG.2021.108491},
}
@article{od_pixel4,
  author       = {Li, D., Zhang, J., and Huang, K.},
  title        = {Universal adversarial perturbations against object detection},
  journal      = {Pattern Recognition},
  volume       = {110},
  pages        = {107584},
  year         = {2021},
  url          = {https://doi.org/10.1016/j.patcog.2020.107584},
  doi          = {10.1016/J.PATCOG.2020.107584},
}



@article{bhambri2020survey,
  author       = {Bhambri, S., Muku, S., Tulasi, A., and Buduru, A., B.},
  title        = {A Study of Black Box Adversarial Attacks in Computer Vision},
  journal      = {CoRR},
  volume       = {abs/1912.01667},
  year         = {2019},
  note         = {http://arxiv.org/abs/1912.01667},
}
@article{Scratch,
  author       = {Jere, M., Hitaj, B., Ciocarlie, G. F., and Koushanfar, F.},
  title        = {Scratch that! An Evolution-based Adversarial Attack against Neural
                  Networks},
  journal      = {CoRR},
  volume       = {abs/1912.02316},
  year         = {2019},
  note         = {http://arxiv.org/abs/1912.02316},
}
@article{defective,
  author       = {Czimmermann, T., Ciuti, G., Milazzo, M., Chiurazzi, M., Roccella, S., Oddo, C. M., and Dario, P.},
  title        = {Visual-Based Defect Detection and Classification Approaches for Industrial
                  Applications - {A} {SURVEY}},
  journal      = {Sensors},
  volume       = {20},
  number       = {5},
  pages        = {1459},
  year         = {2020},
  url          = {https://doi.org/10.3390/s20051459},
  doi          = {10.3390/S20051459},
}
@article{COVIDNetAT,
  title={COVID-Net: a tailored deep convolutional neural network design for detection of COVID-19 cases from chest X-ray images},
  author={Linda Wang and Zhong Qiu Lin and Alexander Wong},
  journal={Scientific Reports},
  year={2020},
  volume={10},
  pages={19549},
  url={https://api.semanticscholar.org/CorpusID:215768886}
}
@inproceedings{swinv2,
  author       = {Liu, Z., Hu, H., Lin, Y., Yao, Z., Xie, Z., Wei, Y., Ning, J., Cao, Y., Zhang, Z., Dong, L., Wei, F., and Guo, B.},
  title        = {Swin Transformer {V2:} Scaling Up Capacity and Resolution},
  booktitle    = {IEEE/CVF Conference on Computer Vision and Pattern Recognition, CVPR},
  year         = {2022},
}
@inproceedings{deit,
  author       = {Touvron, H., Cord, M., Douze, M., Massa, F., Sablayrolles, A., and Jégou, H.},
  title        = {Training data-efficient image transformers {\&} distillation through
                  attention},
  booktitle    = {Proceedings of the International Conference on Machine Learning, ICML},
  year         = {2021},
}
@inproceedings{ATSS,
  author       = {Zhang, S., Chi, C., Yao, Y., Lei, Z., and Li, S. Z.},
  title        = {Bridging the Gap Between Anchor-Based and Anchor-Free Detection via
                  Adaptive Training Sample Selection},
  booktitle    = {IEEE/CVF Conference on Computer Vision and Pattern Recognition, CVPR},
  year         = {2020},
}
@inproceedings{DETR,
  author       = {Zhu, X., Su, W., Lu, L., Li, B., Wang, X., and Dai, J.},
  title        = {Deformable {DETR:} Deformable Transformers for End-to-End Object Detection},
  booktitle    = {International Conference on Learning Representations, ICLR},
  year         = {2021},
}
@inproceedings{ADV_vit,
  author       = {Mo, Y., Wu, D., Wang, Y., Guo, Y., and Wang, Y.},
  title        = {When Adversarial Training Meets Vision Transformers: Recipes from
                  Training to Architecture},
  booktitle    = {Advances in Neural Information Processing Systems, NeurIPS},
  year         = {2022},
}
@inproceedings{ADV_res,
  author       = {Hendrycks, D., Basart, S., Mu, N., Kadavath, S., Wang, F., Dorundo, E., Desai, R., Zhu, T., Parajuli, S., Guo, M., Song, D., Steinhardt, J., and Gilmer, J.},
  title        = {The Many Faces of Robustness: {A} Critical Analysis of Out-of-Distribution
                  Generalization},
  booktitle    = {IEEE/CVF International Conference on Computer Vision, ICCV},
  year         = {2021},
}