% Use this file for citations not found in the ACL Anthology (contained in "anthology.bib").

@book{Aho:72,
    author  = {Alfred V. Aho and Jeffrey D. Ullman},
    title   = {The Theory of Parsing, Translation and Compiling},
    year    = "1972",
    volume  = "1",
    publisher = {Prentice-Hall},
    address = {Englewood Cliffs, NJ}
}

@book{APA:83,
    author  = {{American Psychological Association}},
    title   = {Publications Manual},
    year    = "1983",
    publisher = {American Psychological Association},
    address = {Washington, DC}
}

@article{Chandra:81,
	author = {Ashok K. Chandra and Dexter C. Kozen and Larry J. Stockmeyer},
	year = "1981",
	title = {Alternation},
	journal = {Journal of the Association for Computing Machinery},
	volume = "28",
	number = "1",
	pages = "114--133",
	doi = "10.1145/322234.322243",
}

@inproceedings{andrew2007scalable,
  title={Scalable training of {L1}-regularized log-linear models},
  author={Andrew, Galen and Gao, Jianfeng},
  booktitle={Proceedings of the 24th International Conference on Machine Learning},
  pages={33--40},
  year={2007},
}

@book{Gusfield:97,
    author  = {Dan Gusfield},
    title   = {Algorithms on Strings, Trees and Sequences},
    year    = "1997",
    publisher = {Cambridge University Press},
    address = {Cambridge, UK}
}

@article{rasooli-tetrault-2015,
    author    = {Mohammad Sadegh Rasooli and Joel R. Tetreault},
    title     = {Yara Parser: {A} Fast and Accurate Dependency Parser},
    journal   = {Computing Research Repository},
    volume    = {arXiv:1503.06733},
    year      = {2015},
    url       = {http://arxiv.org/abs/1503.06733},
    note    = {version 2}
}

@article{Ando2005,
	Acmid = {1194905},
	Author = {Ando, Rie Kubota and Zhang, Tong},
	Issn = {1532-4435},
	Issue_Date = {12/1/2005},
	Journal = {Journal of Machine Learning Research},
	Month = dec,
	Numpages = {37},
	Pages = {1817--1853},
	Publisher = {JMLR.org},
	Title = {A Framework for Learning Predictive Structures from Multiple Tasks and Unlabeled Data},
	Volume = {6},
	Year = {2005}
}
@article{vaswani2017attention,
  title={Attention is all you need},
  author={Vaswani, Ashish and Shazeer, Noam and Parmar, Niki and Uszkoreit, Jakob and Jones, Llion and Gomez, Aidan N and Kaiser, {\L}ukasz and Polosukhin, Illia},
  journal={Advances in neural information processing systems},
  volume={30},
  year={2017}
}

@article{devlin2018bert,
  title={Bert: Pre-training of deep bidirectional transformers for language understanding},
  author={Devlin, Jacob and Chang, Ming-Wei and Lee, Kenton and Toutanova, Kristina},
  journal={arXiv preprint arXiv:1810.04805},
  year={2018}
}

@inproceedings{lessio2020toward,
  title={Toward Design Archetypes for Conversational Agent Personality},
  author={Lessio, Nadine and Morris, Alexis},
  booktitle={2020 IEEE International Conference on Systems, Man, and Cybernetics (SMC)},
  pages={3221--3228},
  year={2020},
  organization={IEEE}
}

@article{moussawi2021effect,
  title={The effect of voice and humour on users’ perceptions of personal intelligent agents},
  author={Moussawi, Sara and Benbunan-Fich, Raquel},
  journal={Behaviour \& Information Technology},
  volume={40},
  number={15},
  pages={1603--1626},
  year={2021},
  publisher={Taylor \& Francis}
}

@article{gopalakrishnan2019topical,
  title={Topical-chat: Towards knowledge-grounded open-domain conversations},
  author={Gopalakrishnan, Karthik and Hedayatnia, Behnam and Chen, Qinlang and Gottardi, Anna and Kwatra, Sanjeev and Venkatesh, Anushree and Gabriel, Raefer and Hakkani-T{\"u}r, Dilek},
  year={2019}
}

@article{rashkin2018towards,
  title={Towards empathetic open-domain conversation models: A new benchmark and dataset},
  author={Rashkin, Hannah and Smith, Eric Michael and Li, Margaret and Boureau, Y-Lan},
  journal={arXiv preprint arXiv:1811.00207},
  year={2018}
}

@article{ouyang2022training,
  title={Training language models to follow instructions with human feedback},
  author={Ouyang, Long and Wu, Jeffrey and Jiang, Xu and Almeida, Diogo and Wainwright, Carroll and Mishkin, Pamela and Zhang, Chong and Agarwal, Sandhini and Slama, Katarina and Ray, Alex and others},
  journal={Advances in Neural Information Processing Systems},
  volume={35},
  pages={27730--27744},
  year={2022}
}

@article{roller2020recipes,
  title={Recipes for building an open-domain chatbot},
  author={Roller, Stephen and Dinan, Emily and Goyal, Naman and Ju, Da and Williamson, Mary and Liu, Yinhan and Xu, Jing and Ott, Myle and Shuster, Kurt and Smith, Eric M and others},
  journal={arXiv preprint arXiv:2004.13637},
  year={2020}
}

@article{cunningham2007ensemble,
  title={Ensemble techniques},
  author={Cunningham, P{\'a}draig},
  journal={Techn own Port Scan Dataset as shown in Figure},
  volume={6},
  year={2007}
}

@article{shuster2022blenderbot,
  title={Blenderbot 3: a deployed conversational agent that continually learns to responsibly engage},
  author={Shuster, Kurt and Xu, Jing and Komeili, Mojtaba and Ju, Da and Smith, Eric Michael and Roller, Stephen and Ung, Megan and Chen, Moya and Arora, Kushal and Lane, Joshua and others},
  journal={arXiv preprint arXiv:2208.03188},
  year={2022}
}

@inproceedings{su2017chatbot,
  title={A chatbot using LSTM-based multi-layer embedding for elderly care},
  author={Su, Ming-Hsiang and Wu, Chung-Hsien and Huang, Kun-Yi and Hong, Qian-Bei and Wang, Hsin-Min},
  booktitle={2017 International Conference on Orange Technologies (ICOT)},
  pages={70--74},
  year={2017},
  organization={IEEE}
}

@article{wen2006real,
  title={Real-time reservoir model updating using ensemble Kalman filter with confirming option},
  author={Wen, Xian-Huan and Chen, Wen H},
  journal={Spe Journal},
  volume={11},
  number={04},
  pages={431--442},
  year={2006},
  publisher={OnePetro}
}

@article{raffel2020exploring,
  title={Exploring the limits of transfer learning with a unified text-to-text transformer},
  author={Raffel, Colin and Shazeer, Noam and Roberts, Adam and Lee, Katherine and Narang, Sharan and Matena, Michael and Zhou, Yanqi and Li, Wei and Liu, Peter J},
  journal={The Journal of Machine Learning Research},
  volume={21},
  number={1},
  pages={5485--5551},
  year={2020},
  publisher={JMLRORG}
}
@article{alec2018improving,
  title={Improving language understanding with unsupervised learning},
  author={Alec, Radford and Karthik, Narasimhan and Tim, Salimans and Ilya, Sutskever},
  journal={Citado},
  volume={17},
  pages={1--12},
  year={2018}
}
@article{devlin2018bert,
  title={Bert: Pre-training of deep bidirectional transformers for language understanding},
  author={Devlin, Jacob and Chang, Ming-Wei and Lee, Kenton and Toutanova, Kristina},
  journal={arXiv preprint arXiv:1810.04805},
  year={2018}
}
@incollection{suresh2021contextual,
  title={A contextual model for information extraction in resume analytics using NLP’s spacy},
  author={Suresh, Yeresime and Manusha Reddy, A},
  booktitle={Inventive Computation and Information Technologies: Proceedings of ICICIT 2020},
  pages={395--404},
  year={2021},
  publisher={Springer}
}
@article{kowsher2024propulsion,
  title={Propulsion: Steering LLM with Tiny Fine-Tuning},
  author={Kowsher, Md and Prottasha, Nusrat Jahan and Bhat, Prakash},
  journal={arXiv preprint arXiv:2409.10927},
  year={2024}
}
@article{grishman2015information,
  title={Information extraction},
  author={Grishman, Ralph},
  journal={IEEE Intelligent Systems},
  volume={30},
  number={5},
  pages={8--15},
  year={2015},
  publisher={IEEE}
}
@article{GRECO2020101934,
title = {Emotional Text Mining: Customer profiling in brand management},
journal = {International Journal of Information Management},
volume = {51},
pages = {101934},
year = {2020},
issn = {0268-4012},
doi = {https://doi.org/10.1016/j.ijinfomgt.2019.04.007},
url = {https://www.sciencedirect.com/science/article/pii/S0268401218313598},
author = {Francesca Greco and Alessandro Polli},
keywords = {Emotional Text Mining, Brand management, Twitter, Network analysis, Customer profiling},
abstract = {The widespread use of the Internet and the constant increase in users of social media platforms has made a large amount of textual data available. This represents a valuable source of information about the changes in people’s opinions and feelings. This paper presents the application of Emotional Text Mining (ETM) in the field of brand management. ETM is an unsupervised procedure aiming to profile social media users. It is based on a bottom-up approach to classify unstructured data for the identification of social media users’ representations and sentiments about a topic. It is a fast and simple procedure to extract meaningful information from a large collection of texts. As customer profiling is relevant for brand management, we illustrate a business application of ETM on Twitter messages concerning a well-known sportswear brand in order to show the potential of this procedure, highlighting the characteristics of Twitter user communities in terms of product preferences, representations, and sentiments.}
}
@article{gilbert2023rise,
  title={The rise of user profiling in social media: review, challenges and future direction},
  author={Gilbert, Justin and Hamid, Suraya and Hashem, Ibrahim Abaker Targio and Ghani, Norjihan Abdul and Boluwatife, Fatokun Faith},
  journal={Social Network Analysis and Mining},
  volume={13},
  number={1},
  pages={137},
  year={2023},
  publisher={Springer}
}
@inproceedings{10.1145/3336191.3371827,
author = {Gu, Yulong and Ding, Zhuoye and Wang, Shuaiqiang and Yin, Dawei},
title = {Hierarchical User Profiling for E-commerce Recommender Systems},
year = {2020},
isbn = {9781450368223},
publisher = {Association for Computing Machinery},
address = {New York, NY, USA},
url = {https://doi.org/10.1145/3336191.3371827},
doi = {10.1145/3336191.3371827},
abstract = {Hierarchical user profiling that aims to model users' real-time interests in different granularity is an essential issue for personalized recommendations in E-commerce. On one hand, items (i.e. products) are usually organized hierarchically in categories, and correspondingly users' interests are naturally hierarchical on different granularity of items and categories. On the other hand, multiple granularity oriented recommendations become very popular in E-commerce sites, which require hierarchical user profiling in different granularity as well. In this paper, we propose HUP, a Hierarchical User Profiling framework to solve the hierarchical user profiling problem in E-commerce recommender systems. In HUP, we provide a Pyramid Recurrent Neural Networks, equipped with Behavior-LSTM to formulate users' hierarchical real-time interests at multiple scales. Furthermore, instead of simply utilizing users' item-level behaviors (e.g., ratings or clicks) in conventional methods, HUP harvests the sequential information of users' temporal finely-granular interactions (micro-behaviors, e.g., clicks on components of items like pictures or comments, browses with navigation of the search engines or recommendations) for modeling. Extensive experiments on two real-world E-commerce datasets demonstrate the significant performance gains of the HUP against state-of-the-art methods for the hierarchical user profiling and recommendation problems. We release the codes and datasets at https://github.com/guyulongcs/WSDM2020_HUP.},
booktitle = {Proceedings of the 13th International Conference on Web Search and Data Mining},
pages = {223–231},
numpages = {9},
keywords = {user profiling, recommender systems, pyramid recurrent neural networks, hierarchical user profiling, e-commerce},
location = {Houston, TX, USA},
series = {WSDM '20}
}

@article{tan2023user,
  title={User modeling in the era of large language models: Current research and future directions},
  author={Tan, Zhaoxuan and Jiang, Meng},
  journal={arXiv preprint arXiv:2312.11518},
  year={2023}
}

@article{zhou2024language,
  title={Language-Based User Profiles for Recommendation},
  author={Zhou, Joyce and Dai, Yijia and Joachims, Thorsten},
  journal={arXiv preprint arXiv:2402.15623},
  year={2024}
}

@article{Bloedorn1998UsingNF,
  title={Using NLP for Machine Learning of User Profiles},
  author={Eric Bloedorn and Inderjeet Mani},
  journal={Intell. Data Anal.},
  year={1998},
  volume={2},
  pages={3-18},
  url={https://api.semanticscholar.org/CorpusID:2725963}
}
@inproceedings{gao2013improving,
  title={Improving user profile with personality traits predicted from social media content},
  author={Gao, Rui and Hao, Bibo and Bai, Shuotian and Li, Lin and Li, Ang and Zhu, Tingshao},
  booktitle={Proceedings of the 7th ACM conference on recommender systems},
  pages={355--358},
  year={2013}
}
@inproceedings{li2014weakly,
  title={Weakly supervised user profile extraction from twitter},
  author={Li, Jiwei and Ritter, Alan and Hovy, Eduard},
  booktitle={Proceedings of the 52nd Annual Meeting of the Association for Computational Linguistics (Volume 1: Long Papers)},
  pages={165--174},
  year={2014}
}

@inproceedings{rao2010classifying,
  title={Classifying latent user attributes in twitter},
  author={Rao, Delip and Yarowsky, David and Shreevats, Abhishek and Gupta, Manaswi},
  booktitle={Proceedings of the 2nd international workshop on Search and mining user-generated contents},
  pages={37--44},
  year={2010}
}
@inproceedings{rao2011hierarchical,
  title={Hierarchical bayesian models for latent attribute detection in social media},
  author={Rao, Delip and Paul, Michael and Fink, Clay and Yarowsky, David and Oates, Timothy and Coppersmith, Glen},
  booktitle={Proceedings of the international AAAI conference on web and social media},
  volume={5},
  number={1},
  pages={598--601},
  year={2011}
}

@inproceedings{liu2012using,
  title={Using social media to infer gender composition of commuter populations},
  author={Liu, Wendy and Zamal, Faiyaz and Ruths, Derek},
  booktitle={Proceedings of the International AAAI Conference on Web and Social Media},
  volume={6},
  pages={26--29},
  year={2012}
}

@inproceedings{ciot2013gender,
  title={Gender inference of Twitter users in non-English contexts},
  author={Ciot, Morgane and Sonderegger, Morgan and Ruths, Derek},
  booktitle={Proceedings of the 2013 conference on empirical methods in natural language processing},
  pages={1136--1145},
  year={2013}
}

@inproceedings{liu2013s,
  title={What’s in a name? using first names as features for gender inference in twitter},
  author={Liu, Wendy and Ruths, Derek},
  booktitle={2013 AAAI spring symposium series},
  year={2013}
}
@inproceedings{sakaki2014twitter,
  title={Twitter user gender inference using combined analysis of text and image processing},
  author={Sakaki, Shigeyuki and Miura, Yasuhide and Ma, Xiaojun and Hattori, Keigo and Ohkuma, Tomoko},
  booktitle={proceedings of the Third Workshop on Vision and Language},
  pages={54--61},
  year={2014}
}
@inproceedings{rosenthal2011age,
  title={Age prediction in blogs: A study of style, content, and online behavior in pre-and post-social media generations},
  author={Rosenthal, Sara and McKeown, Kathleen},
  booktitle={Proceedings of the 49th annual meeting of the association for computational linguistics: human language technologies},
  pages={763--772},
  year={2011}
}
@inproceedings{sap2014developing,
  title={Developing age and gender predictive lexica over social media},
  author={Sap, Maarten and Park, Gregory and Eichstaedt, Johannes and Kern, Margaret and Stillwell, David and Kosinski, Michal and Ungar, Lyle and Schwartz, H Andrew},
  booktitle={Proceedings of the 2014 conference on empirical methods in natural language processing (EMNLP)},
  pages={1146--1151},
  year={2014}
}

@inproceedings{chen2015comparative,
  title={A comparative study of demographic attribute inference in twitter},
  author={Chen, Xin and Wang, Yu and Agichtein, Eugene and Wang, Fusheng},
  booktitle={Proceedings of the international AAAI conference on web and social media},
  volume={9},
  pages={590--593},
  year={2015}
}
@article{fang2015relational,
  title={Relational user attribute inference in social media},
  author={Fang, Quan and Sang, Jitao and Xu, Changsheng and Hossain, M Shamim},
  journal={IEEE Transactions on Multimedia},
  volume={17},
  number={7},
  pages={1031--1044},
  year={2015},
  publisher={IEEE}
}
@inproceedings{mac2017demographic,
  title={Demographic inference on twitter using recursive neural networks},
  author={Mac Kim, Sunghwan and Xu, Qiongkai and Qu, Lizhen and Wan, Stephen and Paris, C{\'e}cile},
  booktitle={Proceedings of the 55th Annual Meeting of the Association for Computational Linguistics (Volume 2: Short Papers)},
  pages={471--477},
  year={2017}
}
@inproceedings{pennacchiotti2011machine,
  title={A machine learning approach to twitter user classification},
  author={Pennacchiotti, Marco and Popescu, Ana-Maria},
  booktitle={Proceedings of the international AAAI conference on web and social media},
  volume={5},
  number={1},
  pages={281--288},
  year={2011}
}

@inproceedings{conover2011political,
  title={Political polarization on twitter},
  author={Conover, Michael and Ratkiewicz, Jacob and Francisco, Matthew and Gon{\c{c}}alves, Bruno and Menczer, Filippo and Flammini, Alessandro},
  booktitle={Proceedings of the international aaai conference on web and social media},
  volume={5},
  number={1},
  pages={89--96},
  year={2011}
}
@article{demszky2019analyzing,
  title={Analyzing polarization in social media: Method and application to tweets on 21 mass shootings},
  author={Demszky, Dorottya and Garg, Nikhil and Voigt, Rob and Zou, James and Gentzkow, Matthew and Shapiro, Jesse and Jurafsky, Dan},
  journal={arXiv preprint arXiv:1904.01596},
  year={2019}
}

@inproceedings{zhou2018deeplink,
  title={Deeplink: A deep learning approach for user identity linkage},
  author={Zhou, Fan and Liu, Lei and Zhang, Kunpeng and Trajcevski, Goce and Wu, Jin and Zhong, Ting},
  booktitle={IEEE INFOCOM 2018-IEEE conference on computer communications},
  pages={1313--1321},
  year={2018},
  organization={IEEE}
}

@article{wang2023reinforced,
  title={Reinforced imitative graph learning for mobile user profiling},
  author={Wang, Dongjie and Wang, Pengyang and Fu, Yanjie and Liu, Kunpeng and Xiong, Hui and Hughes, Charles E},
  journal={IEEE Transactions on Knowledge and Data Engineering},
  year={2023},
  publisher={IEEE}
}

@article{xiao2020deep,
  title={Deep-reinforcement-learning-based user profile perturbation for privacy-aware recommendation},
  author={Xiao, Yilin and Xiao, Liang and Lu, Xiaozhen and Zhang, Hailu and Yu, Shui and Poor, H Vincent},
  journal={IEEE Internet of Things Journal},
  volume={8},
  number={6},
  pages={4560--4568},
  year={2020},
  publisher={IEEE}
}

@article{xiao2020deep,
  title={Deep-reinforcement-learning-based user profile perturbation for privacy-aware recommendation},
  author={Xiao, Yilin and Xiao, Liang and Lu, Xiaozhen and Zhang, Hailu and Yu, Shui and Poor, H Vincent},
  journal={IEEE Internet of Things Journal},
  volume={8},
  number={6},
  pages={4560--4568},
  year={2020},
  publisher={IEEE}
}

@article{hayawi2022deeprobot,
  title={DeeProBot: a hybrid deep neural network model for social bot detection based on user profile data},
  author={Hayawi, Kadhim and Mathew, Sujith and Venugopal, Neethu and Masud, Mohammad M and Ho, Pin-Han},
  journal={Social Network Analysis and Mining},
  volume={12},
  number={1},
  pages={43},
  year={2022},
  publisher={Springer}
}

@inproceedings{farnadi2018user,
  title={User profiling through deep multimodal fusion},
  author={Farnadi, Golnoosh and Tang, Jie and De Cock, Martine and Moens, Marie-Francine},
  booktitle={Proceedings of the Eleventh ACM International Conference on Web Search and Data Mining},
  pages={171--179},
  year={2018}
}

@inproceedings{priadana2020gender,
  title={Gender prediction for instagram user profiling using deep learning},
  author={Priadana, Adri and Maarif, Muhammad Rifqi and Habibi, Muhammad},
  booktitle={2020 international conference on decision aid sciences and application (DASA)},
  pages={432--436},
  year={2020},
  organization={IEEE}
}

@article{wu2024personalized,
  title={Personalized Prompt for Sequential Recommendation},
  author={Wu, Yiqing and Xie, Ruobing and Zhu, Yongchun and Zhuang, Fuzhen and Zhang, Xu and Lin, Leyu and He, Qing},
  journal={IEEE Transactions on Knowledge and Data Engineering},
  year={2024},
  publisher={IEEE}
}
@article{deldjoo2024content,
  title={Content-driven music recommendation: Evolution, state of the art, and challenges},
  author={Deldjoo, Yashar and Schedl, Markus and Knees, Peter},
  journal={Computer Science Review},
  volume={51},
  pages={100618},
  year={2024},
  publisher={Elsevier}
}

@article{shokrzadeh2024knowledge,
  title={Knowledge graph-based recommendation system enhanced by neural collaborative filtering and knowledge graph embedding},
  author={Shokrzadeh, Zeinab and Feizi-Derakhshi, Mohammad-Reza and Balafar, Mohammad-Ali and Mohasefi, Jamshid Bagherzadeh},
  journal={Ain Shams Engineering Journal},
  volume={15},
  number={1},
  pages={102263},
  year={2024},
  publisher={Elsevier}
}
@article{bansal2024multilingual,
  title={Multilingual personalized hashtag recommendation for low resource Indic languages using graph-based deep neural network},
  author={Bansal, Shubhi and Gowda, Kushaan and Kumar, Nagendra},
  journal={Expert Systems with Applications},
  volume={236},
  pages={121188},
  year={2024},
  publisher={Elsevier}
}

@article{wang2024exploring,
  title={Exploring global information for session-based recommendation},
  author={Wang, Ziyang and Wei, Wei and Zou, Ding and Liu, Yifan and Li, Xiao-Li and Mao, Xian-Ling and Qiu, Minghui},
  journal={Pattern Recognition},
  volume={145},
  pages={109911},
  year={2024},
  publisher={Elsevier}
}

@inproceedings{alt2009adaptive,
  title={Adaptive user profiles in pervasive advertising environments},
  author={Alt, Florian and Balz, Moritz and Kristes, Stefanie and Shirazi, Alireza Sahami and Mennen{\"o}h, Julian and Schmidt, Albrecht and Schr{\"o}der, Hendrik and Goedicke, Michael},
  booktitle={European Conference on Ambient Intelligence},
  pages={276--286},
  year={2009},
  organization={Springer}
}

@article{carrara2011new,
  title={A new perspective in pervasive advertising},
  author={Carrara, Lorenzo and Orsi, Giorgio},
  journal={Technical Report, Department of Computer Science},
  year={2011}
}

@inproceedings{suh2005context,
  title={Context-based User Profile Management for Personalized Services.},
  author={Suh, Youngjung and Kang, Dongoh and Woo, Woontack},
  booktitle={ubiPCMM},
  pages={64--73},
  year={2005}
}

@inproceedings{yu2012building,
  title={Building user profile based on concept and relation for web personalized services},
  author={Yu, Jie and Liu, FF and Zhao, HH},
  booktitle={International Conference on Innovation and Information Management},
  year={2012},
  organization={Citeseer}
}

@article{bartolomeo2008personalization,
  title={Personalization and user profile management},
  author={Bartolomeo, G and Petersen, F and Pluke, M},
  journal={International Journal of Interactive Mobile Technologies},
  volume={2},
  number={4},
  pages={25--29},
  year={2008}
}

@inproceedings{raad2010user,
  title={User profile matching in social networks},
  author={Raad, Elie and Chbeir, Richard and Dipanda, Albert},
  booktitle={2010 13th International Conference on Network-Based Information Systems},
  pages={297--304},
  year={2010},
  organization={IEEE}
}
@inproceedings{hazimeh2019reliable,
  title={Reliable user profile analytics and discovery on social networks},
  author={Hazimeh, Hussein and Mugellini, Elena and Khaled, Omar Abou},
  booktitle={Proceedings of the 2019 8th International Conference on Software and Computer Applications},
  pages={496--500},
  year={2019}
}

@article{ochirbat2018hybrid,
  title={Hybrid occupation recommendation for adolescents on interest, profile, and behavior},
  author={Ochirbat, Ankhtuya and Shih, Timothy K and Chootong, Chalothon and Sommool, Worapot and Gunarathne, WKTM and Wang, Hai-Hui and Ma, Zhao-Heng},
  journal={Telematics and Informatics},
  volume={35},
  number={3},
  pages={534--550},
  year={2018},
  publisher={Elsevier}
}

@inproceedings{preoctiuc2015analysis,
  title={An analysis of the user occupational class through Twitter content},
  author={Preo{\c{t}}iuc-Pietro, Daniel and Lampos, Vasileios and Aletras, Nikolaos},
  booktitle={Proceedings of the 53rd Annual Meeting of the Association for Computational Linguistics and the 7th International Joint Conference on Natural Language Processing (Volume 1: Long Papers)},
  pages={1754--1764},
  year={2015}
}

@inproceedings{chicaiza2015user,
  title={A user profile definition in context of recommendation of open educational resources. an approach based on linked open vocabularies},
  author={Chicaiza, Janneth and Piedra, Nelson and Lopez-Vargas, Jorge and Tovar-Caro, Edmundo},
  booktitle={2015 IEEE Frontiers in Education Conference (FIE)},
  pages={1--7},
  year={2015},
  organization={IEEE}
}

@inproceedings{agichtein2006learning,
  title={Learning user interaction models for predicting web search result preferences},
  author={Agichtein, Eugene and Brill, Eric and Dumais, Susan and Ragno, Robert},
  booktitle={Proceedings of the 29th annual international ACM SIGIR conference on Research and development in information retrieval},
  pages={3--10},
  year={2006}
}

@inproceedings{xu2011using,
  title={Using physical context in a mobile social networking application for improving friend recommendations},
  author={Xu, Bin and Chin, Alvin and Wang, Hao},
  booktitle={2011 International Conference on Internet of Things and 4th International Conference on Cyber, Physical and Social Computing},
  pages={602--609},
  year={2011},
  organization={IEEE}
}

@article{ahmadian2019effective,
  title={An effective social recommendation method based on user reputation model and rating profile enhancement},
  author={Ahmadian, Sajad and Afsharchi, Mohsen and Meghdadi, Majid},
  journal={Journal of Information Science},
  volume={45},
  number={5},
  pages={607--642},
  year={2019},
  publisher={SAGE Publications Sage UK: London, England}
}
@phdthesis{saransomrurtai2011converting,
  title={Converting a social network into a brand network: How brand profile on Facebook is used as an online marketing communication tool},
  author={Saransomrurtai, Chayanin},
  year={2011},
  school={Auckland University of Technology}
}

@inproceedings{dennis2016data,
  title={Data mining approach for user profile generation on advertisement serving},
  author={Dennis, Wisely Liu and Erwin, Alva and Galinium, Maulahikmah},
  booktitle={2016 8th international conference on information technology and electrical engineering (ICITEE)},
  pages={1--6},
  year={2016},
  organization={IEEE}
}

@article{zhang2020data,
  title={Data-driven computational social science: A survey},
  author={Zhang, Jun and Wang, Wei and Xia, Feng and Lin, Yu-Ru and Tong, Hanghang},
  journal={Big Data Research},
  volume={21},
  pages={100145},
  year={2020},
  publisher={Elsevier}
}

@article{brandt2020identifying,
  title={Identifying social media user demographics and topic diversity with computational social science: a case study of a major international policy forum},
  author={Brandt, John and Buckingham, Kathleen and Buntain, Cody and Anderson, Will and Ray, Sabin and Pool, John-Rob and Ferrari, Natasha},
  journal={Journal of Computational Social Science},
  volume={3},
  pages={167--188},
  year={2020},
  publisher={Springer}
}
@ONLINE{wikidump,
    author = "Wikimedia Foundation",
    title  = "Wikimedia Downloads",
    url    = "https://dumps.wikimedia.org"
}

@inproceedings{wen2023towards,
  title={Towards open-domain twitter user profile inference},
  author={Wen, Haoyang and Xiao, Zhenxin and Hovy, Eduard and Hauptmann, Alexander G},
  booktitle={Findings of the Association for Computational Linguistics: ACL 2023},
  pages={3172--3188},
  year={2023}
}

@article{cameron2003digital,
  title={Digital Futures I: Museum collections, digital technologies, and the cultural construction of knowledge},
  author={Cameron, Fiona},
  journal={Curator: The Museum Journal},
  volume={46},
  number={3},
  pages={325--340},
  year={2003},
  publisher={Wiley Online Library}
}

@misc{mahajan2020people,
  author = {Mahajan, Sameer},
  title = {People Wikipedia Data},
  year = {2020},
  publisher = {Kaggle},
  journal = {Kaggle},
  howpublished = {\url{https://www.kaggle.com/datasets/sameersmahajan/people-wikipedia-data}},
  note = {Accessed: April 14, 2024}
}

@article{team2023gemini,
  title={Gemini: a family of highly capable multimodal models},
  author={Team, Gemini and Anil, Rohan and Borgeaud, Sebastian and Wu, Yonghui and Alayrac, Jean-Baptiste and Yu, Jiahui and Soricut, Radu and Schalkwyk, Johan and Dai, Andrew M and Hauth, Anja and others},
  journal={arXiv preprint arXiv:2312.11805},
  year={2023}
}

@article{le2023bloom,
  title={Bloom: A 176b-parameter open-access multilingual language model},
  author={Le Scao, Teven and Fan, Angela and Akiki, Christopher and Pavlick, Ellie and Ili{\'c}, Suzana and Hesslow, Daniel and Castagn{\'e}, Roman and Luccioni, Alexandra Sasha and Yvon, Fran{\c{c}}ois and Gall{\'e}, Matthias and others},
journal   = {Hal Open Science},
  year={2023}
}

@article{touvron2023llama,
  title={Llama 2: Open foundation and fine-tuned chat models},
  author={Touvron, Hugo and Martin, Louis and Stone, Kevin and Albert, Peter and Almahairi, Amjad and Babaei, Yasmine and Bashlykov, Nikolay and Batra, Soumya and Bhargava, Prajjwal and Bhosale, Shruti and others},
  journal={arXiv preprint arXiv:2307.09288},
  year={2023}
}
@article{jiang2023mistral,
  title={Mistral 7B},
  author={Jiang, Albert Q and Sablayrolles, Alexandre and Mensch, Arthur and Bamford, Chris and Chaplot, Devendra Singh and Casas, Diego de las and Bressand, Florian and Lengyel, Gianna and Lample, Guillaume and Saulnier, Lucile and others},
  journal={arXiv preprint arXiv:2310.06825},
  year={2023}
}

@article{almazrouei2023falcon,
  title={The falcon series of open language models},
  author={Almazrouei, Ebtesam and Alobeidli, Hamza and Alshamsi, Abdulaziz and Cappelli, Alessandro and Cojocaru, Ruxandra and Debbah, M{\'e}rouane and Goffinet, {\'E}tienne and Hesslow, Daniel and Launay, Julien and Malartic, Quentin and others},
  journal={arXiv preprint arXiv:2311.16867},
  year={2023}
}

@article{team2024gemma,
  title={Gemma: Open models based on gemini research and technology},
  author={Team, Gemma and Mesnard, Thomas and Hardin, Cassidy and Dadashi, Robert and Bhupatiraju, Surya and Pathak, Shreya and Sifre, Laurent and Rivi{\`e}re, Morgane and Kale, Mihir Sanjay and Love, Juliette and others},
  journal={arXiv preprint arXiv:2403.08295},
  year={2024}
}

@incollection{luca2015user,
  title={User-generated content and social media},
  author={Luca, Michael},
  booktitle={Handbook of media Economics},
  volume={1},
  pages={563--592},
  year={2015},
  publisher={Elsevier}
}

@article{ding2016predicting,
  title={Predicting the attributes of social network users using a graph-based machine learning method},
  author={Ding, Yuxin and Yan, Shengli and Zhang, YiBin and Dai, Wei and Dong, Li},
  journal={Computer Communications},
  volume={73},
  pages={3--11},
  year={2016},
  publisher={Elsevier}
}

@inproceedings{al2012homophily,
  title={Homophily and latent attribute inference: Inferring latent attributes of twitter users from neighbors},
  author={Al Zamal, Faiyaz and Liu, Wendy and Ruths, Derek},
  booktitle={Proceedings of the International AAAI Conference on Web and Social Media},
  volume={6},
  pages={387--390},
  year={2012}
}

@article{liu2024urban,
  title={Urban knowledge graph aided mobile user profiling},
  author={Liu, Yu and Zhou, Zhilun and Li, Yong and Jin, Depeng},
  journal={ACM Transactions on Knowledge Discovery from Data},
  volume={18},
  number={1},
  pages={1--30},
  year={2024},
  publisher={ACM New York, NY}
}

@
@inproceedings{purificato2023leveraging,
  title={Leveraging graph neural networks for user profiling: Recent advances and open challenges},
  author={Purificato, Erasmo and Boratto, Ludovico and De Luca, Ernesto William},
  booktitle={Proceedings of the 32nd ACM International Conference on Information and Knowledge Management},
  pages={5216--5219},
  year={2023}
}

@article{yang2021learning,
  title={Learning Universal User Representations via Self-Supervised Lifelong Behaviors Modeling},
  author={Yang, Bei and Liu, Ke and Xu, Xiaoxiao and Xu, Renjun and Liu, Hong and others},
  year={2021}
}

@inproceedings{kowsher2021gender,
  title={Gender Identification from Bangla Name Using Machine Learning and Deep Learning Algorithms},
  author={Kowsher, Md and Zahidul Islam Sanjid, Md and Afrin, Fahmida and Das, Avishek and Saha, Puspita},
  booktitle={Emerging Technologies in Data Mining and Information Security: Proceedings of IEMIS 2020, Volume 2},
  pages={395--406},
  year={2021},
  organization={Springer}
}

@inproceedings{gu2020hierarchical,
  title={Hierarchical user profiling for e-commerce recommender systems},
  author={Gu, Yulong and Ding, Zhuoye and Wang, Shuaiqiang and Yin, Dawei},
  booktitle={Proceedings of the 13th International Conference on Web Search and Data Mining},
  pages={223--231},
  year={2020}
}

@article{wang2017knowledge,
  title={Knowledge graph embedding: A survey of approaches and applications},
  author={Wang, Quan and Mao, Zhendong and Wang, Bin and Guo, Li},
  journal={IEEE transactions on knowledge and data engineering},
  volume={29},
  number={12},
  pages={2724--2743},
  year={2017},
  publisher={IEEE}
}

@article{wu2020comprehensive,
  title={A comprehensive survey on graph neural networks},
  author={Wu, Zonghan and Pan, Shirui and Chen, Fengwen and Long, Guodong and Zhang, Chengqi and Philip, S Yu},
  journal={IEEE transactions on neural networks and learning systems},
  volume={32},
  number={1},
  pages={4--24},
  year={2020},
  publisher={IEEE}
}

@article{godoy2005user,
  title={User profiling in personal information agents: a survey},
  author={Godoy, Daniela and Amandi, Analia},
  journal={The Knowledge Engineering Review},
  volume={20},
  number={4},
  pages={329--361},
  year={2005},
  publisher={Cambridge University Press}
}

@article{liu2013using,
  title={Using first names as features for gender inference in Twitter},
  author={Liu, Wendy and Ruths, Derek},
  journal={Analyzing Microtext},
  year={2013},
  publisher={AAAI Press Palo Alto, CA}
}


@inproceedings{hettiachchi2021us,
  title={Us Vs. Them--Understanding the Impact of Homophily in Political Discussions on Twitter},
  author={Hettiachchi, Danula and Arora, Tanay and Goncalves, Jorge},
  booktitle={Human-Computer Interaction--INTERACT 2021: 18th IFIP TC 13 International Conference, Bari, Italy, August 30--September 3, 2021, Proceedings, Part IV 18},
  pages={476--497},
  year={2021},
  organization={Springer}
}

@article{onikoyi2023gender,
  title={Gender prediction with descriptive textual data using a machine learning approach},
  author={Onikoyi, Babatunde and Nnamoko, Nonso and Korkontzelos, Ioannis},
  journal={Natural Language Processing Journal},
  volume={4},
  pages={100018},
  year={2023},
  publisher={Elsevier}
}



@article{bloedorn1998using,
  title={Using NLP for machine learning of user profiles},
  author={Bloedorn, Eric and Mani, Inderjeet},
  journal={Intelligent Data Analysis},
  volume={2},
  number={1},
  pages={3--18},
  year={1998},
  publisher={IOS Press}
}

@article{wu2024understanding,
  title={Understanding the Role of User Profile in the Personalization of Large Language Models},
  author={Wu, Bin and Shi, Zhengyan and Rahmani, Hossein A and Ramineni, Varsha and Yilmaz, Emine},
  journal={arXiv preprint arXiv:2406.17803},
  year={2024}
}

@inproceedings{agichtein2006improving,
  title={Improving web search ranking by incorporating user behavior information},
  author={Agichtein, Eugene and Brill, Eric and Dumais, Susan},
  booktitle={Proceedings of the 29th annual international ACM SIGIR conference on Research and development in information retrieval},
  pages={19--26},
  year={2006}
}

@article{agarwal2013collaborative,
  title={A collaborative filtering framework for friends recommendation in social networks based on interaction intensity and adaptive user similarity},
  author={Agarwal, Vinti and Bharadwaj, Kamal Kant},
  journal={Social Network Analysis and Mining},
  volume={3},
  pages={359--379},
  year={2013},
  publisher={Springer}
}

@inproceedings{shen2005implicit,
  title={Implicit user modeling for personalized search},
  author={Shen, Xuehua and Tan, Bin and Zhai, ChengXiang},
  booktitle={Proceedings of the 14th ACM international conference on Information and knowledge management},
  pages={824--831},
  year={2005}
}

@inproceedings{yao2020employing,
  title={Employing personal word embeddings for personalized search},
  author={Yao, Jing and Dou, Zhicheng and Wen, Ji-Rong},
  booktitle={Proceedings of the 43rd international ACM SIGIR conference on research and development in information retrieval},
  pages={1359--1368},
  year={2020}
}

@inproceedings{zhu2008impact,
  title={The impact of history length on personalized search},
  author={Zhu, Yangbo and Callan, Jamie and Carbonell, Jaime},
  booktitle={Proceedings of the 31st Annual International ACM SIGIR Conference on Research and Development in information retrieval},
  pages={715--716},
  year={2008}
}

@inproceedings{balog2019transparent,
  title={Transparent, scrutable and explainable user models for personalized recommendation},
  author={Balog, Krisztian and Radlinski, Filip and Arakelyan, Shushan},
  booktitle={Proceedings of the 42nd international acm sigir conference on research and development in information retrieval},
  pages={265--274},
  year={2019}
}

@inproceedings{lu2015exploiting,
  title={Exploiting user and business attributes for personalized business recommendation},
  author={Lu, Kai and Zhang, Yi and Zhang, Lanbo and Wang, Shuxin},
  booktitle={Proceedings of the 38th international ACM SIGIR conference on research and development in information retrieval},
  pages={891--894},
  year={2015}
}

@article{middleton2004ontological,
  title={Ontological user profiling in recommender systems},
  author={Middleton, Stuart E and Shadbolt, Nigel R and De Roure, David C},
  journal={ACM Transactions on Information Systems (TOIS)},
  volume={22},
  number={1},
  pages={54--88},
  year={2004},
  publisher={ACM New York, NY, USA}
}

@inproceedings{arunachalam2013new,
  title={The new eye of government: citizen sentiment analysis in social media},
  author={Arunachalam, Ravi and Sarkar, Sandipan},
  booktitle={Proceedings of the IJCNLP 2013 workshop on natural language processing for social media (SocialNLP)},
  pages={23--28},
  year={2013}
}

@article{bamman2014gender,
  title={Gender identity and lexical variation in social media},
  author={Bamman, David and Eisenstein, Jacob and Schnoebelen, Tyler},
  journal={Journal of Sociolinguistics},
  volume={18},
  number={2},
  pages={135--160},
  year={2014},
  publisher={Wiley Online Library}
}

@inproceedings{tang2015learning,
  title={Learning semantic representations of users and products for document level sentiment classification},
  author={Tang, Duyu and Qin, Bing and Liu, Ting},
  booktitle={Proceedings of the 53rd annual meeting of the Association for Computational Linguistics and the 7th international joint conference on natural language processing (volume 1: long papers)},
  pages={1014--1023},
  year={2015}
}

@article{al2020comparative,
  title={Comparative analysis of feature selection algorithms for computational personality prediction from social media},
  author={Al Marouf, Ahmed and Hasan, Md Kamrul and Mahmud, Hasan},
  journal={IEEE Transactions on Computational Social Systems},
  volume={7},
  number={3},
  pages={587--599},
  year={2020},
  publisher={IEEE}
}

@article{bessarab2025social,
  title={Social networks as a phenomen on of the information society},
  author={Bessarab, Anastasiia and Mitchuk, Olha and Baranetska, Anna and Kodatska, Natalia and Kvasnytsia, Olha and Mykytiv, Galyna},
    journal={DSpace},
  year={2025},

}

@article{bucklin2003model,
  title={A model of web site browsing behavior estimated on clickstream data},
  author={Bucklin, Randolph E and Sismeiro, Catarina},
  journal={Journal of marketing research},
  volume={40},
  number={3},
  pages={249--267},
  year={2003},
  publisher={SAGE Publications Sage CA: Los Angeles, CA}
}

@article{shah2021marketing,
  title={Marketing in a data-driven digital world: Implications for the role and scope of marketing},
  author={Shah, Denish and Murthi, BPS},
  journal={Journal of Business Research},
  volume={125},
  pages={772--779},
  year={2021},
  publisher={Elsevier}
}

@article{wolf2020transformers,
  title={Transformers: State-of-the-Art Natural Language Processing},
  author={Wolf, Thomas},
  journal={arXiv preprint arXiv:1910.03771},
  year={2020}
}

@article{cobbe2021training,
  title={Training verifiers to solve math word problems},
  author={Cobbe, Karl and Kosaraju, Vineet and Bavarian, Mohammad and Chen, Mark and Jun, Heewoo and Kaiser, Lukasz and Plappert, Matthias and Tworek, Jerry and Hilton, Jacob and Nakano, Reiichiro and others},
  journal={arXiv preprint arXiv:2110.14168},
  year={2021}
}
@article{kowsher2020machine,
  title={Machine learning and deep learning based information extraction from Bangla names},
  author={Kowsher, Md and Sanjid, Md Zahidul Islam and Das, Avishek and Ahmed, Mahid and Sarker, Md Murad Hossain},
  journal={Procedia Computer Science},
  volume={178},
  pages={224--233},
  year={2020},
  publisher={Elsevier}
}
