@article{agarwal2013collaborative,
  title={A collaborative filtering framework for friends recommendation in social networks based on interaction intensity and adaptive user similarity},
  author={Agarwal, Vinti and Bharadwaj, Kamal Kant},
  journal={Social Network Analysis and Mining},
  volume={3},
  pages={359--379},
  year={2013},
  publisher={Springer}
}

@inproceedings{agichtein2006improving,
  title={Improving web search ranking by incorporating user behavior information},
  author={Agichtein, Eugene and Brill, Eric and Dumais, Susan},
  booktitle={Proceedings of the 29th annual international ACM SIGIR conference on Research and development in information retrieval},
  pages={19--26},
  year={2006}
}

@inproceedings{al2012homophily,
  title={Homophily and latent attribute inference: Inferring latent attributes of twitter users from neighbors},
  author={Al Zamal, Faiyaz and Liu, Wendy and Ruths, Derek},
  booktitle={Proceedings of the International AAAI Conference on Web and Social Media},
  volume={6},
  pages={387--390},
  year={2012}
}

@article{al2020comparative,
  title={Comparative analysis of feature selection algorithms for computational personality prediction from social media},
  author={Al Marouf, Ahmed and Hasan, Md Kamrul and Mahmud, Hasan},
  journal={IEEE Transactions on Computational Social Systems},
  volume={7},
  number={3},
  pages={587--599},
  year={2020},
  publisher={IEEE}
}

@inproceedings{arunachalam2013new,
  title={The new eye of government: citizen sentiment analysis in social media},
  author={Arunachalam, Ravi and Sarkar, Sandipan},
  booktitle={Proceedings of the IJCNLP 2013 workshop on natural language processing for social media (SocialNLP)},
  pages={23--28},
  year={2013}
}

@inproceedings{balog2019transparent,
  title={Transparent, scrutable and explainable user models for personalized recommendation},
  author={Balog, Krisztian and Radlinski, Filip and Arakelyan, Shushan},
  booktitle={Proceedings of the 42nd international acm sigir conference on research and development in information retrieval},
  pages={265--274},
  year={2019}
}

@article{bamman2014gender,
  title={Gender identity and lexical variation in social media},
  author={Bamman, David and Eisenstein, Jacob and Schnoebelen, Tyler},
  journal={Journal of Sociolinguistics},
  volume={18},
  number={2},
  pages={135--160},
  year={2014},
  publisher={Wiley Online Library}
}

@article{bessarab2025social,
  title={Social networks as a phenomen on of the information society},
  author={Bessarab, Anastasiia and Mitchuk, Olha and Baranetska, Anna and Kodatska, Natalia and Kvasnytsia, Olha and Mykytiv, Galyna},
    journal={DSpace},
  year={2025},

}

@article{bloedorn1998using,
  title={Using NLP for machine learning of user profiles},
  author={Bloedorn, Eric and Mani, Inderjeet},
  journal={Intelligent Data Analysis},
  volume={2},
  number={1},
  pages={3--18},
  year={1998},
  publisher={IOS Press}
}

@article{bucklin2003model,
  title={A model of web site browsing behavior estimated on clickstream data},
  author={Bucklin, Randolph E and Sismeiro, Catarina},
  journal={Journal of marketing research},
  volume={40},
  number={3},
  pages={249--267},
  year={2003},
  publisher={SAGE Publications Sage CA: Los Angeles, CA}
}

@inproceedings{chen2015comparative,
  title={A comparative study of demographic attribute inference in twitter},
  author={Chen, Xin and Wang, Yu and Agichtein, Eugene and Wang, Fusheng},
  booktitle={Proceedings of the international AAAI conference on web and social media},
  volume={9},
  pages={590--593},
  year={2015}
}

@inproceedings{ciot2013gender,
  title={Gender inference of Twitter users in non-English contexts},
  author={Ciot, Morgane and Sonderegger, Morgan and Ruths, Derek},
  booktitle={Proceedings of the 2013 conference on empirical methods in natural language processing},
  pages={1136--1145},
  year={2013}
}

@article{demszky2019analyzing,
  title={Analyzing polarization in social media: Method and application to tweets on 21 mass shootings},
  author={Demszky, Dorottya and Garg, Nikhil and Voigt, Rob and Zou, James and Gentzkow, Matthew and Shapiro, Jesse and Jurafsky, Dan},
  journal={arXiv preprint arXiv:1904.01596},
  year={2019}
}

@article{fang2015relational,
  title={Relational user attribute inference in social media},
  author={Fang, Quan and Sang, Jitao and Xu, Changsheng and Hossain, M Shamim},
  journal={IEEE Transactions on Multimedia},
  volume={17},
  number={7},
  pages={1031--1044},
  year={2015},
  publisher={IEEE}
}

@inproceedings{hettiachchi2021us,
  title={Us Vs. Them--Understanding the Impact of Homophily in Political Discussions on Twitter},
  author={Hettiachchi, Danula and Arora, Tanay and Goncalves, Jorge},
  booktitle={Human-Computer Interaction--INTERACT 2021: 18th IFIP TC 13 International Conference, Bari, Italy, August 30--September 3, 2021, Proceedings, Part IV 18},
  pages={476--497},
  year={2021},
  organization={Springer}
}

@inproceedings{liu2012using,
  title={Using social media to infer gender composition of commuter populations},
  author={Liu, Wendy and Zamal, Faiyaz and Ruths, Derek},
  booktitle={Proceedings of the International AAAI Conference on Web and Social Media},
  volume={6},
  pages={26--29},
  year={2012}
}

@inproceedings{liu2013s,
  title={Whatâ€™s in a name? using first names as features for gender inference in twitter},
  author={Liu, Wendy and Ruths, Derek},
  booktitle={2013 AAAI spring symposium series},
  year={2013}
}

@article{liu2013using,
  title={Using first names as features for gender inference in Twitter},
  author={Liu, Wendy and Ruths, Derek},
  journal={Analyzing Microtext},
  year={2013},
  publisher={AAAI Press Palo Alto, CA}
}

@inproceedings{lu2015exploiting,
  title={Exploiting user and business attributes for personalized business recommendation},
  author={Lu, Kai and Zhang, Yi and Zhang, Lanbo and Wang, Shuxin},
  booktitle={Proceedings of the 38th international ACM SIGIR conference on research and development in information retrieval},
  pages={891--894},
  year={2015}
}

@inproceedings{mac2017demographic,
  title={Demographic inference on twitter using recursive neural networks},
  author={Mac Kim, Sunghwan and Xu, Qiongkai and Qu, Lizhen and Wan, Stephen and Paris, C{\'e}cile},
  booktitle={Proceedings of the 55th Annual Meeting of the Association for Computational Linguistics (Volume 2: Short Papers)},
  pages={471--477},
  year={2017}
}

@article{middleton2004ontological,
  title={Ontological user profiling in recommender systems},
  author={Middleton, Stuart E and Shadbolt, Nigel R and De Roure, David C},
  journal={ACM Transactions on Information Systems (TOIS)},
  volume={22},
  number={1},
  pages={54--88},
  year={2004},
  publisher={ACM New York, NY, USA}
}

@article{onikoyi2023gender,
  title={Gender prediction with descriptive textual data using a machine learning approach},
  author={Onikoyi, Babatunde and Nnamoko, Nonso and Korkontzelos, Ioannis},
  journal={Natural Language Processing Journal},
  volume={4},
  pages={100018},
  year={2023},
  publisher={Elsevier}
}

@inproceedings{priadana2020gender,
  title={Gender prediction for instagram user profiling using deep learning},
  author={Priadana, Adri and Maarif, Muhammad Rifqi and Habibi, Muhammad},
  booktitle={2020 international conference on decision aid sciences and application (DASA)},
  pages={432--436},
  year={2020},
  organization={IEEE}
}

@inproceedings{rao2010classifying,
  title={Classifying latent user attributes in twitter},
  author={Rao, Delip and Yarowsky, David and Shreevats, Abhishek and Gupta, Manaswi},
  booktitle={Proceedings of the 2nd international workshop on Search and mining user-generated contents},
  pages={37--44},
  year={2010}
}

@inproceedings{rosenthal2011age,
  title={Age prediction in blogs: A study of style, content, and online behavior in pre-and post-social media generations},
  author={Rosenthal, Sara and McKeown, Kathleen},
  booktitle={Proceedings of the 49th annual meeting of the association for computational linguistics: human language technologies},
  pages={763--772},
  year={2011}
}

@inproceedings{sakaki2014twitter,
  title={Twitter user gender inference using combined analysis of text and image processing},
  author={Sakaki, Shigeyuki and Miura, Yasuhide and Ma, Xiaojun and Hattori, Keigo and Ohkuma, Tomoko},
  booktitle={proceedings of the Third Workshop on Vision and Language},
  pages={54--61},
  year={2014}
}

@inproceedings{sap2014developing,
  title={Developing age and gender predictive lexica over social media},
  author={Sap, Maarten and Park, Gregory and Eichstaedt, Johannes and Kern, Margaret and Stillwell, David and Kosinski, Michal and Ungar, Lyle and Schwartz, H Andrew},
  booktitle={Proceedings of the 2014 conference on empirical methods in natural language processing (EMNLP)},
  pages={1146--1151},
  year={2014}
}

@article{shah2021marketing,
  title={Marketing in a data-driven digital world: Implications for the role and scope of marketing},
  author={Shah, Denish and Murthi, BPS},
  journal={Journal of Business Research},
  volume={125},
  pages={772--779},
  year={2021},
  publisher={Elsevier}
}

@inproceedings{shen2005implicit,
  title={Implicit user modeling for personalized search},
  author={Shen, Xuehua and Tan, Bin and Zhai, ChengXiang},
  booktitle={Proceedings of the 14th ACM international conference on Information and knowledge management},
  pages={824--831},
  year={2005}
}

@inproceedings{tang2015learning,
  title={Learning semantic representations of users and products for document level sentiment classification},
  author={Tang, Duyu and Qin, Bing and Liu, Ting},
  booktitle={Proceedings of the 53rd annual meeting of the Association for Computational Linguistics and the 7th international joint conference on natural language processing (volume 1: long papers)},
  pages={1014--1023},
  year={2015}
}

@article{wu2024understanding,
  title={Understanding the Role of User Profile in the Personalization of Large Language Models},
  author={Wu, Bin and Shi, Zhengyan and Rahmani, Hossein A and Ramineni, Varsha and Yilmaz, Emine},
  journal={arXiv preprint arXiv:2406.17803},
  year={2024}
}

@inproceedings{yao2020employing,
  title={Employing personal word embeddings for personalized search},
  author={Yao, Jing and Dou, Zhicheng and Wen, Ji-Rong},
  booktitle={Proceedings of the 43rd international ACM SIGIR conference on research and development in information retrieval},
  pages={1359--1368},
  year={2020}
}

@inproceedings{zhu2008impact,
  title={The impact of history length on personalized search},
  author={Zhu, Yangbo and Callan, Jamie and Carbonell, Jaime},
  booktitle={Proceedings of the 31st Annual International ACM SIGIR Conference on Research and Development in information retrieval},
  pages={715--716},
  year={2008}
}

