@article{GaussTR,
    title = {GaussTR: Foundation Model-Aligned Gaussian Transformer for Self-Supervised 3D Spatial Understanding},
    author = {Haoyi Jiang and Liu Liu and Tianheng Cheng and Xinjie Wang and Tianwei Lin and Zhizhong Su and Wenyu Liu and Xinggang Wang},
    year = 2024,
    journal = {arXiv preprint arXiv:2412.13193}
}

@InProceedings{Liu_2019_CVPR, author = {Liu, Liu and Li, Hongdong}, title = {Lending Orientation to Neural Networks for Cross-view Geo-localization}, booktitle = {The IEEE Conference on Computer Vision and Pattern Recognition (CVPR)}, month = {June}, year = {2019} }

@InProceedings{Zhu_2022_CVPR,
    author    = {Zhu, Sijie and Shah, Mubarak and Chen, Chen},
    title     = {TransGeo: Transformer Is All You Need for Cross-View Image Geo-Localization},
    booktitle = {Proceedings of the IEEE/CVF Conference on Computer Vision and Pattern Recognition (CVPR)},
    month     = {June},
    year      = {2022},
    pages     = {1162-1171}
}

@article{cai2024baking,
  title={Baking gaussian splatting into diffusion denoiser for fast and scalable single-stage image-to-3d generation},
  author={Cai, Yuanhao and Zhang, He and Zhang, Kai and Liang, Yixun and Ren, Mengwei and Luan, Fujun and Liu, Qing and Kim, Soo Ye and Zhang, Jianming and Zhang, Zhifei and others},
  journal={arXiv preprint arXiv:2411.14384},
  year={2024}
}

@misc{chen2024splatformer,
    title={SplatFormer: Point Transformer for Robust 3D Gaussian Splatting}, 
    author={Yutong Chen and Marko Mihajlovic and Xiyi Chen and Yiming Wang and Sergey Prokudin and Siyu Tang},
    year={2024},
    eprint={2411.06390},
    archivePrefix={arXiv},
    primaryClass={cs.CV},
    url={https://arxiv.org/abs/2411.06390}, 
}

@article{fervers2022uncertainty,
  title={Uncertainty-aware Vision-based Metric Cross-view Geolocalization},
  author={Fervers, Florian and Bullinger, Sebastian and Bodensteiner, Christoph and Arens, Michael and Stiefelhagen, Rainer},
  journal={arXiv preprint arXiv:2211.12145},
  year={2022}
}

@inproceedings{harley2023simple,
  title={Simple-BEV: What really matters for multi-sensor bev perception?},
  author={Harley, Adam W and Fang, Zhaoyuan and Li, Jie and Ambrus, Rares and Fragkiadaki, Katerina},
  booktitle={2023 IEEE International Conference on Robotics and Automation (ICRA)},
  pages={2759--2765},
  year={2023},
  organization={IEEE}
}

@article{hong2023lrm,
  title={Lrm: Large reconstruction model for single image to 3d},
  author={Hong, Yicong and Zhang, Kai and Gu, Jiuxiang and Bi, Sai and Zhou, Yang and Liu, Difan and Liu, Feng and Sunkavalli, Kalyan and Bui, Trung and Tan, Hao},
  journal={arXiv preprint arXiv:2311.04400},
  year={2023}
}

@article{kerbl20233d,
  title={3D Gaussian splatting for real-time radiance field rendering.},
  author={Kerbl, Bernhard and Kopanas, Georgios and Leimk{\"u}hler, Thomas and Drettakis, George},
  journal={ACM Trans. Graph.},
  volume={42},
  number={4},
  pages={139--1},
  year={2023}
}

@inproceedings{lentsch2023slicematch,
  title={SliceMatch: Geometry-guided Aggregation for Cross-View Pose Estimation},
  author={Lentsch, Ted and Xia, Zimin and Caesar, Holger and Kooij, Julian FP},
  booktitle={Proceedings of the IEEE/CVF Conference on Computer Vision and Pattern Recognition},
  pages={17225--17234},
  year={2023}
}

@article{li2022bevformer,
  title={BEVFormer: Learning Bird's-Eye-View Representation from Multi-Camera Images via Spatiotemporal Transformers},
  author={Li, Zhiqi and Wang, Wenhai and Li, Hongyang and Xie, Enze and Sima, Chonghao and Lu, Tong and Yu, Qiao and Dai, Jifeng},
  journal={arXiv preprint arXiv:2203.17270},
  year={2022}
}

@inproceedings{lin2013cross,
  title={Cross-view image geolocalization},
  author={Lin, Tsung-Yi and Belongie, Serge and Hays, James},
  booktitle={Proceedings of the IEEE Conference on Computer Vision and Pattern Recognition},
  pages={891--898},
  year={2013}
}

@inproceedings{lin2024rcbevdet,
  title={RCBEVDet: Radar-camera Fusion in Bird's Eye View for 3D Object Detection},
  author={Lin, Zhiwei and Liu, Zhe and Xia, Zhongyu and Wang, Xinhao and Wang, Yongtao and Qi, Shengxiang and Dong, Yang and Dong, Nan and Zhang, Le and Zhu, Ce},
  booktitle={Proceedings of the IEEE/CVF Conference on Computer Vision and Pattern Recognition},
  pages={14928--14937},
  year={2024}
}

@inproceedings{liu2025seed,
  title={SEED: A Simple and Effective 3D DETR in Point Clouds},
  author={Liu, Zhe and Hou, Jinghua and Ye, Xiaoqing and Wang, Tong and Wang, Jingdong and Bai, Xiang},
  booktitle={European Conference on Computer Vision},
  pages={110--126},
  year={2025},
  organization={Springer}
}

@article{mildenhall2021nerf,
  title={Nerf: Representing scenes as neural radiance fields for view synthesis},
  author={Mildenhall, Ben and Srinivasan, Pratul P and Tancik, Matthew and Barron, Jonathan T and Ramamoorthi, Ravi and Ng, Ren},
  journal={Communications of the ACM},
  volume={65},
  number={1},
  pages={99--106},
  year={2021},
  publisher={ACM New York, NY, USA}
}

@inproceedings{mu2025gsd,
  title={Gsd: View-guided gaussian splatting diffusion for 3d reconstruction},
  author={Mu, Yuxuan and Zuo, Xinxin and Guo, Chuan and Wang, Yilin and Lu, Juwei and Wu, Xiaofeng and Xu, Songcen and Dai, Peng and Yan, Youliang and Cheng, Li},
  booktitle={European Conference on Computer Vision},
  pages={55--72},
  year={2025},
  organization={Springer}
}

@inproceedings{qin2023supfusion,
  title={SupFusion: Supervised LiDAR-camera fusion for 3D object detection},
  author={Qin, Yiran and Wang, Chaoqun and Kang, Zijian and Ma, Ningning and Li, Zhen and Zhang, Ruimao},
  booktitle={Proceedings of the IEEE/CVF International Conference on Computer Vision},
  pages={22014--22024},
  year={2023}
}

@inproceedings{regmi2018cross,
  title={Cross-view image synthesis using conditional gans},
  author={Regmi, Krishna and Borji, Ali},
  booktitle={Proceedings of the IEEE Conference on Computer Vision and Pattern Recognition},
  pages={3501--3510},
  year={2018}
}

@inproceedings{reiher2020sim2real,
  title={A sim2real deep learning approach for the transformation of images from multiple vehicle-mounted cameras to a semantically segmented image in bird’s eye view},
  author={Reiher, Lennart and Lampe, Bastian and Eckstein, Lutz},
  booktitle={2020 IEEE 23rd International Conference on Intelligent Transportation Systems (ITSC)},
  pages={1--7},
  year={2020},
  organization={IEEE}
}

@misc{rombach2021highresolution,
      title={High-Resolution Image Synthesis with Latent Diffusion Models}, 
      author={Robin Rombach and Andreas Blattmann and Dominik Lorenz and Patrick Esser and Björn Ommer},
      year={2021},
      eprint={2112.10752},
      archivePrefix={arXiv},
      primaryClass={cs.CV}
}

@inproceedings{sarlin2023orienternet,
  title={OrienterNet: Visual Localization in 2D Public Maps with Neural Matching},
  author={Sarlin, Paul-Edouard and DeTone, Daniel and Yang, Tsun-Yi and Avetisyan, Armen and Straub, Julian and Malisiewicz, Tomasz and Bul{\`o}, Samuel Rota and Newcombe, Richard and Kontschieder, Peter and Balntas, Vasileios},
  booktitle={Proceedings of the IEEE/CVF Conference on Computer Vision and Pattern Recognition},
  pages={21632--21642},
  year={2023}
}

@inproceedings{shi2019spatial,
  title={Spatial-Aware Feature Aggregation for Image based Cross-View Geo-Localization},
  author={Shi, Yujiao and Liu, Liu and Yu, Xin and Li, Hongdong},
  booktitle={Advances in Neural Information Processing Systems},
  pages={10090--10100},
  year={2019}
}

@inproceedings{shi2020optimal,
  title={Optimal Feature Transport for Cross-View Image Geo-Localization.},
  author={Shi, Yujiao and Yu, Xin and Liu, Liu and Zhang, Tong and Li, Hongdong},
  booktitle={AAAI},
  pages={11990--11997},
  year={2020}
}

@inproceedings{shi2022beyond,
  title={Beyond Cross-view Image Retrieval: Highly Accurate Vehicle Localization Using Satellite Image},
  author={Shi, Yujiao and Li, Hongdong},
  booktitle={Proceedings of the IEEE/CVF Conference on Computer Vision and Pattern Recognition},
  pages={17010--17020},
  year={2022}
}

@article{shi2023boosting,
  title={Boosting 3-DoF Ground-to-Satellite Camera Localization Accuracy via Geometry-Guided Cross-View Transformer},
  author={Shi, Yujiao and Wu, Fei and Perincherry, Akhil and Vora, Ankit and Li, Hongdong},
  journal={arXiv preprint arXiv:2307.08015},
  year={2023}
}

@inproceedings{shi2024weakly,
  title={Weakly-supervised Camera Localization by Ground-to-satellite Image Registration},
  author={Shi, Yujiao and Li, Hongdong and Perincherry, Akhil and Vora, Ankit},
  booktitle={European Conference on Computer Vision},
  pages={39--57},
  year={2024},
  organization={Springer}
}

@article{wang2024fine,
  title={Fine-Grained Cross-View Geo-Localization Using a Correlation-Aware Homography Estimator},
  author={Wang, Xiaolong and Xu, Runsen and Cui, Zhuofan and Wan, Zeyu and Zhang, Yu},
  journal={Advances in Neural Information Processing Systems},
  volume={36},
  year={2024}
}

@inproceedings{wang2024view,
  title={View From Above: Orthogonal-View aware Cross-view Localization},
  author={Wang, Shan and Nguyen, Chuong and Liu, Jiawei and Zhang, Yanhao and Muthu, Sundaram and Maken, Fahira Afzal and Zhang, Kaihao and Li, Hongdong},
  booktitle={Proceedings of the IEEE/CVF Conference on Computer Vision and Pattern Recognition},
  pages={14843--14852},
  year={2024}
}

@inproceedings{wewer2025latentsplat,
  title={latentsplat: Autoencoding variational gaussians for fast generalizable 3d reconstruction},
  author={Wewer, Christopher and Raj, Kevin and Ilg, Eddy and Schiele, Bernt and Lenssen, Jan Eric},
  booktitle={European Conference on Computer Vision},
  pages={456--473},
  year={2025},
  organization={Springer}
}

@inproceedings{xia2022visual,
  title={Visual Cross-View Metric Localization with Dense Uncertainty Estimates},
  author={Xia, Zimin and Booij, Olaf and Manfredi, Marco and Kooij, Julian FP},
  booktitle={European Conference on Computer Vision},
  pages={90--106},
  year={2022},
  organization={Springer}
}

@inproceedings{xia2024adapting,
  title={Adapting Fine-Grained Cross-View Localization to Areas without Fine Ground Truth},
  author={Xia, Zimin and Shi, Yujiao and Li, Hongdong and Kooij, Julian FP},
  booktitle={Proceedings of the European Conference on Computer Vision (ECCV)},
  year={2024}
}

@article{yang2021cross,
  title={Cross-view geo-localization with layer-to-layer transformer},
  author={Yang, Hongji and Lu, Xiufan and Zhu, Yingying},
  journal={Advances in Neural Information Processing Systems},
  volume={34},
  pages={29009--29020},
  year={2021}
}

@article{yang2023parametric,
  title={Parametric Depth Based Feature Representation Learning for Object Detection and Segmentation in Bird’s-Eye View},
  author={Yang, Jiayu and Xie, Enze and Liu, Miaomiao and Alvarez, Jose M},
  journal={ICCV},
  year={2023}
}

@article{zhou2024diffgs,
  title={Diffgs: Functional gaussian splatting diffusion},
  author={Zhou, Junsheng and Zhang, Weiqi and Liu, Yu-Shen},
  journal={arXiv preprint arXiv:2410.19657},
  year={2024}
}

@inproceedings{zhou2024feature,
  title={Feature 3dgs: Supercharging 3d gaussian splatting to enable distilled feature fields},
  author={Zhou, Shijie and Chang, Haoran and Jiang, Sicheng and Fan, Zhiwen and Zhu, Zehao and Xu, Dejia and Chari, Pradyumna and You, Suya and Wang, Zhangyang and Kadambi, Achuta},
  booktitle={Proceedings of the IEEE/CVF Conference on Computer Vision and Pattern Recognition},
  pages={21676--21685},
  year={2024}
}

@inproceedings{zhu2021vigor,
  title={VIGOR: Cross-View Image Geo-localization beyond One-to-one Retrieval},
  author={Zhu, Sijie and Yang, Taojiannan and Chen, Chen},
  booktitle={Proceedings of the IEEE/CVF Conference on Computer Vision and Pattern Recognition},
  pages={3640--3649},
  year={2021}
}

