@inproceedings{charatan2024pixelsplat,
  title={pixelsplat: 3d gaussian splats from image pairs for scalable generalizable 3d reconstruction},
  author={Charatan, David and Li, Sizhe Lester and Tagliasacchi, Andrea and Sitzmann, Vincent},
  booktitle={Proceedings of the IEEE/CVF Conference on Computer Vision and Pattern Recognition},
  pages={19457--19467},
  year={2024}
}

@article{yang2024depth,
  title={Depth Anything V2},
  author={Yang, Lihe and Kang, Bingyi and Huang, Zilong and Zhao, Zhen and Xu, Xiaogang and Feng, Jiashi and Zhao, Hengshuang},
  journal={arXiv preprint arXiv:2406.09414},
  year={2024}
}

@inproceedings{yue2025improving,
  title={Improving 2d feature representations by 3d-aware fine-tuning},
  author={Yue, Yuanwen and Das, Anurag and Engelmann, Francis and Tang, Siyu and Lenssen, Jan Eric},
  booktitle={European Conference on Computer Vision},
  pages={57--74},
  year={2025},
  organization={Springer}
}

@inproceedings{zhou2024feature,
  title={Feature 3dgs: Supercharging 3d gaussian splatting to enable distilled feature fields},
  author={Zhou, Shijie and Chang, Haoran and Jiang, Sicheng and Fan, Zhiwen and Zhu, Zehao and Xu, Dejia and Chari, Pradyumna and You, Suya and Wang, Zhangyang and Kadambi, Achuta},
  booktitle={Proceedings of the IEEE/CVF Conference on Computer Vision and Pattern Recognition},
  pages={21676--21685},
  year={2024}
}

@inproceedings{wewer2025latentsplat,
  title={latentsplat: Autoencoding variational gaussians for fast generalizable 3d reconstruction},
  author={Wewer, Christopher and Raj, Kevin and Ilg, Eddy and Schiele, Bernt and Lenssen, Jan Eric},
  booktitle={European Conference on Computer Vision},
  pages={456--473},
  year={2025},
  organization={Springer}
}

@inproceedings{ranftl2021vision,
  title={Vision transformers for dense prediction},
  author={Ranftl, Ren{\'e} and Bochkovskiy, Alexey and Koltun, Vladlen},
  booktitle={Proceedings of the IEEE/CVF international conference on computer vision},
  pages={12179--12188},
  year={2021}
}

@article{oquab2023dinov2,
  title={Dinov2: Learning robust visual features without supervision},
  author={Oquab, Maxime and Darcet, Timoth{\'e}e and Moutakanni, Th{\'e}o and Vo, Huy and Szafraniec, Marc and Khalidov, Vasil and Fernandez, Pierre and Haziza, Daniel and Massa, Francisco and El-Nouby, Alaaeldin and others},
  journal={arXiv preprint arXiv:2304.07193},
  year={2023}
}

@article{simonyan2014very,
  title={Very deep convolutional networks for large-scale image recognition},
  author={Simonyan, Karen},
  journal={arXiv preprint arXiv:1409.1556},
  year={2014}
}

@article{kerbl20233d,
  title={3D Gaussian splatting for real-time radiance field rendering.},
  author={Kerbl, Bernhard and Kopanas, Georgios and Leimk{\"u}hler, Thomas and Drettakis, George},
  journal={ACM Trans. Graph.},
  volume={42},
  number={4},
  pages={139--1},
  year={2023}
}

@article{bradski2008learning,
  title={Learning OpenCV: Computer vision with the OpenCV library},
  author={Bradski, Gary},
  journal={O'REILLY google schola},
  volume={2},
  pages={334--352},
  year={2008}
}

@inproceedings{zhang2018perceptual,
  title={The Unreasonable Effectiveness of Deep Features as a Perceptual Metric},
  author={Zhang, Richard and Isola, Phillip and Efros, Alexei A and Shechtman, Eli and Wang, Oliver},
  booktitle={CVPR},
  year={2018}
}
@inproceedings{zhu2021vigor,
  title={VIGOR: Cross-View Image Geo-localization beyond One-to-one Retrieval},
  author={Zhu, Sijie and Yang, Taojiannan and Chen, Chen},
  booktitle={Proceedings of the IEEE/CVF Conference on Computer Vision and Pattern Recognition},
  pages={3640--3649},
  year={2021}
}
@inproceedings{workman2015localize,
  annotation = {spotlight,ugrad,dataset_cvusa,waldo,nvidia,remote_sensing,social_media,localization},
  author = {Workman, Scott and Souvenir, Richard and Jacobs, Nathan},
  booktitle = {IEEE International Conference on Computer Vision (ICCV)},
  code = {https://github.com/scottworkman/deeplyfound},
  pages = {1--9},
  pdf = {http://www.cv-foundation.org/openaccess/content_iccv_2015/papers/Workman_Wide-Area_Image_Geolocalization_ICCV_2015_paper.pdf},
  project = {http://cs.uky.edu/%7escott/research/deeplyfound/},
  thumbnail = {/thumbnails/crossview.jpg},
  title = {Wide-Area Image Geolocalization with Aerial Reference Imagery},
  doi = {10.1109/ICCV.2015.451},
  note = {Acceptance rate: 30.3\%},
  year = {2015}
}
@InProceedings{Liu_2019_CVPR, author = {Liu, Liu and Li, Hongdong}, title = {Lending Orientation to Neural Networks for Cross-view Geo-localization}, booktitle = {The IEEE Conference on Computer Vision and Pattern Recognition (CVPR)}, month = {June}, year = {2019} }

@inproceedings{depth_anything_v1,
  title={Depth Anything: Unleashing the Power of Large-Scale Unlabeled Data}, 
  author={Yang, Lihe and Kang, Bingyi and Huang, Zilong and Xu, Xiaogang and Feng, Jiashi and Zhao, Hengshuang},
  booktitle={CVPR},
  year={2024}
}
@inproceedings{monodepth17,
  title     = {Unsupervised Monocular Depth Estimation with Left-Right Consistency},
  author    = {Cl{\'{e}}ment Godard and
               Oisin {Mac Aodha} and
               Gabriel J. Brostow},
  booktitle = {CVPR},
  year = {2017}
}
@inproceedings{SunSC21,
  author    = {Cheng Sun and
               Min Sun and
               Hwann{-}Tzong Chen},
  title     = {HoHoNet: 360 Indoor Holistic Understanding With Latent Horizontal
               Features},
  booktitle = {CVPR},
  year      = {2021},
}
@InProceedings{Pintore:2021:SDD,
    author = {Giovanni Pintore and Marco Agus and Eva Almansa and Jens Schneider and Enrico Gobbetti},
    title = {{SliceNet}: deep dense depth estimation from a single indoor panorama using a slice-based representation},
    booktitle = {Proceedings of the IEEE/CVF Conference on Computer Vision and Pattern Recognition (CVPR)},
    month     = {June},
    year      = {2021},
    pages     = {11536-11545},
}
@article{jiang2021unifuse,
      title={UniFuse: Unidirectional Fusion for 360$^{\circ}$ Panorama Depth Estimation}, 
      author={Hualie Jiang and Zhe Sheng and Siyu Zhu and Zilong Dong and Rui Huang},
	  journal={IEEE Robotics and Automation Letters},
	  year={2021},
	  publisher={IEEE}
}
@InProceedings{Peng_2023_WACV,
author = {Peng, Chi-Han and Zhang, Jiayao},
title = {High-Resolution Depth Estimation for 360deg Panoramas Through Perspective and Panoramic Depth Images Registration},
booktitle = {Proceedings of the IEEE/CVF Winter Conference on Applications of Computer Vision (WACV)},
month = {January},
year = {2023},
pages = {3116-3125}
}
@inproceedings{rey2022360monodepth,
  title={360monodepth: High-resolution 360deg monocular depth estimation},
  author={Rey-Area, Manuel and Yuan, Mingze and Richardt, Christian},
  booktitle={Proceedings of the IEEE/CVF Conference on Computer Vision and Pattern Recognition},
  pages={3762--3772},
  year={2022}
}


@article{song2024learning,
  title={Learning Dense Flow Field for Highly-accurate Cross-view Camera Localization},
  author={Song, Zhenbo and Lu, Jianfeng and Shi, Yujiao and others},
  journal={Advances in Neural Information Processing Systems},
  volume={36},
  year={2024}
}

@article{wang2024fine,
  title={Fine-Grained Cross-View Geo-Localization Using a Correlation-Aware Homography Estimator},
  author={Wang, Xiaolong and Xu, Runsen and Cui, Zhuofan and Wan, Zeyu and Zhang, Yu},
  journal={Advances in Neural Information Processing Systems},
  volume={36},
  year={2024}
}

@inproceedings{Hu_2018_CVPR,
author = {Hu, Sixing and Feng, Mengdan and Nguyen, Rang M. H. and Hee Lee, Gim},
title = {CVM-Net: Cross-View Matching Network for Image-Based Ground-to-Aerial Geo-Localization},
booktitle = {The IEEE Conference on Computer Vision and Pattern Recognition (CVPR)},
month = {June},
year = {2018}
}

@inproceedings{workman2015wide,
  title={Wide-area image geolocalization with aerial reference imagery},
  author={Workman, Scott and Souvenir, Richard and Jacobs, Nathan},
  booktitle={Proceedings of the IEEE International Conference on Computer Vision},
  pages={3961--3969},
  year={2015}
}

@inproceedings{workman2015location,
  title={On the location dependence of convolutional neural network features},
  author={Workman, Scott and Jacobs, Nathan},
  booktitle={Proceedings of the IEEE Conference on Computer Vision and Pattern Recognition Workshops},
  pages={70--78},
  year={2015}
}

@inproceedings{vo2016localizing,
  title={Localizing and orienting street views using overhead imagery},
  author={Vo, Nam N and Hays, James},
  booktitle={European Conference on Computer Vision},
  pages={494--509},
  year={2016},
  organization={Springer}
}

@inproceedings{arandjelovic2016netvlad,
  title={NetVLAD: CNN architecture for weakly supervised place recognition},
  author={Arandjelovic, Relja and Gronat, Petr and Torii, Akihiko and Pajdla, Tomas and Sivic, Josef},
  booktitle={Proceedings of the IEEE Conference on Computer Vision and Pattern Recognition},
  pages={5297--5307},
  year={2016}
}

@inproceedings{zhai2017predicting,
  title={Predicting ground-level scene layout from aerial imagery},
  author={Zhai, Menghua and Bessinger, Zachary and Workman, Scott and Jacobs, Nathan},
  booktitle={IEEE Conference on Computer Vision and Pattern Recognition},
  volume={3},
  year={2017}
}

@inproceedings{castaldo2015semantic,
  title={Semantic cross-view matching},
  author={Castaldo, Francesco and Zamir, Amir and Angst, Roland and Palmieri, Francesco and Savarese, Silvio},
  booktitle={Proceedings of the IEEE International Conference on Computer Vision Workshops},
  pages={9--17},
  year={2015}
}

@inproceedings{lin2013cross,
  title={Cross-view image geolocalization},
  author={Lin, Tsung-Yi and Belongie, Serge and Hays, James},
  booktitle={Proceedings of the IEEE Conference on Computer Vision and Pattern Recognition},
  pages={891--898},
  year={2013}
}

@article{mousavian2016semantic,
  title={Semantic image based geolocation given a map},
  author={Mousavian, Arsalan and Kosecka, Jana},
  journal={arXiv preprint arXiv:1609.00278},
  year={2016}
}

@article{russakovsky2015imagenet,
  title={Imagenet large scale visual recognition challenge},
  author={Russakovsky, Olga and Deng, Jia and Su, Hao and Krause, Jonathan and Satheesh, Sanjeev and Ma, Sean and Huang, Zhiheng and Karpathy, Andrej and Khosla, Aditya and Bernstein, Michael and others},
  journal={International Journal of Computer Vision},
  volume={115},
  number={3},
  pages={211--252},
  year={2015},
  publisher={Springer}
}


@inproceedings{zhou2014learning,
  title={Learning deep features for scene recognition using places database},
  author={Zhou, Bolei and Lapedriza, Agata and Xiao, Jianxiong and Torralba, Antonio and Oliva, Aude},
  booktitle={Advances in neural information processing systems},
  pages={487--495},
  year={2014}
}

@inproceedings{sivic2003video,
  title={Video Google: A text retrieval approach to object matching in videos},
  author={Sivic, Josef and Zisserman, Andrew},
  booktitle={null},
  pages={1470},
  year={2003},
  organization={IEEE}
}

@incollection{sivic2006video,
  title={Video Google: Efficient visual search of videos},
  author={Sivic, Josef and Zisserman, Andrew},
  booktitle={Toward category-level object recognition},
  pages={127--144},
  year={2006},
  publisher={Springer}
}

@inproceedings{jegou2010aggregating,
  title={Aggregating local descriptors into a compact image representation},
  author={J{\'e}gou, Herv{\'e} and Douze, Matthijs and Schmid, Cordelia and P{\'e}rez, Patrick},
  booktitle={Computer Vision and Pattern Recognition (CVPR), 2010 IEEE Conference on},
  pages={3304--3311},
  year={2010},
  organization={IEEE}
}


@article{ng2003sift,
  title={SIFT: Predicting amino acid changes that affect protein function},
  author={Ng, Pauline C and Henikoff, Steven},
  journal={Nucleic acids research},
  volume={31},
  number={13},
  pages={3812--3814},
  year={2003},
  publisher={Oxford University Press}
}

@inproceedings{bay2006surf,
  title={Surf: Speeded up robust features},
  author={Bay, Herbert and Tuytelaars, Tinne and Van Gool, Luc},
  booktitle={European conference on computer vision},
  pages={404--417},
  year={2006},
  organization={Springer}
}

@inproceedings{nister2006scalable,
  title={Scalable recognition with a vocabulary tree},
  author={Nister, David and Stewenius, Henrik},
  booktitle={2006 IEEE Computer Society Conference on Computer Vision and Pattern Recognition (CVPR'06)},
  volume={2},
  pages={2161--2168},
  year={2006},
  organization={Ieee}
}

@inproceedings{krizhevsky2012imagenet,
  title={Imagenet classification with deep convolutional neural networks},
  author={Krizhevsky, Alex and Sutskever, Ilya and Hinton, Geoffrey E},
  booktitle={Advances in neural information processing systems},
  pages={1097--1105},
  year={2012}
}


@article{lee2015m,
  title={Why M heads are better than one: Training a diverse ensemble of deep networks},
  author={Lee, Stefan and Purushwalkam, Senthil and Cogswell, Michael and Crandall, David and Batra, Dhruv},
  journal={arXiv preprint arXiv:1511.06314},
  year={2015}
}

@inproceedings{guzman2012multiple,
  title={Multiple choice learning: Learning to produce multiple structured outputs},
  author={Guzman-Rivera, Abner and Batra, Dhruv and Kohli, Pushmeet},
  booktitle={Advances in Neural Information Processing Systems},
  pages={1799--1807},
  year={2012}
}

@inproceedings{guzman2014efficiently,
  title={Efficiently enforcing diversity in multi-output structured prediction},
  author={Guzman-Rivera, Abner and Kohli, Pushmeet and Batra, Dhruv and Rutenbar, Rob},
  booktitle={Artificial Intelligence and Statistics},
  pages={284--292},
  year={2014}
}

@inproceedings{guzman2014multi,
  title={Multi-output learning for camera relocalization},
  author={Guzman-Rivera, Abner and Kohli, Pushmeet and Glocker, Ben and Shotton, Jamie and Sharp, Toby and Fitzgibbon, Andrew and Izadi, Shahram},
  booktitle={Proceedings of the IEEE Conference on Computer Vision and Pattern Recognition},
  pages={1114--1121},
  year={2014}
}

@inproceedings{rupprecht2017learning,
  title={Learning in an uncertain world: Representing ambiguity through multiple hypotheses},
  author={Rupprecht, Christian and Laina, Iro and DiPietro, Robert and Baust, Maximilian and Tombari, Federico and Navab, Nassir and Hager, Gregory D},
  booktitle={Proceedings of the IEEE International Conference on Computer Vision},
  pages={3591--3600},
  year={2017}
}

@inproceedings{ilg2018uncertainty,
  title={Uncertainty estimates and multi-hypotheses networks for optical flow},
  author={Ilg, Eddy and Cicek, Ozgun and Galesso, Silvio and Klein, Aaron and Makansi, Osama and Hutter, Frank and Brox, Thomas},
  booktitle={Proceedings of the European Conference on Computer Vision (ECCV)},
  pages={652--667},
  year={2018}
}

@inproceedings{kohl2018probabilistic,
  title={A probabilistic u-net for segmentation of ambiguous images},
  author={Kohl, Simon and Romera-Paredes, Bernardino and Meyer, Clemens and De Fauw, Jeffrey and Ledsam, Joseph R and Maier-Hein, Klaus and Eslami, SM Ali and Rezende, Danilo Jimenez and Ronneberger, Olaf},
  booktitle={Advances in Neural Information Processing Systems},
  pages={6965--6975},
  year={2018}
}

@inproceedings{deng2009imagenet,
  title={Imagenet: A large-scale hierarchical image database},
  author={Deng, Jia and Dong, Wei and Socher, Richard and Li, Li-Jia and Li, Kai and Fei-Fei, Li},
  booktitle={2009 IEEE conference on computer vision and pattern recognition},
  pages={248--255},
  year={2009},
  organization={Ieee}
}

@article{girija2016tensorflow,
  title={Tensorflow: Large-scale machine learning on heterogeneous distributed systems},
  author={Girija, Sanjay Surendranath},
  journal={Software available from tensorflow. org},
  year={2016}
}

@article{kingma2014adam,
  title={Adam: A method for stochastic optimization},
  author={Kingma, Diederik P and Ba, Jimmy},
  journal={arXiv preprint arXiv:1412.6980},
  year={2014}
}

@article{Tai2019EquivariantTN,
  title={Equivariant Transformer Networks},
  author={Kai Sheng Tai and Peter Bailis and Gregory Valiant},
  journal={CoRR},
  year={2019},
  volume={abs/1901.11399}
}

@inproceedings{lazebnik2006beyond,
  title={Beyond bags of features: Spatial pyramid matching for recognizing natural scene categories},
  author={Lazebnik, Svetlana and Schmid, Cordelia and Ponce, Jean},
  booktitle={2006 IEEE Computer Society Conference on Computer Vision and Pattern Recognition (CVPR'06)},
  volume={2},
  pages={2169--2178},
  year={2006},
  organization={IEEE}
}

@inproceedings{zeiler2014visualizing,
  title={Visualizing and understanding convolutional networks},
  author={Zeiler, Matthew D and Fergus, Rob},
  booktitle={European conference on computer vision},
  pages={818--833},
  year={2014},
  organization={Springer}
}

@inproceedings{jaderberg2015spatial,
  title={Spatial transformer networks},
  author={Jaderberg, Max and Simonyan, Karen and Zisserman, Andrew and others},
  booktitle={Advances in neural information processing systems},
  pages={2017--2025},
  year={2015}
}

@article{esteves2018polar,
title={Polar Transformer Networks},
author={Carlos Esteves, Christine Allen-Blanchette, Xiaowei Zhou, Kostas Daniilidis},
journal={International Conference on Learning Representations},
year={2018},
url={https://openreview.net/forum?id=HktRlUlAZ},
note={accepted as poster},
}

@article{Simonyan2014VeryDC,
  title={Very Deep Convolutional Networks for Large-Scale Image Recognition},
  author={Karen Simonyan and Andrew Zisserman},
  journal={CoRR},
  year={2014},
  volume={abs/1409.1556}
}

@inproceedings{shi2020optimal,
  title={Optimal Feature Transport for Cross-View Image Geo-Localization.},
  author={Shi, Yujiao and Yu, Xin and Liu, Liu and Zhang, Tong and Li, Hongdong},
  booktitle={AAAI},
  pages={11990--11997},
  year={2020}
}

@InProceedings{Regmi_2019_ICCV,
author = {Regmi, Krishna and Shah, Mubarak},
title = {Bridging the Domain Gap for Ground-to-Aerial Image Matching},
booktitle = {The IEEE International Conference on Computer Vision (ICCV)},
month = {October},
year = {2019}
}


@inproceedings{kim2017learned,
  title={Learned contextual feature reweighting for image geo-localization},
  author={Kim, Hyo Jin and Dunn, Enrique and Frahm, Jan-Michael},
  booktitle={2017 IEEE Conference on Computer Vision and Pattern Recognition (CVPR)},
  pages={3251--3260},
  year={2017},
  organization={IEEE}
}



@inproceedings{cohen2016group,
  title={Group equivariant convolutional networks},
  author={Cohen, Taco and Welling, Max},
  booktitle={International conference on machine learning},
  pages={2990--2999},
  year={2016}
  
  
}

@inproceedings{lenc2015understanding,
  title={Understanding image representations by measuring their equivariance and equivalence},
  author={Lenc, Karel and Vedaldi, Andrea},
  booktitle={Proceedings of the IEEE conference on computer vision and pattern recognition},
  pages={991--999},
  year={2015}
}


@inproceedings{worrall2017harmonic,
  title={Harmonic networks: Deep translation and rotation equivariance},
  author={Worrall, Daniel E and Garbin, Stephan J and Turmukhambetov, Daniyar and Brostow, Gabriel J},
  booktitle={Proceedings of the IEEE Conference on Computer Vision and Pattern Recognition},
  pages={5028--5037},
  year={2017}
}

@inproceedings{zhou2017oriented,
  title={Oriented response networks},
  author={Zhou, Yanzhao and Ye, Qixiang and Qiu, Qiang and Jiao, Jianbin},
  booktitle={Proceedings of the IEEE Conference on Computer Vision and Pattern Recognition},
  pages={519--528},
  year={2017}
}

@inproceedings{marcos2017rotation,
  title={Rotation equivariant vector field networks},
  author={Marcos, Diego and Volpi, Michele and Komodakis, Nikos and Tuia, Devis},
  booktitle={Proceedings of the IEEE International Conference on Computer Vision},
  pages={5048--5057},
  year={2017}
}

@InProceedings{Cai_2019_ICCV,
author = {Cai, Sudong and Guo, Yulan and Khan, Salman and Hu, Jiwei and Wen, Gongjian},
title = {Ground-to-Aerial Image Geo-Localization With a Hard Exemplar Reweighting Triplet Loss},
booktitle = {The IEEE International Conference on Computer Vision (ICCV)},
month = {October},
year = {2019}
}

@inproceedings{shi2019spatial,
  title={Spatial-Aware Feature Aggregation for Image based Cross-View Geo-Localization},
  author={Shi, Yujiao and Liu, Liu and Yu, Xin and Li, Hongdong},
  booktitle={Advances in Neural Information Processing Systems},
  pages={10090--10100},
  year={2019}
}

@inproceedings{regmi2018cross,
  title={Cross-view image synthesis using conditional gans},
  author={Regmi, Krishna and Borji, Ali},
  booktitle={Proceedings of the IEEE Conference on Computer Vision and Pattern Recognition},
  pages={3501--3510},
  year={2018}
}

@inproceedings{tang2019multi,
  title={Multi-channel attention selection gan with cascaded semantic guidance for cross-view image translation},
  author={Tang, Hao and Xu, Dan and Sebe, Nicu and Wang, Yanzhi and Corso, Jason J and Yan, Yan},
  booktitle={Proceedings of the IEEE Conference on Computer Vision and Pattern Recognition},
  pages={2417--2426},
  year={2019}
}

@inproceedings{choi2019extreme,
  title={Extreme view synthesis},
  author={Choi, Inchang and Gallo, Orazio and Troccoli, Alejandro and Kim, Min H and Kautz, Jan},
  booktitle={Proceedings of the IEEE International Conference on Computer Vision},
  pages={7781--7790},
  year={2019}
}


@article{zhou2018stereo,
  title={Stereo magnification: learning view synthesis using multiplane images},
  author={Zhou, Tinghui and Tucker, Richard and Flynn, John and Fyffe, Graham and Snavely, Noah},
  journal={ACM Transactions on Graphics (TOG)},
  volume={37},
  number={4},
  pages={1--12},
  year={2018},
  publisher={ACM New York, NY, USA}
}

@article{yu2019can,
  title={Can we see more? Joint frontalization and hallucination of unaligned tiny faces},
  author={Yu, Xin and Shiri, Fatemeh and Ghanem, Bernard and Porikli, Fatih},
  journal={IEEE transactions on pattern analysis and machine intelligence},
  year={2019},
  publisher={IEEE}
}

@article{wang2018perceptual,
  title={Perceptual Adversarial Networks for Image-to-Image Transformation},
  author={Wang, Chaoyue and Xu, Chang and Wang, Chaohui and Tao, Dacheng},
  journal={IEEE Transactions on Image Processing},
  volume={27},
  pages={4066--4079},
  year={2018}
}

@article{liu2019soft,
  title={Soft rasterizer: Differentiable rendering for unsupervised single-view mesh reconstruction},
  author={Liu, Shichen and Chen, Weikai and Li, Tianye and Li, Hao},
  journal={arXiv preprint arXiv:1901.05567},
  year={2019}
}

@article{wiles2019synsin,
  title={SynSin: End-to-end View Synthesis from a Single Image},
  author={Wiles, Olivia and Gkioxari, Georgia and Szeliski, Richard and Johnson, Justin},
  journal={arXiv preprint arXiv:1912.08804},
  year={2019}
}

@inproceedings{zhang2018unreasonable,
  title={The unreasonable effectiveness of deep features as a perceptual metric},
  author={Zhang, Richard and Isola, Phillip and Efros, Alexei A and Shechtman, Eli and Wang, Oliver},
  booktitle={Proceedings of the IEEE Conference on Computer Vision and Pattern Recognition},
  pages={586--595},
  year={2018}
}

@inproceedings{cordts2016cityscapes,
  title={The cityscapes dataset for semantic urban scene understanding},
  author={Cordts, Marius and Omran, Mohamed and Ramos, Sebastian and Rehfeld, Timo and Enzweiler, Markus and Benenson, Rodrigo and Franke, Uwe and Roth, Stefan and Schiele, Bernt},
  booktitle={Proceedings of the IEEE conference on computer vision and pattern recognition},
  pages={3213--3223},
  year={2016}
}

@article{nekrasov2018light,
  title={Light-weight refinenet for real-time semantic segmentation},
  author={Nekrasov, Vladimir and Shen, Chunhua and Reid, Ian},
  journal={arXiv preprint arXiv:1810.03272},
  year={2018}
}

@inproceedings{long2015fully,
  title={Fully convolutional networks for semantic segmentation},
  author={Long, Jonathan and Shelhamer, Evan and Darrell, Trevor},
  booktitle={Proceedings of the IEEE conference on computer vision and pattern recognition},
  pages={3431--3440},
  year={2015}
}


@inproceedings{isola2017image,
  title={Image-to-image translation with conditional adversarial networks},
  author={Isola, Phillip and Zhu, Jun-Yan and Zhou, Tinghui and Efros, Alexei A},
  booktitle={Proceedings of the IEEE conference on computer vision and pattern recognition},
  pages={1125--1134},
  year={2017}
}


@article{porter1984compositing,
  title={Compositing digital images In SIGGRAPH Comput},
  author={Porter, Thomas and Duff, Tom},
  journal={Graph},
  volume={18},
  number={3},
  pages={253--259},
  year={1984}
}


@inproceedings{shi2020looking,
  title={Where am {I} looking at? Joint Location and Orientation Estimation by Cross-View Matching},
  author={Shi, Yujiao and Yu, Xin and Campbell, Dylan and Li, Hongdong},
  booktitle={Proceedings of the IEEE/CVF Conference on Computer Vision and Pattern Recognition},
  pages={4064--4072},
  year={2020}
}


@inproceedings{lu2020geometry,
  title={Geometry-Aware Satellite-to-Ground Image Synthesis for Urban Areas},
  author={Lu, Xiaohu and Li, Zuoyue and Cui, Zhaopeng and Oswald, Martin R and Pollefeys, Marc and Qin, Rongjun},
  booktitle={Proceedings of the IEEE/CVF Conference on Computer Vision and Pattern Recognition},
  pages={859--867},
  year={2020}
}

@article{lowe2004distinctive,
  title={Distinctive image features from scale-invariant keypoints},
  author={Lowe, David G},
  journal={International journal of computer vision},
  volume={60},
  number={2},
  pages={91--110},
  year={2004},
  publisher={Springer}
}


@article{canny1986computational,
  title={A computational approach to edge detection},
  author={Canny, John},
  journal={IEEE Transactions on pattern analysis and machine intelligence},
  number={6},
  pages={679--698},
  year={1986},
  publisher={Ieee}
}

@article{xu2018empirical,
  title={An empirical study on evaluation metrics of generative adversarial networks},
  author={Xu, Qiantong and Huang, Gao and Yuan, Yang and Guo, Chuan and Sun, Yu and Wu, Felix and Weinberger, Kilian},
  journal={arXiv preprint arXiv:1806.07755},
  year={2018}
}

@MISC{codelu2020geometry,
author = {Zuoyue Li, Xiaohu Lu},
title = { },
month = June,
year = {2020},
howpublished={\url{https://github.com/lizuoyue/sate_to_ground}}
}

@InProceedings{Mahmud_2020_CVPR,
author = {Mahmud, Jisan and Price, True and Bapat, Akash and Frahm, Jan-Michael},
title = {Boundary-Aware 3D Building Reconstruction From a Single Overhead Image},
booktitle = {Proceedings of the IEEE/CVF Conference on Computer Vision and Pattern Recognition (CVPR)},
month = {June},
year = {2020}
}

@inproceedings{verma20063d,
  title={3d building detection and modeling from aerial lidar data},
  author={Verma, Vivek and Kumar, Rakesh and Hsu, Stephen},
  booktitle={2006 IEEE Computer Society Conference on Computer Vision and Pattern Recognition (CVPR'06)},
  volume={2},
  pages={2213--2220},
  year={2006},
  organization={IEEE}
}

@inproceedings{bastani2018roadtracer,
  title={Roadtracer: Automatic extraction of road networks from aerial images},
  author={Bastani, Favyen and He, Songtao and Abbar, Sofiane and Alizadeh, Mohammad and Balakrishnan, Hari and Chawla, Sanjay and Madden, Sam and DeWitt, David},
  booktitle={Proceedings of the IEEE Conference on Computer Vision and Pattern Recognition},
  pages={4720--4728},
  year={2018}
}

@inproceedings{mattyus2017deeproadmapper,
  title={Deeproadmapper: Extracting road topology from aerial images},
  author={M{\'a}ttyus, Gell{\'e}rt and Luo, Wenjie and Urtasun, Raquel},
  booktitle={Proceedings of the IEEE International Conference on Computer Vision},
  pages={3438--3446},
  year={2017}
}

@inproceedings{nachmany2019detecting,
  title={Detecting Roads from Satellite Imagery in the Developing World},
  author={Nachmany, Yoni and Alemohammad, Hamed},
  booktitle={Proceedings of the IEEE Conference on Computer Vision and Pattern Recognition Workshops},
  pages={83--89},
  year={2019}
}

@inproceedings{liu2019stochastic,
  title={Stochastic Attraction-Repulsion Embedding for Large Scale Image Localization},
  author={Liu, Liu and Li, Hongdong and Dai, Yuchao},
  booktitle={Proceedings of the IEEE International Conference on Computer Vision},
  pages={2570--2579},
  year={2019}
}

@book{hartley2003multiple,
  title={Multiple view geometry in computer vision},
  author={Hartley, Richard and Zisserman, Andrew},
  year={2003},
  publisher={Cambridge university press}
}

@InProceedings{Herrmann_2018_ECCV,
author = {Herrmann, Charles and Wang, Chen and Bowen, Richard Strong and Keyder, Emil and Krainin, Michael and Liu, Ce and Zabih, Ramin},
title = {Robust image stitching with multiple registrations},
booktitle = {Proceedings of the European Conference on Computer Vision (ECCV)},
month = {September},
year = {2018}
}

@article{halligan2003spatial,
  title={Spatial cognition: evidence from visual neglect},
  author={Halligan, Peter W and Fink, Gereon R and Marshall, John C and Vallar, Giuseppe},
  journal={Trends in cognitive sciences},
  volume={7},
  number={3},
  pages={125--133},
  year={2003},
  publisher={Elsevier}
}

@article{mania2010cognitive,
  title={Cognitive transfer of spatial awareness states from immersive virtual environments to reality},
  author={Mania, Katerina and Badariah, Shahrul and Coxon, Matthew and Watten, Phil},
  journal={ACM Transactions on Applied Perception (TAP)},
  volume={7},
  number={2},
  pages={1--14},
  year={2010},
  publisher={ACM New York, NY, USA}
}

@inproceedings{zhu2021revisiting,
  title={Revisiting street-to-aerial view image geo-localization and orientation estimation},
  author={Zhu, Sijie and Yang, Taojiannan and Chen, Chen},
  booktitle={Proceedings of the IEEE/CVF Winter Conference on Applications of Computer Vision},
  pages={756--765},
  year={2021}
}

@article{shi2021geometry,
  title={Geometry-Guided Street-View Panorama Synthesis from Satellite Imagery},
  author={Shi, Yujiao and Campbell, Dylan and Yu, Xin and Li, Hongdong},
  journal={arXiv preprint arXiv:2103.01623},
  year={2021}
}

@article{toker2021coming,
  title={Coming Down to Earth: Satellite-to-Street View Synthesis for Geo-Localization},
  author={Toker, Aysim and Zhou, Qunjie and Maximov, Maxim and Leal-Taix{\'e}, Laura},
  journal={CVPR},
  year={2021}
}

@inproceedings{shi2024weakly,
  title={Weakly-supervised Camera Localization by Ground-to-satellite Image Registration},
  author={Shi, Yujiao and Li, Hongdong and Perincherry, Akhil and Vora, Ankit},
  booktitle={European Conference on Computer Vision},
  pages={39--57},
  year={2024},
  organization={Springer}
}

@article{geiger2013vision,
  title={Vision meets robotics: The kitti dataset},
  author={Geiger, Andreas and Lenz, Philip and Stiller, Christoph and Urtasun, Raquel},
  journal={The International Journal of Robotics Research},
  volume={32},
  number={11},
  pages={1231--1237},
  year={2013},
  publisher={Sage Publications Sage UK: London, England}
}


 
@misc{google,
  howpublished = {\url{https://developers.google.com/maps/documentation/maps-static/overview}}
}


@inproceedings{noh2017large,
  title={Large-scale image retrieval with attentive deep local features},
  author={Noh, Hyeonwoo and Araujo, Andre and Sim, Jack and Weyand, Tobias and Han, Bohyung},
  booktitle={Proceedings of the IEEE international conference on computer vision},
  pages={3456--3465},
  year={2017}
}

@inproceedings{ge2020self,
  title={Self-supervising fine-grained region similarities for large-scale image localization},
  author={Ge, Yixiao and Wang, Haibo and Zhu, Feng and Zhao, Rui and Li, Hongsheng},
  booktitle={European Conference on Computer Vision},
  pages={369--386},
  year={2020},
  organization={Springer}
}

@inproceedings{zhou2020da4ad,
  title={DA4AD: End-to-End Deep Attention-Based Visual Localization for Autonomous Driving},
  author={Zhou, Yao and Wan, Guowei and Hou, Shenhua and Yu, Li and Wang, Gang and Rui, Xiaofei and Song, Shiyu},
  booktitle={European Conference on Computer Vision},
  pages={271--289},
  year={2020},
  organization={Springer}
}

@inproceedings{schonberger2016pixelwise,
  title={Pixelwise view selection for unstructured multi-view stereo},
  author={Sch{\"o}nberger, Johannes L and Zheng, Enliang and Frahm, Jan-Michael and Pollefeys, Marc},
  booktitle={European Conference on Computer Vision},
  pages={501--518},
  year={2016},
  organization={Springer}
}

@inproceedings{schonberger2016structure,
  title={Structure-from-motion revisited},
  author={Schonberger, Johannes L and Frahm, Jan-Michael},
  booktitle={Proceedings of the IEEE Conference on Computer Vision and Pattern Recognition},
  pages={4104--4113},
  year={2016}
}

@inproceedings{sun2019geocapsnet,
  title={GEOCAPSNET: Ground to aerial view image geo-localization using capsule network},
  author={Sun, Bin and Chen, Chen and Zhu, Yingying and Jiang, Jianmin},
  booktitle={2019 IEEE International Conference on Multimedia and Expo (ICME)},
  pages={742--747},
  year={2019},
  organization={IEEE}
}

@article{sabour2017dynamic,
  title={Dynamic routing between capsules},
  author={Sabour, Sara and Frosst, Nicholas and Hinton, Geoffrey E},
  journal={arXiv preprint arXiv:1710.09829},
  year={2017}
}


@inproceedings{tian2017cross,
  title={Cross-view image matching for geo-localization in urban environments},
  author={Tian, Yicong and Chen, Chen and Shah, Mubarak},
  booktitle={Proceedings of the IEEE Conference on Computer Vision and Pattern Recognition},
  pages={3608--3616},
  year={2017}
}


@article{shi2021self,
  title={Self-Supervised Visibility Learning for Novel View Synthesis},
  author={Shi, Yujiao and Li, Hongdong and Yu, Xin},
  journal={arXiv preprint arXiv:2103.15407},
  year={2021}
}

@article{szeliski1999stereo,
  title={Stereo matching with transparency and matting},
  author={Szeliski, Richard and Golland, Polina},
  journal={International Journal of Computer Vision},
  volume={32},
  number={1},
  pages={45--61},
  year={1999},
  publisher={Springer}
}


@article{fitzgibbon2005image,
  title={Image-based rendering using image-based priors},
  author={Fitzgibbon, Andrew and Wexler, Yonatan and Zisserman, Andrew},
  journal={International Journal of Computer Vision},
  volume={63},
  number={2},
  pages={141--151},
  year={2005},
  publisher={Springer}
}

@inproceedings{cheng2019noise,
  title={Noise-aware unsupervised deep lidar-stereo fusion},
  author={Cheng, Xuelian and Zhong, Yiran and Dai, Yuchao and Ji, Pan and Li, Hongdong},
  booktitle={Proceedings of the IEEE/CVF Conference on Computer Vision and Pattern Recognition},
  pages={6339--6348},
  year={2019}
}

@article{hu2020image,
  title={Image-based geo-localization using satellite imagery},
  author={Hu, Sixing and Lee, Gim Hee},
  journal={International Journal of Computer Vision},
  volume={128},
  number={5},
  pages={1205--1219},
  year={2020},
  publisher={Springer}
}

@inproceedings{stenborg2020using,
  title={Using Image Sequences for Long-Term Visual Localization},
  author={Stenborg, Erik and Sattler, Torsten and Hammarstrand, Lars},
  booktitle={2020 International Conference on 3D Vision (3DV)},
  pages={938--948},
  year={2020},
  organization={IEEE}
}

@inproceedings{dutoit2017consistent,
  title={Consistent map-based 3D localization on mobile devices},
  author={DuToit, Ryan C and Hesch, Joel A and Nerurkar, Esha D and Roumeliotis, Stergios I},
  booktitle={2017 IEEE international conference on robotics and automation (ICRA)},
  pages={6253--6260},
  year={2017},
  organization={IEEE}
}

@inproceedings{geppert2019efficient,
  title={Efficient 2d-3d matching for multi-camera visual localization},
  author={Geppert, Marcel and Liu, Peidong and Cui, Zhaopeng and Pollefeys, Marc and Sattler, Torsten},
  booktitle={2019 International Conference on Robotics and Automation (ICRA)},
  pages={5972--5978},
  year={2019},
  organization={IEEE}
}

@article{jones2011visual,
  title={Visual-inertial navigation, mapping and localization: A scalable real-time causal approach},
  author={Jones, Eagle S and Soatto, Stefano},
  journal={The International Journal of Robotics Research},
  volume={30},
  number={4},
  pages={407--430},
  year={2011},
  publisher={SAGE Publications Sage UK: London, England}
}


@inproceedings{lynen2015get,
  title={Get out of my lab: Large-scale, real-time visual-inertial localization.},
  author={Lynen, Simon and Sattler, Torsten and Bosse, Michael and Hesch, Joel A and Pollefeys, Marc and Siegwart, Roland},
  booktitle={Robotics: Science and Systems},
  volume={1},
  pages={1},
  year={2015}
}


@article{lynen2020large,
  title={Large-scale, real-time visual--inertial localization revisited},
  author={Lynen, Simon and Zeisl, Bernhard and Aiger, Dror and Bosse, Michael and Hesch, Joel and Pollefeys, Marc and Siegwart, Roland and Sattler, Torsten},
  journal={The International Journal of Robotics Research},
  volume={39},
  number={9},
  pages={1061--1084},
  year={2020},
  publisher={SAGE Publications Sage UK: London, England}
}

@inproceedings{middelberg2014scalable,
  title={Scalable 6-dof localization on mobile devices},
  author={Middelberg, Sven and Sattler, Torsten and Untzelmann, Ole and Kobbelt, Leif},
  booktitle={European conference on computer vision},
  pages={268--283},
  year={2014},
  organization={Springer}
}

@article{mur2017visual,
  title={Visual-inertial monocular SLAM with map reuse},
  author={Mur-Artal, Ra{\'u}l and Tard{\'o}s, Juan D},
  journal={IEEE Robotics and Automation Letters},
  volume={2},
  number={2},
  pages={796--803},
  year={2017},
  publisher={IEEE}
}


@article{schneider2018maplab,
  title={maplab: An open framework for research in visual-inertial mapping and localization},
  author={Schneider, Thomas and Dymczyk, Marcin and Fehr, Marius and Egger, Kevin and Lynen, Simon and Gilitschenski, Igor and Siegwart, Roland},
  journal={IEEE Robotics and Automation Letters},
  volume={3},
  number={3},
  pages={1418--1425},
  year={2018},
  publisher={IEEE}
}

@article{ventura2014global,
  title={Global localization from monocular slam on a mobile phone},
  author={Ventura, Jonathan and Arth, Clemens and Reitmayr, Gerhard and Schmalstieg, Dieter},
  journal={IEEE transactions on visualization and computer graphics},
  volume={20},
  number={4},
  pages={531--539},
  year={2014},
  publisher={IEEE}
}


@inproceedings{zhou2020kfnet,
  title={KFNet: Learning temporal camera relocalization using Kalman Filtering},
  author={Zhou, Lei and Luo, Zixin and Shen, Tianwei and Zhang, Jiahui and Zhen, Mingmin and Yao, Yao and Fang, Tian and Quan, Long},
  booktitle={Proceedings of the IEEE/CVF Conference on Computer Vision and Pattern Recognition},
  pages={4919--4928},
  year={2020}
}

@inproceedings{vaswani2017attention,
  title={Attention is all you need},
  author={Vaswani, Ashish and Shazeer, Noam and Parmar, Niki and Uszkoreit, Jakob and Jones, Llion and Gomez, Aidan N and Kaiser, {\L}ukasz and Polosukhin, Illia},
  booktitle={Advances in neural information processing systems},
  pages={5998--6008},
  year={2017}
}

@InProceedings{Regmi_2021_ICCV,
    author    = {Regmi, Krishna and Shah, Mubarak},
    title     = {Video Geo-Localization Employing Geo-Temporal Feature Learning and GPS Trajectory Smoothing},
    booktitle = {Proceedings of the IEEE/CVF International Conference on Computer Vision (ICCV)},
    month     = {October},
    year      = {2021},
    pages     = {12126-12135}
}


@inproceedings{huang2018deepmvs,
  title={Deepmvs: Learning multi-view stereopsis},
  author={Huang, Po-Han and Matzen, Kevin and Kopf, Johannes and Ahuja, Narendra and Huang, Jia-Bin},
  booktitle={Proceedings of the IEEE Conference on Computer Vision and Pattern Recognition},
  pages={2821--2830},
  year={2018}
}


@inproceedings{yang2020cost,
  title={Cost Volume Pyramid Based Depth Inference for Multi-View Stereo},
  author={Yang, Jiayu and Mao, Wei and Alvarez, Jose M and Liu, Miaomiao},
  booktitle={Proceedings of the IEEE/CVF Conference on Computer Vision and Pattern Recognition},
  pages={4877--4886},
  year={2020}
}


@article{zhang2020visibility,
  title={Visibility-aware Multi-view Stereo Network},
  author={Zhang, Jingyang and Yao, Yao and Li, Shiwei and Luo, Zixin and Fang, Tian},
  journal={arXiv preprint arXiv:2008.07928},
  year={2020}
}


@article{chen2020visibility,
  title={Visibility-aware point-based multi-view stereo network},
  author={Chen, Rui and Han, Songfang and Xu, Jing and others},
  journal={IEEE Transactions on Pattern Analysis and Machine Intelligence},
  year={2020},
  publisher={IEEE}
}

@inproceedings{chen2019point,
  title={Point-based multi-view stereo network},
  author={Chen, Rui and Han, Songfang and Xu, Jing and Su, Hao},
  booktitle={Proceedings of the IEEE International Conference on Computer Vision},
  pages={1538--1547},
  year={2019}
}

@inproceedings{yao2018mvsnet,
  title={Mvsnet: Depth inference for unstructured multi-view stereo},
  author={Yao, Yao and Luo, Zixin and Li, Shiwei and Fang, Tian and Quan, Long},
  booktitle={Proceedings of the European Conference on Computer Vision (ECCV)},
  pages={767--783},
  year={2018}
}

@inproceedings{yao2019recurrent,
  title={Recurrent mvsnet for high-resolution multi-view stereo depth inference},
  author={Yao, Yao and Luo, Zixin and Li, Shiwei and Shen, Tianwei and Fang, Tian and Quan, Long},
  booktitle={Proceedings of the IEEE Conference on Computer Vision and Pattern Recognition},
  pages={5525--5534},
  year={2019}
}

@InProceedings{Selvaraju_2017_ICCV,
author = {Selvaraju, Ramprasaath R. and Cogswell, Michael and Das, Abhishek and Vedantam, Ramakrishna and Parikh, Devi and Batra, Dhruv},
title = {Grad-CAM: Visual Explanations From Deep Networks via Gradient-Based Localization},
booktitle = {Proceedings of the IEEE International Conference on Computer Vision (ICCV)},
month = {Oct},
year = {2017}
}

@misc{agarwal2020ford,
    title={Ford Multi-AV Seasonal Dataset},
    author={Siddharth Agarwal and Ankit Vora and Gaurav Pandey and Wayne Williams and Helen Kourous and James McBride},
    year={2020},
    eprint={2003.07969},
    archivePrefix={arXiv},
    primaryClass={cs.RO}
}


@inproceedings{chen2017deep,
  title={Deep learning features at scale for visual place recognition},
  author={Chen, Zetao and Jacobson, Adam and S{\"u}nderhauf, Niko and Upcroft, Ben and Liu, Lingqiao and Shen, Chunhua and Reid, Ian and Milford, Michael},
  booktitle={2017 IEEE International Conference on Robotics and Automation (ICRA)},
  pages={3223--3230},
  year={2017},
  organization={IEEE}
}

@article{lowry2015visual,
  title={Visual place recognition: A survey},
  author={Lowry, Stephanie and S{\"u}nderhauf, Niko and Newman, Paul and Leonard, John J and Cox, David and Corke, Peter and Milford, Michael J},
  journal={IEEE Transactions on Robotics},
  volume={32},
  number={1},
  pages={1--19},
  year={2015},
  publisher={IEEE}
}


@inproceedings{sattler2016large,
  title={Large-scale location recognition and the geometric burstiness problem},
  author={Sattler, Torsten and Havlena, Michal and Schindler, Konrad and Pollefeys, Marc},
  booktitle={Proceedings of the IEEE conference on computer vision and pattern recognition},
  pages={1582--1590},
  year={2016}
}


@inproceedings{sattler2017large,
  title={Are large-scale 3d models really necessary for accurate visual localization?},
  author={Sattler, Torsten and Torii, Akihiko and Sivic, Josef and Pollefeys, Marc and Taira, Hajime and Okutomi, Masatoshi and Pajdla, Tomas},
  booktitle={Proceedings of the IEEE Conference on Computer Vision and Pattern Recognition},
  pages={1637--1646},
  year={2017}
}

@inproceedings{torii201524,
  title={24/7 place recognition by view synthesis},
  author={Torii, Akihiko and Arandjelovic, Relja and Sivic, Josef and Okutomi, Masatoshi and Pajdla, Tomas},
  booktitle={Proceedings of the IEEE Conference on Computer Vision and Pattern Recognition},
  pages={1808--1817},
  year={2015}
}

@article{mur2015orb,
  title={ORB-SLAM: a versatile and accurate monocular SLAM system},
  author={Mur-Artal, Raul and Montiel, Jose Maria Martinez and Tardos, Juan D},
  journal={IEEE transactions on robotics},
  volume={31},
  number={5},
  pages={1147--1163},
  year={2015},
  publisher={IEEE}
}


@article{cummins2008fab,
  title={FAB-MAP: Probabilistic localization and mapping in the space of appearance},
  author={Cummins, Mark and Newman, Paul},
  journal={The International Journal of Robotics Research},
  volume={27},
  number={6},
  pages={647--665},
  year={2008},
  publisher={SAGE Publications Sage UK: London, England}
}

@article{galvez2012bags,
  title={Bags of binary words for fast place recognition in image sequences},
  author={G{\'a}lvez-L{\'o}pez, Dorian and Tardos, Juan D},
  journal={IEEE Transactions on Robotics},
  volume={28},
  number={5},
  pages={1188--1197},
  year={2012},
  publisher={IEEE}
}

@article{svarm2016city,
  title={City-scale localization for cameras with known vertical direction},
  author={Sv{\"a}rm, Linus and Enqvist, Olof and Kahl, Fredrik and Oskarsson, Magnus},
  journal={IEEE transactions on pattern analysis and machine intelligence},
  volume={39},
  number={7},
  pages={1455--1461},
  year={2016},
  publisher={IEEE}
}

@inproceedings{donoser2014discriminative,
  title={Discriminative feature-to-point matching in image-based localization},
  author={Donoser, Michael and Schmalstieg, Dieter},
  booktitle={Proceedings of the IEEE Conference on Computer Vision and Pattern Recognition},
  pages={516--523},
  year={2014}
}

@inproceedings{li2012worldwide,
  title={Worldwide pose estimation using 3d point clouds},
  author={Li, Yunpeng and Snavely, Noah and Huttenlocher, Dan and Fua, Pascal},
  booktitle={European conference on computer vision},
  pages={15--29},
  year={2012},
  organization={Springer}
}


@inproceedings{li2010location,
  title={Location recognition using prioritized feature matching},
  author={Li, Yunpeng and Snavely, Noah and Huttenlocher, Daniel P},
  booktitle={European conference on computer vision},
  pages={791--804},
  year={2010},
  organization={Springer}
}


@inproceedings{sattler2015hyperpoints,
  title={Hyperpoints and fine vocabularies for large-scale location recognition},
  author={Sattler, Torsten and Havlena, Michal and Radenovic, Filip and Schindler, Konrad and Pollefeys, Marc},
  booktitle={Proceedings of the IEEE International Conference on Computer Vision},
  pages={2102--2110},
  year={2015}
}


@article{sattler2016efficient,
  title={Efficient \& effective prioritized matching for large-scale image-based localization},
  author={Sattler, Torsten and Leibe, Bastian and Kobbelt, Leif},
  journal={IEEE transactions on pattern analysis and machine intelligence},
  volume={39},
  number={9},
  pages={1744--1756},
  year={2016},
  publisher={IEEE}
}


@inproceedings{taira2018inloc,
  title={InLoc: Indoor visual localization with dense matching and view synthesis},
  author={Taira, Hajime and Okutomi, Masatoshi and Sattler, Torsten and Cimpoi, Mircea and Pollefeys, Marc and Sivic, Josef and Pajdla, Tomas and Torii, Akihiko},
  booktitle={Proceedings of the IEEE Conference on Computer Vision and Pattern Recognition},
  pages={7199--7209},
  year={2018}
}

@inproceedings{zeisl2015camera,
  title={Camera pose voting for large-scale image-based localization},
  author={Zeisl, Bernhard and Sattler, Torsten and Pollefeys, Marc},
  booktitle={Proceedings of the IEEE International Conference on Computer Vision},
  pages={2704--2712},
  year={2015}
}

@inproceedings{sattler2018benchmarking,
  title={Benchmarking 6dof outdoor visual localization in changing conditions},
  author={Sattler, Torsten and Maddern, Will and Toft, Carl and Torii, Akihiko and Hammarstrand, Lars and Stenborg, Erik and Safari, Daniel and Okutomi, Masatoshi and Pollefeys, Marc and Sivic, Josef and others},
  booktitle={Proceedings of the IEEE Conference on Computer Vision and Pattern Recognition},
  pages={8601--8610},
  year={2018}
}


@article{toft2020long,
  title={Long-term visual localization revisited},
  author={Toft, Carl and Maddern, Will and Torii, Akihiko and Hammarstrand, Lars and Stenborg, Erik and Safari, Daniel and Okutomi, Masatoshi and Pollefeys, Marc and Sivic, Josef and Pajdla, Tomas and others},
  journal={IEEE Transactions on Pattern Analysis and Machine Intelligence},
  year={2020},
  publisher={IEEE}
}


@inproceedings{cao2014minimal,
  title={Minimal scene descriptions from structure from motion models},
  author={Cao, Song and Snavely, Noah},
  booktitle={Proceedings of the IEEE Conference on Computer Vision and Pattern Recognition},
  pages={461--468},
  year={2014}
}

@inproceedings{larsson2016outlier,
  title={Outlier Rejection for Absolute Pose Estimation with Known Orientation.},
  author={Larsson, Viktor and Fredriksson, Johan and Toft, Carl and Kahl, Fredrik},
  booktitle={BMVC},
  year={2016}
}


@article{levenberg1944method,
  title={A method for the solution of certain non-linear problems in least squares},
  author={Levenberg, Kenneth},
  journal={Quarterly of applied mathematics},
  volume={2},
  number={2},
  pages={164--168},
  year={1944}
}

@article{marquardt1963algorithm,
  title={An algorithm for least-squares estimation of nonlinear parameters},
  author={Marquardt, Donald W},
  journal={Journal of the society for Industrial and Applied Mathematics},
  volume={11},
  number={2},
  pages={431--441},
  year={1963},
  publisher={SIAM}
}


@article{yen2020inerf,
  title={inerf: Inverting neural radiance fields for pose estimation},
  author={Yen-Chen, Lin and Florence, Pete and Barron, Jonathan T and Rodriguez, Alberto and Isola, Phillip and Lin, Tsung-Yi},
  journal={arXiv preprint arXiv:2012.05877},
  year={2020}
}

@article{wang2021nerf,
  title={NeRF--: Neural Radiance Fields Without Known Camera Parameters},
  author={Wang, Zirui and Wu, Shangzhe and Xie, Weidi and Chen, Min and Prisacariu, Victor Adrian},
  journal={arXiv preprint arXiv:2102.07064},
  year={2021}
}

@article{lin2021barf,
  title={BARF: Bundle-Adjusting Neural Radiance Fields},
  author={Lin, Chen-Hsuan and Ma, Wei-Chiu and Torralba, Antonio and Lucey, Simon},
  journal={arXiv preprint arXiv:2104.06405},
  year={2021}
}

@inproceedings{teed2020raft,
  title={Raft: Recurrent all-pairs field transforms for optical flow},
  author={Teed, Zachary and Deng, Jia},
  booktitle={European conference on computer vision},
  pages={402--419},
  year={2020},
  organization={Springer}
}

@inproceedings{flynn2019deepview,
  title={Deepview: View synthesis with learned gradient descent},
  author={Flynn, John and Broxton, Michael and Debevec, Paul and DuVall, Matthew and Fyffe, Graham and Overbeck, Ryan and Snavely, Noah and Tucker, Richard},
  booktitle={Proceedings of the IEEE/CVF Conference on Computer Vision and Pattern Recognition},
  pages={2367--2376},
  year={2019}
}


@inproceedings{sarlin2021back,
  title={Back to the Feature: Learning Robust Camera Localization from Pixels to Pose},
  author={Sarlin, Paul-Edouard and Unagar, Ajaykumar and Larsson, Mans and Germain, Hugo and Toft, Carl and Larsson, Viktor and Pollefeys, Marc and Lepetit, Vincent and Hammarstrand, Lars and Kahl, Fredrik and others},
  booktitle={Proceedings of the IEEE/CVF Conference on Computer Vision and Pattern Recognition},
  pages={3247--3257},
  year={2021}
}

@inproceedings{von2020lm,
  title={LM-Reloc: Levenberg-Marquardt based direct visual relocalization},
  author={Von Stumberg, Lukas and Wenzel, Patrick and Yang, Nan and Cremers, Daniel},
  booktitle={2020 International Conference on 3D Vision (3DV)},
  pages={968--977},
  year={2020},
  organization={IEEE}
}



@inproceedings{li2018deepim,
  title={Deepim: Deep iterative matching for 6d pose estimation},
  author={Li, Yi and Wang, Gu and Ji, Xiangyang and Xiang, Yu and Fox, Dieter},
  booktitle={Proceedings of the European Conference on Computer Vision (ECCV)},
  pages={683--698},
  year={2018}
}



@article{wing2005consumer,
  title={Consumer-grade global positioning system (GPS) accuracy and reliability},
  author={Wing, Michael G and Eklund, Aaron and Kellogg, Loren D},
  journal={Journal of forestry},
  volume={103},
  number={4},
  pages={169--173},
  year={2005},
  publisher={Oxford University Press}
}

@article{zhang2020increasing,
  title={Increasing gps localization accuracy with reinforcement learning},
  author={Zhang, Ethan and Masoud, Neda},
  journal={IEEE Transactions on Intelligent Transportation Systems},
  volume={22},
  number={5},
  pages={2615--2626},
  year={2020},
  publisher={IEEE}
}

@article{shi2022geometry,
  title={Geometry-guided street-view panorama synthesis from satellite imagery},
  author={Shi, Yujiao and Campbell, Dylan John and Yu, Xin and Li, Hongdong},
  journal={IEEE Transactions on Pattern Analysis and Machine Intelligence},
  year={2022},
  publisher={IEEE}
}

@article{shi2022accurate,
  title={Accurate 3-DoF Camera Geo-Localization via Ground-to-Satellite Image Matching},
  author={Shi, Yujiao and Yu, Xin and Liu, Liu and Campbell, Dylan and Koniusz, Piotr and Li, Hongdong},
  journal={IEEE Transactions on Pattern Analysis and Machine Intelligence},
  year={2022},
  publisher={IEEE}
}


@inproceedings{brejcha2020landscapear,
  title={LandscapeAR: Large Scale Outdoor Augmented Reality by Matching Photographs with Terrain Models Using Learned Descriptors},
  author={Brejcha, Jan and Luk{\'a}{\v{c}}, Michal and Hold-Geoffroy, Yannick and Wang, Oliver and {\v{C}}ad{\'\i}k, Martin},
  booktitle={European Conference on Computer Vision},
  pages={295--312},
  year={2020},
  organization={Springer}
}

@inproceedings{shi2022beyond,
  title={Beyond Cross-view Image Retrieval: Highly Accurate Vehicle Localization Using Satellite Image},
  author={Shi, Yujiao and Li, Hongdong},
  booktitle={Proceedings of the IEEE/CVF Conference on Computer Vision and Pattern Recognition},
  pages={17010--17020},
  year={2022}
}

@inproceedings{xia2022visual,
  title={Visual Cross-View Metric Localization with Dense Uncertainty Estimates},
  author={Xia, Zimin and Booij, Olaf and Manfredi, Marco and Kooij, Julian FP},
  booktitle={European Conference on Computer Vision},
  pages={90--106},
  year={2022},
  organization={Springer}
}

@article{yang2021cross,
  title={Cross-view geo-localization with layer-to-layer transformer},
  author={Yang, Hongji and Lu, Xiufan and Zhu, Yingying},
  journal={Advances in Neural Information Processing Systems},
  volume={34},
  pages={29009--29020},
  year={2021}
}

@InProceedings{Zhu_2022_CVPR,
    author    = {Zhu, Sijie and Shah, Mubarak and Chen, Chen},
    title     = {TransGeo: Transformer Is All You Need for Cross-View Image Geo-Localization},
    booktitle = {Proceedings of the IEEE/CVF Conference on Computer Vision and Pattern Recognition (CVPR)},
    month     = {June},
    year      = {2022},
    pages     = {1162-1171}
}

@article{regmi2019cross,
  title={Cross-view image synthesis using geometry-guided conditional gans},
  author={Regmi, Krishna and Borji, Ali},
  journal={Computer Vision and Image Understanding},
  volume={187},
  pages={102788},
  year={2019},
  publisher={Elsevier}
}

@inproceedings{li2021sat2vid,
  title={Sat2Vid: Street-view Panoramic Video Synthesis from a Single Satellite Image},
  author={Li, Zuoyue and Li, Zhenqiang and Cui, Zhaopeng and Qin, Rongjun and Pollefeys, Marc and Oswald, Martin R},
  booktitle={Proceedings of the IEEE/CVF International Conference on Computer Vision},
  pages={12436--12445},
  year={2021}
}

@inproceedings{roddick2020predicting,
  title={Predicting semantic map representations from images using pyramid occupancy networks. In 2020 IEEE},
  author={Roddick, Thomas and Cipolla, Roberto},
  booktitle={CVF Conference on Computer Vision and Pattern Recognition, CVPR},
  pages={13--19},
  year={2020}
}

@inproceedings{zhou2022cross,
  title={Cross-view Transformers for real-time Map-view Semantic Segmentation},
  author={Zhou, Brady and Kr{\"a}henb{\"u}hl, Philipp},
  booktitle={Proceedings of the IEEE/CVF Conference on Computer Vision and Pattern Recognition},
  pages={13760--13769},
  year={2022}
}

@article{li2022bevformer,
  title={BEVFormer: Learning Bird's-Eye-View Representation from Multi-Camera Images via Spatiotemporal Transformers},
  author={Li, Zhiqi and Wang, Wenhai and Li, Hongyang and Xie, Enze and Sima, Chonghao and Lu, Tong and Yu, Qiao and Dai, Jifeng},
  journal={arXiv preprint arXiv:2203.17270},
  year={2022}
}

@article{reid2019localization,
  title={Localization requirements for autonomous vehicles},
  author={Reid, Tyler GR and Houts, Sarah E and Cammarata, Robert and Mills, Graham and Agarwal, Siddharth and Vora, Ankit and Pandey, Gaurav},
  journal={arXiv preprint arXiv:1906.01061},
  year={2019}
}

@article{vora2020aerial,
  title={Aerial imagery based lidar localization for autonomous vehicles},
  author={Vora, Ankit and Agarwal, Siddharth and Pandey, Gaurav and McBride, James},
  journal={arXiv preprint arXiv:2003.11192},
  year={2020}
}

@article{chen2022persformer,
  title={PersFormer: 3D Lane Detection via Perspective Transformer and the OpenLane Benchmark},
  author={Chen, Li and Sima, Chonghao and Li, Yang and Zheng, Zehan and Xu, Jiajie and Geng, Xiangwei and Li, Hongyang and He, Conghui and Shi, Jianping and Qiao, Yu and others},
  journal={arXiv preprint arXiv:2203.11089},
  year={2022}
}


@inproceedings{zhang2014robust,
  title={Robust inverse perspective mapping based on vanishing point},
  author={Zhang, Daiming and Fang, Bin and Yang, Weibin and Luo, Xiaosong and Tang, Yuanyan},
  booktitle={Proceedings 2014 IEEE International Conference on Security, Pattern Analysis, and Cybernetics (SPAC)},
  pages={458--463},
  year={2014},
  organization={IEEE}
}

@INPROCEEDINGS{veronese2015aerial,
  author={De Paula Veronese, Lucas and de Aguiar, Edilson and Nascimento, Rafael Correia and Guivant, Jose and Auat Cheein, Fernando A. and De Souza, Alberto Ferreira and Oliveira-Santos, Thiago},
  booktitle={2015 IEEE/RSJ International Conference on Intelligent Robots and Systems (IROS)}, 
  title={Re-emission and satellite aerial maps applied to vehicle localization on urban environments}, 
  year={2015},
  volume={},
  number={},
  pages={4285-4290},
  doi={10.1109/IROS.2015.7353984}}
  
@inproceedings{saha2022translating,
  title={Translating images into maps},
  author={Saha, Avishkar and Mendez, Oscar and Russell, Chris and Bowden, Richard},
  booktitle={2022 International Conference on Robotics and Automation (ICRA)},
  pages={9200--9206},
  year={2022},
  organization={IEEE}
}

@article{tang2020rsl,
  title={Rsl-net: Localising in satellite images from a radar on the ground},
  author={Tang, Tim Yuqing and De Martini, Daniele and Barnes, Dan and Newman, Paul},
  journal={IEEE Robotics and Automation Letters},
  volume={5},
  number={2},
  pages={1087--1094},
  year={2020},
  publisher={IEEE}
}

@article{tang2021self,
  title={Self-supervised learning for using overhead imagery as maps in outdoor range sensor localization},
  author={Tang, Tim Y and De Martini, Daniele and Wu, Shangzhe and Newman, Paul},
  journal={The International Journal of Robotics Research},
  volume={40},
  number={12-14},
  pages={1488--1509},
  year={2021},
  publisher={SAGE Publications Sage UK: London, England}
}

@inproceedings{liu2021swin,
  title={Swin transformer: Hierarchical vision transformer using shifted windows},
  author={Liu, Ze and Lin, Yutong and Cao, Yue and Hu, Han and Wei, Yixuan and Zhang, Zheng and Lin, Stephen and Guo, Baining},
  booktitle={Proceedings of the IEEE/CVF International Conference on Computer Vision},
  pages={10012--10022},
  year={2021}
}

@INPROCEEDINGS{mishra2022infra,
  author={Mishra, Subodh and Parchami, Armin and Corona, Enrique and Chakravarty, Punarjay and Vora, Ankit and Parikh, Devarth and Pandey, Gaurav},
  booktitle={2022 International Conference on Robotics and Automation (ICRA)}, 
  title={Localization of a Smart Infrastructure Fisheye Camera in a Prior Map for Autonomous Vehicles}, 
  year={2022},
  volume={},
  number={},
  pages={5998-6004},
  doi={10.1109/ICRA46639.2022.9811793}}
  
@inproceedings{kendall2017geometric,
  title={Geometric loss functions for camera pose regression with deep learning},
  author={Kendall, Alex and Cipolla, Roberto},
  booktitle={Proceedings of the IEEE conference on computer vision and pattern recognition},
  pages={5974--5983},
  year={2017}
}

@article{maddern20171,
  title={1 year, 1000 km: The Oxford RobotCar dataset},
  author={Maddern, Will and Pascoe, Geoffrey and Linegar, Chris and Newman, Paul},
  journal={The International Journal of Robotics Research},
  volume={36},
  number={1},
  pages={3--15},
  year={2017},
  publisher={SAGE Publications Sage UK: London, England}
}


@article{lentsch2022slicematch,
  title={SliceMatch: Geometry-guided Aggregation for Cross-View Pose Estimation},
  author={Lentsch, Ted de Vries and Xia, Zimin and Caesar, Holger and Kooij, Julian FP},
  journal={arXiv preprint arXiv:2211.14651},
  year={2022}
}

@article{fervers2022uncertainty,
  title={Uncertainty-aware Vision-based Metric Cross-view Geolocalization},
  author={Fervers, Florian and Bullinger, Sebastian and Bodensteiner, Christoph and Arens, Michael and Stiefelhagen, Rainer},
  journal={arXiv preprint arXiv:2211.12145},
  year={2022}
}

@inproceedings{chen2021fs,
  title={Fs-net: Fast shape-based network for category-level 6d object pose estimation with decoupled rotation mechanism},
  author={Chen, Wei and Jia, Xi and Chang, Hyung Jin and Duan, Jinming and Shen, Linlin and Leonardis, Ales},
  booktitle={Proceedings of the IEEE/CVF Conference on Computer Vision and Pattern Recognition},
  pages={1581--1590},
  year={2021}
}

@inproceedings{kim2018low,
  title={Low-drift visual odometry in structured environments by decoupling rotational and translational motion},
  author={Kim, Pyojin and Coltin, Brian and Kim, H Jin},
  booktitle={2018 IEEE international conference on Robotics and automation (ICRA)},
  pages={7247--7253},
  year={2018},
  organization={IEEE}
}


@inproceedings{van2015world,
  title={The world’s first GPS MOOC and worldwide laboratory using smartphones},
  author={Van Diggelen, Frank and Enge, Per},
  booktitle={Proceedings of the 28th international technical meeting of the satellite division of the institute of navigation (ION GNSS+ 2015)},
  pages={361--369},
  year={2015}
}



@ARTICLE{Geiger2013IJRR,
  author = {Andreas Geiger and Philip Lenz and Christoph Stiller and Raquel Urtasun},
  title = {Vision meets Robotics: The KITTI Dataset},
  journal = {International Journal of Robotics Research (IJRR)},
  year = {2013}
}

@inproceedings{shi2023cvlnet,
  title={CVLNet: Cross-view Semantic Correspondence Learning for Video-Based Camera Localization},
  author={Shi, Yujiao and Yu, Xin and Wang, Shan and Li, Hongdong},
  booktitle={Computer Vision--ACCV 2022: 16th Asian Conference on Computer Vision, Macao, China, December 4--8, 2022, Proceedings, Part I},
  pages={123--141},
  year={2023},
  organization={Springer}
}

@inproceedings{vyas2022gama,
  title={GAMa: Cross-View Video Geo-Localization},
  author={Vyas, Shruti and Chen, Chen and Shah, Mubarak},
  booktitle={Computer Vision--ECCV 2022: 17th European Conference, Tel Aviv, Israel, October 23--27, 2022, Proceedings, Part XXXVII},
  pages={440--456},
  year={2022},
  organization={Springer}
}


@InProceedings{Zhai_2019_ICCV,
author = {Zhai, Xiaohua and Oliver, Avital and Kolesnikov, Alexander and Beyer, Lucas},
title = {S4L: Self-Supervised Semi-Supervised Learning},
booktitle = {Proceedings of the IEEE/CVF International Conference on Computer Vision (ICCV)},
month = {October},
year = {2019}
}

@article{gharaee2023self,
  title={Self-supervised learning of object pose estimation using keypoint prediction},
  author={Gharaee, Zahra and Lawin, Felix J{\"a}rem{\"o} and Forss{\'e}n, Per-Erik},
  journal={arXiv preprint arXiv:2302.07360},
  year={2023}
}


@inproceedings{bouazizi2021self,
  title={Self-supervised 3d human pose estimation with multiple-view geometry},
  author={Bouazizi, Arij and Wiederer, Julian and Kressel, Ulrich and Belagiannis, Vasileios},
  booktitle={2021 16th IEEE International Conference on Automatic Face and Gesture Recognition (FG 2021)},
  pages={1--8},
  year={2021},
  organization={IEEE}
}

@inproceedings{spurr2021self,
  title={Self-supervised 3d hand pose estimation from monocular rgb via contrastive learning},
  author={Spurr, Adrian and Dahiya, Aneesh and Wang, Xi and Zhang, Xucong and Hilliges, Otmar},
  booktitle={Proceedings of the IEEE/CVF International Conference on Computer Vision},
  pages={11230--11239},
  year={2021}
}

@inproceedings{pathak2016context,
  title={Context encoders: Feature learning by inpainting},
  author={Pathak, Deepak and Krahenbuhl, Philipp and Donahue, Jeff and Darrell, Trevor and Efros, Alexei A},
  booktitle={Proceedings of the IEEE conference on computer vision and pattern recognition},
  pages={2536--2544},
  year={2016}
}

@article{liu2023self,
  title={Self-Supervised Point Cloud Registration With Deep Versatile Descriptors for Intelligent Driving},
  author={Liu, Dongrui and Chen, Chuanchaun and Xu, Changqing and Qiu, Robert C and Chu, Lei},
  journal={IEEE Transactions on Intelligent Transportation Systems},
  year={2023},
  publisher={IEEE}
}


@inproceedings{dang2023study,
  title={A Study on Self-Supervised Object Detection Pretraining},
  author={Dang, Trung and Kornblith, Simon and Nguyen, Huy Thong and Chin, Peter and Khademi, Maryam},
  booktitle={Computer Vision--ECCV 2022 Workshops: Tel Aviv, Israel, October 23--27, 2022, Proceedings, Part IV},
  pages={86--99},
  year={2023},
  organization={Springer}
}

@article{shi2023boosting,
  title={Boosting 3-DoF Ground-to-Satellite Camera Localization Accuracy via Geometry-Guided Cross-View Transformer},
  author={Shi, Yujiao and Wu, Fei and Perincherry, Akhil and Vora, Ankit and Li, Hongdong},
  journal={arXiv preprint arXiv:2307.08015},
  year={2023}
}

@inproceedings{sarlin2023orienternet,
  title={OrienterNet: Visual Localization in 2D Public Maps with Neural Matching},
  author={Sarlin, Paul-Edouard and DeTone, Daniel and Yang, Tsun-Yi and Avetisyan, Armen and Straub, Julian and Malisiewicz, Tomasz and Bul{\`o}, Samuel Rota and Newcombe, Richard and Kontschieder, Peter and Balntas, Vasileios},
  booktitle={Proceedings of the IEEE/CVF Conference on Computer Vision and Pattern Recognition},
  pages={21632--21642},
  year={2023}
}

@article{xia2023convolutional,
  title={Convolutional Cross-View Pose Estimation},
  author={Xia, Zimin and Booij, Olaf and Kooij, Julian FP},
  journal={arXiv preprint arXiv:2303.05915},
  year={2023}
}

@inproceedings{lentsch2023slicematch,
  title={SliceMatch: Geometry-guided Aggregation for Cross-View Pose Estimation},
  author={Lentsch, Ted and Xia, Zimin and Caesar, Holger and Kooij, Julian FP},
  booktitle={Proceedings of the IEEE/CVF Conference on Computer Vision and Pattern Recognition},
  pages={17225--17234},
  year={2023}
}

@inproceedings{harley2023simple,
  title={Simple-BEV: What really matters for multi-sensor bev perception?},
  author={Harley, Adam W and Fang, Zhaoyuan and Li, Jie and Ambrus, Rares and Fragkiadaki, Katerina},
  booktitle={2023 IEEE International Conference on Robotics and Automation (ICRA)},
  pages={2759--2765},
  year={2023},
  organization={IEEE}
}

@article{wang2022fully,
  title={Fully self-supervised learning for semantic segmentation},
  author={Wang, Yuan and Zhuo, Wei and Li, Yucong and Wang, Zhi and Ju, Qi and Zhu, Wenwu},
  journal={arXiv preprint arXiv:2202.11981},
  year={2022}
}


@inproceedings{radford2021learning,
  title={Learning transferable visual models from natural language supervision},
  author={Radford, Alec and Kim, Jong Wook and Hallacy, Chris and Ramesh, Aditya and Goh, Gabriel and Agarwal, Sandhini and Sastry, Girish and Askell, Amanda and Mishkin, Pamela and Clark, Jack and others},
  booktitle={International conference on machine learning},
  pages={8748--8763},
  year={2021},
  organization={PMLR}
}


@inproceedings{zhang2023cross,
  title={Cross-View Image Sequence Geo-localization},
  author={Zhang, Xiaohan and Sultani, Waqas and Wshah, Safwan},
  booktitle={Proceedings of the IEEE/CVF Winter Conference on Applications of Computer Vision},
  pages={2914--2923},
  year={2023}
}


@InProceedings{Lee_2023_CVPR,
    author    = {Lee, Jongmin and Kim, Byungjin and Kim, Seungwook and Cho, Minsu},
    title     = {Learning Rotation-Equivariant Features for Visual Correspondence},
    booktitle = {CVPR},
    month     = {June},
    year      = {2023},
    pages     = {21887-21897}
}

@article{liu2020high,
  title={High definition map for automated driving: Overview and analysis},
  author={Liu, Rong and Wang, Jinling and Zhang, Bingqi},
  journal={The Journal of Navigation},
  volume={73},
  number={2},
  pages={324--341},
  year={2020},
  publisher={Cambridge University Press}
}

@article{xiao2020monocular,
  title={Monocular localization with vector HD map (MLVHM): A low-cost method for commercial IVs},
  author={Xiao, Zhongyang and Yang, Diange and Wen, Tuopu and Jiang, Kun and Yan, Ruidong},
  journal={Sensors},
  volume={20},
  number={7},
  pages={1870},
  year={2020},
  publisher={MDPI}
}

@inproceedings{xia2024adapting,
  title={Adapting Fine-Grained Cross-View Localization to Areas without Fine Ground Truth},
  author={Xia, Zimin and Shi, Yujiao and Li, Hongdong and Kooij, Julian FP},
  booktitle={Proceedings of the European Conference on Computer Vision (ECCV)},
  year={2024}
}


@inproceedings{DeBNet,
  title={Depth-aware blind image decomposition for real-world adverse weather recovery},
  author={Wang, Chao and Zheng, Zhedong and Quan Ruijie and Yang, Yi},
  booktitle={Proceedings of the European Conference on Computer Vision (ECCV)},
  year={2024}
}

@inproceedings{GeoText1652, 
title={Towards Natural Language-Guided Drones: GeoText-1652 Benchmark with Spatial Relation Matching}, 
author={Chu, Meng and Zheng, Zhedong and Ji, Wei and Wang, Tingyu and Chua, Tat-Seng}, 
booktitle={Proceedings of the European Conference on Computer Vision (ECCV)}, 
year={2024} 
}

@inproceedings{yeshwanth2023scannet++,
  title={Scannet++: A high-fidelity dataset of 3d indoor scenes},
  author={Yeshwanth, Chandan and Liu, Yueh-Cheng and Nie{\ss}ner, Matthias and Dai, Angela},
  booktitle={Proceedings of the IEEE/CVF International Conference on Computer Vision},
  pages={12--22},
  year={2023}
}

@inproceedings{ronneberger2015u,
  title={U-net: Convolutional networks for biomedical image segmentation},
  author={Ronneberger, Olaf and Fischer, Philipp and Brox, Thomas},
  booktitle={Medical image computing and computer-assisted intervention--MICCAI 2015: 18th international conference, Munich, Germany, October 5-9, 2015, proceedings, part III 18},
  pages={234--241},
  year={2015},
  organization={Springer}
}

@inproceedings{wang2024view,
  title={View From Above: Orthogonal-View aware Cross-view Localization},
  author={Wang, Shan and Nguyen, Chuong and Liu, Jiawei and Zhang, Yanhao and Muthu, Sundaram and Maken, Fahira Afzal and Zhang, Kaihao and Li, Hongdong},
  booktitle={Proceedings of the IEEE/CVF Conference on Computer Vision and Pattern Recognition},
  pages={14843--14852},
  year={2024}
}
@article{yang2023parametric,
  title={Parametric Depth Based Feature Representation Learning for Object Detection and Segmentation in Bird’s-Eye View},
  author={Yang, Jiayu and Xie, Enze and Liu, Miaomiao and Alvarez, Jose M},
  journal={ICCV},
  year={2023}
}
@inproceedings{reiher2020sim2real,
  title={A sim2real deep learning approach for the transformation of images from multiple vehicle-mounted cameras to a semantically segmented image in bird’s eye view},
  author={Reiher, Lennart and Lampe, Bastian and Eckstein, Lutz},
  booktitle={2020 IEEE 23rd International Conference on Intelligent Transportation Systems (ITSC)},
  pages={1--7},
  year={2020},
  organization={IEEE}
}
@inproceedings{qin2023supfusion,
  title={SupFusion: Supervised LiDAR-camera fusion for 3D object detection},
  author={Qin, Yiran and Wang, Chaoqun and Kang, Zijian and Ma, Ningning and Li, Zhen and Zhang, Ruimao},
  booktitle={Proceedings of the IEEE/CVF International Conference on Computer Vision},
  pages={22014--22024},
  year={2023}
}
@inproceedings{liu2025seed,
  title={SEED: A Simple and Effective 3D DETR in Point Clouds},
  author={Liu, Zhe and Hou, Jinghua and Ye, Xiaoqing and Wang, Tong and Wang, Jingdong and Bai, Xiang},
  booktitle={European Conference on Computer Vision},
  pages={110--126},
  year={2025},
  organization={Springer}
}
@inproceedings{lin2024rcbevdet,
  title={RCBEVDet: Radar-camera Fusion in Bird's Eye View for 3D Object Detection},
  author={Lin, Zhiwei and Liu, Zhe and Xia, Zhongyu and Wang, Xinhao and Wang, Yongtao and Qi, Shengxiang and Dong, Yang and Dong, Nan and Zhang, Le and Zhu, Ce},
  booktitle={Proceedings of the IEEE/CVF Conference on Computer Vision and Pattern Recognition},
  pages={14928--14937},
  year={2024}
}
@article{mildenhall2021nerf,
  title={Nerf: Representing scenes as neural radiance fields for view synthesis},
  author={Mildenhall, Ben and Srinivasan, Pratul P and Tancik, Matthew and Barron, Jonathan T and Ramamoorthi, Ravi and Ng, Ren},
  journal={Communications of the ACM},
  volume={65},
  number={1},
  pages={99--106},
  year={2021},
  publisher={ACM New York, NY, USA}
}
@article{hong2023lrm,
  title={Lrm: Large reconstruction model for single image to 3d},
  author={Hong, Yicong and Zhang, Kai and Gu, Jiuxiang and Bi, Sai and Zhou, Yang and Liu, Difan and Liu, Feng and Sunkavalli, Kalyan and Bui, Trung and Tan, Hao},
  journal={arXiv preprint arXiv:2311.04400},
  year={2023}
}
@misc{rombach2021highresolution,
      title={High-Resolution Image Synthesis with Latent Diffusion Models}, 
      author={Robin Rombach and Andreas Blattmann and Dominik Lorenz and Patrick Esser and Björn Ommer},
      year={2021},
      eprint={2112.10752},
      archivePrefix={arXiv},
      primaryClass={cs.CV}
}
@article{cai2024baking,
  title={Baking gaussian splatting into diffusion denoiser for fast and scalable single-stage image-to-3d generation},
  author={Cai, Yuanhao and Zhang, He and Zhang, Kai and Liang, Yixun and Ren, Mengwei and Luan, Fujun and Liu, Qing and Kim, Soo Ye and Zhang, Jianming and Zhang, Zhifei and others},
  journal={arXiv preprint arXiv:2411.14384},
  year={2024}
}
@inproceedings{mu2025gsd,
  title={Gsd: View-guided gaussian splatting diffusion for 3d reconstruction},
  author={Mu, Yuxuan and Zuo, Xinxin and Guo, Chuan and Wang, Yilin and Lu, Juwei and Wu, Xiaofeng and Xu, Songcen and Dai, Peng and Yan, Youliang and Cheng, Li},
  booktitle={European Conference on Computer Vision},
  pages={55--72},
  year={2025},
  organization={Springer}
}
@article{zhou2024diffgs,
  title={Diffgs: Functional gaussian splatting diffusion},
  author={Zhou, Junsheng and Zhang, Weiqi and Liu, Yu-Shen},
  journal={arXiv preprint arXiv:2410.19657},
  year={2024}
}
@misc{chen2024splatformer,
    title={SplatFormer: Point Transformer for Robust 3D Gaussian Splatting}, 
    author={Yutong Chen and Marko Mihajlovic and Xiyi Chen and Yiming Wang and Sergey Prokudin and Siyu Tang},
    year={2024},
    eprint={2411.06390},
    archivePrefix={arXiv},
    primaryClass={cs.CV},
    url={https://arxiv.org/abs/2411.06390}, 
}
@article{GaussTR,
    title = {GaussTR: Foundation Model-Aligned Gaussian Transformer for Self-Supervised 3D Spatial Understanding},
    author = {Haoyi Jiang and Liu Liu and Tianheng Cheng and Xinjie Wang and Tianwei Lin and Zhizhong Su and Wenyu Liu and Xinggang Wang},
    year = 2024,
    journal = {arXiv preprint arXiv:2412.13193}
}