@article{bai2022training,
  title={Training a helpful and harmless assistant with reinforcement learning from human feedback},
  author={Bai, Yuntao and Jones, Andy and Ndousse, Kamal and Askell, Amanda and Chen, Anna and DasSarma, Nova and Drain, Dawn and Fort, Stanislav and Ganguli, Deep and Henighan, Tom and others},
  journal={arXiv preprint arXiv:2204.05862},
  year={2022}
}

@article{bukharin2024robust,
  title={Robust reinforcement learning from corrupted human feedback},
  author={Bukharin, Alexander and Hong, Ilgee and Jiang, Haoming and Li, Zichong and Zhang, Qingru and Zhang, Zixuan and Zhao, Tuo},
  journal={arXiv preprint arXiv:2406.15568},
  year={2024}
}

@article{chen2018robust,
  title={A robust learning approach for regression models based on distributionally robust optimization},
  author={Chen, Ruidi and Paschalidis, Ioannis Ch},
  journal={Journal of Machine Learning Research},
  volume={19},
  number={13},
  pages={1--48},
  year={2018}
}

@article{duchi2018learning,
author = {John C. Duchi and Hongseok Namkoong},
title = {{Learning models with uniform performance via distributionally robust optimization}},
volume = {49},
journal = {The Annals of Statistics},
number = {3},
publisher = {Institute of Mathematical Statistics},
pages = {1378 -- 1406},
year = {2021},
doi = {10.1214/20-AOS2004}
}

@article{esfahani2015data,
  title={Data-driven distributionally robust optimization using the Wasserstein metric: performance guarantees and tractable reformulations},
  author={Mohajerin Esfahani, Peyman and Kuhn, Daniel},
  journal={Mathematical Programming},
  volume={171},
  number={1-2},
  pages={115--166},
  year={2018},
  publisher={Springer}
}

@article{gao2022wasserstein,
  title={Wasserstein distributionally robust optimization and variation regularization},
  author={Gao, Rui and Chen, Xi and Kleywegt, Anton J},
  journal={Operations Research},
  year={2022},
  publisher={Informs}
}

@article{huang2024correcting,
  title={Correcting the Mythos of KL-Regularization: Direct Alignment without Overoptimization via Chi-Squared Preference Optimization},
  author={Huang, Audrey and Zhan, Wenhao and Xie, Tengyang and Lee, Jason D and Sun, Wen and Krishnamurthy, Akshay and Foster, Dylan J},
  journal={arXiv preprint arXiv:2407.13399},
  year={2024}
}

@incollection{kuhn2019wasserstein,
  title={Wasserstein distributionally robust optimization: Theory and applications in machine learning},
  author={Kuhn, Daniel and Esfahani, Peyman Mohajerin and Nguyen, Viet Anh and Shafieezadeh-Abadeh, Soroosh},
  booktitle={Operations research \& management science in the age of analytics},
  pages={130--166},
  year={2019},
  publisher={Informs}
}

@article{levy2020large,
  title={Large-scale methods for distributionally robust optimization},
  author={Levy, Daniel and Carmon, Yair and Duchi, John C and Sidford, Aaron},
  journal={Advances in Neural Information Processing Systems},
  volume={33},
  pages={8847--8860},
  year={2020}
}

@article{namkoong2016stochastic,
  title={Stochastic gradient methods for distributionally robust optimization with f-divergences},
  author={Namkoong, Hongseok and Duchi, John C},
  journal={Advances in neural information processing systems},
  volume={29},
  year={2016}
}

@article{padmakumar2024beyond,
  title={Beyond the binary: Capturing diverse preferences with reward regularization},
  author={Padmakumar, Vishakh and Jin, Chuanyang and Kirk, Hannah Rose and He, He},
  journal={arXiv preprint arXiv:2412.03822},
  year={2024}
}

@article{panaganti-rfqi,
  title={Robust Reinforcement Learning using Offline Data},
  author= {Panaganti, Kishan and Xu, Zaiyan and Kalathil, Dileep and Ghavamzadeh, Mohammad},
  journal={Advances in Neural Information Processing Systems (NeurIPS)},
  year={2022}
}

@article{ramesh2024group,
  title={Group Robust Preference Optimization in Reward-free RLHF},
  author={Ramesh, Shyam Sundhar and Hu, Yifan and Chaimalas, Iason and Mehta, Viraj and Sessa, Pier Giuseppe and Ammar, Haitham Bou and Bogunovic, Ilija},
  journal={arXiv preprint arXiv:2405.20304},
  year={2024}
}

@article{shi2024distributionally,
  title={Distributionally robust model-based offline reinforcement learning with near-optimal sample complexity},
  author={Shi, Laixi and Chi, Yuejie},
  journal={Journal of Machine Learning Research},
  volume={25},
  number={200},
  pages={1--91},
  year={2024}
}

@inproceedings{si2020distributionally,
  title={Distributionally robust policy evaluation and learning in offline contextual bandits},
  author={Si, Nian and Zhang, Fan and Zhou, Zhengyuan and Blanchet, Jose},
  booktitle={International Conference on Machine Learning},
  pages={8884--8894},
  year={2020},
 }

@article{wu2024towards,
  title={Towards Robust Alignment of Language Models: Distributionally Robustifying Direct Preference Optimization},
  author={Wu, Junkang and Xie, Yuexiang and Yang, Zhengyi and Wu, Jiancan and Chen, Jiawei and Gao, Jinyang and Ding, Bolin and Wang, Xiang and He, Xiangnan},
  journal={arXiv preprint arXiv:2407.07880},
  year={2024}
}

@article{yan2024reward,
  title={Reward-robust rlhf in llms},
  author={Yan, Yuzi and Lou, Xingzhou and Li, Jialian and Zhang, Yiping and Xie, Jian and Yu, Chao and Wang, Yu and Yan, Dong and Shen, Yuan},
  journal={arXiv preprint arXiv:2409.15360},
  year={2024}
}

@article{yang2022toward,
  title={Toward theoretical understandings of robust {M}arkov decision processes: Sample complexity and asymptotics},
  author={Yang, Wenhao and Zhang, Liangyu and Zhang, Zhihua},
  journal={The Annals of Statistics},
  volume={50},
  number={6},
  pages={3223--3248},
  year={2022},
  publisher={Institute of Mathematical Statistics}
}

@inproceedings{yang2023distributionally,
  title={Distributionally robust policy gradient for offline contextual bandits},
  author={Yang, Zhouhao and Guo, Yihong and Xu, Pan and Liu, Anqi and Anandkumar, Animashree},
  booktitle={International Conference on Artificial Intelligence and Statistics},
  pages={6443--6462},
  year={2023},
  organization={PMLR}
}

@article{zhou2024natural,
  title={Natural actor-critic for robust reinforcement learning with function approximation},
  author={Zhou, Ruida and Liu, Tao and Cheng, Min and Kalathil, Dileep and Kumar, PR and Tian, Chao},
  journal={Advances in neural information processing systems},
  volume={36},
  year={2024}
}

