@article{akhound2024iterated,
  title={Iterated denoising energy matching for sampling from Boltzmann densities},
  author={Akhound-Sadegh, Tara and Rector-Brooks, Jarrid and Bose, Avishek Joey and Mittal, Sarthak and Lemos, Pablo and Liu, Cheng-Hao and Sendera, Marcin and Ravanbakhsh, Siamak and Gidel, Gauthier and Bengio, Yoshua and others},
  year={2024},
  journal={International Conference on Machine Learning (ICML)}
}

@article{albergo2023dependent,
  title={Stochastic interpolants with data-dependent couplings},
  author={Albergo, Michael S and Goldstein, Mark and Boffi, Nicholas M and Ranganath, Rajesh and Vanden-Eijnden, Eric},
  year={2024},
  journal={International Conference on Machine Learning (ICML)}
}

@article{albergo2023stochastic,
  title={Stochastic interpolants: A unifying framework for flows and diffusions},
  author={Albergo, Michael S and Boffi, Nicholas M and Vanden-Eijnden, Eric},
  journal={arXiv preprint arXiv:2303.08797},
  year={2023},
}

@article{anderson1982reverse,
  title={Reverse-time diffusion equation models},
  author={Anderson, Brian DO},
  journal={Stochastic Processes and their Applications},
  volume={12},
  number={3},
  pages={313--326},
  year={1982},
  publisher={Elsevier}
}

@article{de2024target,
  title={Target Score Matching},
  author={De Bortoli, Valentin and Hutchinson, Michael and Wirnsberger, Peter and Doucet, Arnaud},
  journal={arXiv preprint arXiv:2402.08667},
  year={2024},
}

@article{ho2020denoising,
  title={Denoising diffusion probabilistic models},
  author={Ho, Jonathan and Jain, Ajay and Abbeel, Pieter},
  journal={Neural Information Processing Systems (NeurIPS)},
  year={2020},
}

@article{kingma2016improved,
  title={Improved variational inference with inverse autoregressive flow},
  author={Kingma, Durk P and Salimans, Tim and Jozefowicz, Rafal and Chen, Xi and Sutskever, Ilya and Welling, Max},
  journal={Neural Information Processing Systems (NIPS)},
  year={2016}
}

@article{kobyzev2020normalizing,
  title={Normalizing flows: An introduction and review of current methods},
  author={Kobyzev, Ivan and Prince, Simon JD and Brubaker, Marcus A},
  journal={IEEE transactions on pattern analysis and machine intelligence},
  volume={43},
  number={11},
  pages={3964--3979},
  year={2020},
  publisher={IEEE}
}

@article{lipman2022flow,
  title={Flow matching for generative modeling},
  author={Lipman, Yaron and Chen, Ricky TQ and Ben-Hamu, Heli and Nickel, Maximilian and Le, Matt},
  year={2023},
  journal={International Conference on Learning Representations (ICLR)}
}

@article{nichol2021improved,
  title={Improved denoising diffusion probabilistic models},
  author={Nichol, Alexander Quinn and Dhariwal, Prafulla},
  year={2021},
  journal={International Conference on Machine Learning (ICML)}
}

@article{papamakarios2021normalizing,
  title={Normalizing flows for probabilistic modeling and inference},
  author={Papamakarios, George and Nalisnick, Eric and Rezende, Danilo Jimenez and Mohamed, Shakir and Lakshminarayanan, Balaji},
  journal={Journal of Machine Learning Research},
  volume={22},
  number={57},
  pages={1--64},
  year={2021},
}

@article{rezende2015variational,
  title={Variational inference with normalizing flows},
  author={Rezende, Danilo and Mohamed, Shakir},
  year={2015},
journal={International Conference on Machine Learning (ICML)}
}

@book{sarkka2019applied,
  title={Applied stochastic differential equations},
  author={S{\"a}rkk{\"a}, Simo and Solin, Arno},
  volume={10},
  year={2019},
  publisher={Cambridge University Press}
}

@article{song2020denoising,
  title={Denoising diffusion implicit models},
  author={Song, Jiaming and Meng, Chenlin and Ermon, Stefano},
  year={2021},
  journal={International Conference on Learning Representations (ICLR)}
}

@article{song2020improved,
  title={Improved techniques for training score-based generative models},
  author={Song, Yang and Ermon, Stefano},
  journal={Neural Information Processing Systems (NeurIPS)},
  year={2020},
}

@article{song2020score,
  title={Score-based generative modeling through stochastic differential equations},
  author={Song, Yang and Sohl-Dickstein, Jascha and Kingma, Diederik P and Kumar, Abhishek and Ermon, Stefano and Poole, Ben},
  year={2021},
  journal={International Conference on Learning Representations (ICLR)}
}

@article{tong2023improving,
  title={Improving and generalizing flow-based generative models with minibatch optimal transport},
  author={Tong, Alexander and Fatras, Kilian and Malkin, Nikolay and Huguet, Guillaume and Zhang, Yanlei and Rector-Brooks, Jarrid and Wolf, Guy and Bengio, Yoshua},
  journal={Transactions on Machine Learning Research},
  year={2024},
}

