@article{FujishigeTamura2006,
title = {A general two-sided matching market with discrete concave utility functions},
journal = {Discrete Applied Mathematics},
volume = {154},
number = {6},
pages = {950-970},
year = {2006},
author = {Satoru Fujishige and Akihisa Tamura},
}

@book{GratzerWehrung2016,
  title     = {Lattice Theory: Special Topics and Applications, Volume 2},
  editor    = {George Grätzer and Friedrich Wehrung},
  year      = {2016},
  publisher = {Birkhäuser},
  address   = {Cham, Switzerland},
  pages     = {616},
}

@article{IK2024,
  title = {Efficient matching under general constraints},
  author = {Imamura, Kenzo and Kawase, Yasushi},
  journal = {Games and Economic Behavior},
  volume = {145},
  pages = {197-207},
  year = {2024},
}

@article{IK2024b,
  title = {Efficient and Strategy-proof Mechanism under General Constraints},
  author = {Imamura, Kenzo and Kawase, Yasushi},
  journal = {Theoretical Economics},
  year = {2024},
  pages = {1--28},
  note = {Forthcoming}
}

@article{MurotaYokoi2015,
  title = {On the {{Lattice Structure}} of {{Stable Allocations}} in a {{Two-Sided Discrete-Concave Market}}},
  author = {Murota, Kazuo and Yokoi, Yu},
  year = {2015},
  journal = {Mathematics of Operations Research},
  volume = {40},
  number = {2},
  pages = {460--473},
}

@article{STYYZ2023,
  title = {Strategyproof Allocation Mechanisms with Endowments and {M}-convex Distributional Constraints},
  journal = {Artificial Intelligence},
  volume = {315},
  pages = {103825},
  year = {2023},
  author = {Takamasa Suzuki and Akihisa Tamura and Kentaro Yahiro and Makoto Yokoo and Yuzhe Zhang},
}

@article{abdulkadirouglu2003school,
  title={School choice: A mechanism design approach},
  author={Abdulkadiro{\u{g}}lu, Atila and S{\"o}nmez, Tayfun},
  journal={American Economic Review},
  volume={93},
  number={3},
  pages={729--747},
  year={2003}
}

@incollection{adaricheva2016,
  title={Convex geometries},
  author={Adaricheva, Kira and Nation, J.B.},
  booktitle={Lattice Theory: Special Topics and Applications: Volume 2},
  pages={153--179},
  year={2016},
  publisher={Springer}
}

@article{aygun2013matching,
  title={Matching with contracts: Comment},
  author={Ayg{\"u}n, Orhan and S{\"o}nmez, Tayfun},
  journal={American Economic Review},
  volume={103},
  number={5},
  pages={2050--51},
  year={2013}
}

@article{blair1988,
	author = {Blair, Charles},
	journal = {Mathematics of Operations Research},
	number = {4},
	pages = {619--628},
	title = {The lattice structure of the set of stable matchings with multiple partners},
	volume = {13},
	year = {1988}}

@misc{che2019weak,
  title={Weak monotone comparative statics},
  author={Che, Yeon-Koo and Kim, Jinwoo and Kojima, Fuhito},
  archivePrefix={arXiv},
  eprint={1911.06442},
  year={2019}
}

@article{edelman1985convex,
  title={The theory of convex geometries},
  author={Edelman, Paul H. and Jamison, Robert E.},
  journal={Geometriae Dedicata},
  volume={19},
  number={3},
  pages={247--270},
  year={1985},
  publisher={Springer},
}

@article{ehlers2014school,
  title={School choice with controlled choice constraints: Hard bounds versus soft bounds},
  author={Ehlers, Lars and Hafalir, Isa E. and Yenmez, M. Bumin and Yildirim, Muhammed A.},
  journal={Journal of Economic Theory},
  volume={153},
  pages={648--683},
  year={2014},
  publisher={Elsevier}
}

@article{erdil2008s,
  title={What's the matter with tie-breaking? Improving efficiency in school choice},
  author={Erdil, Aytek and Ergin, Haluk},
  journal={American Economic Review},
  volume={98},
  number={3},
  pages={669--689},
  year={2008},
  publisher={American Economic Association}
}

@article{erdil2019efficiency,
  title={Efficiency and stability under substitutable priorities with ties},
  author={Erdil, Aytek and Kumano, Taro},
  journal={Journal of Economic Theory},
  volume={184},
  pages={104950},
  year={2019},
  publisher={Elsevier}
}

@article{erdil2022corrigendum,
  title={Corrigendum to “Efficiency and stability under substitutable priorities with ties” [J. Econ. Theory 184 (2019) 104950]},
  author={Erdil, Aytek and Kitahara, Minoru and Kumano, Taro and Okumura, Yasunori},
  journal={Journal of Economic Theory},
  volume={203},
  pages={105470},
  year={2022},
  publisher={Elsevier}
}

@article{hafalir2013effective,
  title={Effective affirmative action in school choice},
  author={Hafalir, Isa E. and Yenmez, M. Bumin and Yildirim, Muhammed A.},
  journal={Theoretical Economics},
  volume={8},
  number={2},
  pages={325--363},
  year={2013},
  publisher={Wiley Online Library}
}

@inproceedings{johnson1996algebraic,
  title={An algebraic characterization of path independent choice functions},
  author={Johnson, Mark R and Dean, Richard A},
  booktitle={Third International Meeting of the Society for Social Choice and Welfare, Maastricht, The Netherlands},
  year={1996},
  address={Maastricht, The Netherlands},
  pages={1--37}
}

@article{koshevoy1999choice,
  title={Choice functions and abstract convex geometries},
  author={Koshevoy, Gleb A},
  journal={Mathematical social sciences},
  volume={38},
  number={1},
  pages={35--44},
  year={1999},
  publisher={Elsevier}
}

@article{plott1973path,
  title={Path Independence, Rationality, and Social Choice},
  author={Plott, Charles R.},
  journal={Econometrica},
  volume={41},
  pages={1075--1091},
  year={1973},
  publisher={Wiley-Blackwell}
}

@article{roth1984stability,
  title = {Stability and Polarization of Interests in Job Matching},
  author={Roth, Alvin E.},
  journal = {Econometrica},
  volume = {52},
  number = {1},
  pages = {47--57},
  year = {1984},
  publisher={Wiley-Blackwell}
}

@article{sonmez2022affirmative,
  title={Affirmative action in {I}ndia via vertical, horizontal, and overlapping reservations},
  author={S{\"o}nmez, Tayfun and Yenmez, M. Bumin},
  journal={Econometrica},
  volume={90},
  number={3},
  pages={1143--1176},
  year={2022},
  publisher={Wiley-Blackwell}
}

@article{sotomayor1999three,
  title={Three remarks on the many-to-many stable matching problem},
  author={Sotomayor, Marilda},
  journal={Mathematical social sciences},
  volume={38},
  number={1},
  pages={55--70},
  year={1999},
  publisher={Elsevier}
}

@inproceedings{suzuki2018efficient,
  author = {Suzuki, Takamasa and Tamura, Akihisa and Yokoo, Makoto},
  title = {Efficient Allocation Mechanism with Endowments and Distributional Constraints},
  year = {2018},
  publisher = {International Foundation for Autonomous Agents and Multiagent Systems},
  address = {Richland, SC},
  booktitle = {Proceedings of the 17th International Conference on Autonomous Agents and MultiAgent Systems},
  pages = {50--58},
  numpages = {9},
  series = {AAMAS '18}
}

@misc{yokote2024rationalizing,
  title={Rationalizing path-independent choice rules},
  author={Yokote, Koji and Hafalir, Isa E and Kojima, Fuhito and Yenmez, M Bumin},
  archivePrefix={arXiv},
  eprint={2303.00892},
  year={2024},
}

