@article{blair1988,
	author = {Blair, Charles},
	journal = {Mathematics of Operations Research},
	number = {4},
	pages = {619--628},
	title = {The lattice structure of the set of stable matchings with multiple partners},
	volume = {13},
	year = {1988}}




@article{pathak2008leveling,
  title={Leveling the playing field: Sincere and sophisticated players in the Boston mechanism},
  author={Pathak, Parag A. and S{\"o}nmez, Tayfun},
  journal={American Economic Review},
  volume={98},
  number={4},
  pages={1636--1652},
  year={2008},
  publisher={American Economic Association}
}

@misc{echenique2024diversity,
  title={Diversity in Choice as Majorization},
  author={Echenique, Federico and Mekonnen, Teddy and Yenmez, M Bumin},
  archivePrefix={arXiv}, 
  eprint={2407.17589},
  year={2024}
}
@misc{che2019weak,
  title={Weak monotone comparative statics},
  author={Che, Yeon-Koo and Kim, Jinwoo and Kojima, Fuhito},
  archivePrefix={arXiv},
  eprint={1911.06442},
  year={2019}
}

@techreport{kumano2022quota,
  title={Quota adjustment process},
  author={Kumano, Taro and Kurino, Morimitsu},
  year={2022},
  institution={Institute for Economics Studies, Keio University}
}


@article{huang2021unidirectional,
  title={Unidirectional substitutes and complements},
  author={Huang, Chao},
  journal={arXiv preprint arXiv:2108.12572},
  year={2021}
}

@article{combe2022design,
  title={The design of teacher assignment: Theory and evidence},
  author={Combe, Julien and Tercieux, Olivier and Terrier, Camille},
  journal={The Review of Economic Studies},
  volume={89},
  number={6},
  pages={3154--3222},
  year={2022},
  publisher={Oxford University Press}
}
@article{combe2022market,
  title={Market Design for Distributional Objectives in (Re) assignment: An Application to Improve the Distribution of Teachers in Schools},
  author={Combe, Julien and Dur, Umut and Tercieux, Olivier and Terrier, Camille and {\"U}nver, M. Utku},
journal={Working Paper},
year={2022}
}

@article{pathak2013school,
  title={School admissions reform in Chicago and England: Comparing mechanisms by their vulnerability to manipulation},
  author={Pathak, Parag A. and S{\"o}nmez, Tayfun},
  journal={American Economic Review},
  volume={103},
  number={1},
  pages={80--106},
  year={2013},
  publisher={American Economic Association}
}

@article{kurata2017controlled,
  title={Controlled school choice with soft bounds and overlapping types},
  author={Kurata, Ryoji and Hamada, Naoto and Iwasaki, Atsushi and Yokoo, Makoto},
  journal={Journal of Artificial Intelligence Research},
  volume={58},
  pages={153--184},
  year={2017}
}
@article{gul1999walrasian,
  title={Walrasian equilibrium with gross substitutes},
  author={Gul, Faruk and Stacchetti, Ennio},
  journal={Journal of Economic theory},
  volume={87},
  number={1},
  pages={95--124},
  year={1999},
  publisher={Elsevier}
}
@article{fujishige2003note,
  title={A note on Kelso and Crawford's gross substitutes condition},
  author={Fujishige, Satoru and Yang, Zaifu},
  journal={Mathematics of Operations Research},
  volume={28},
  number={3},
  pages={463--469},
  year={2003},
  publisher={INFORMS}
}
@article{kelso1982job,
  title={Job matching, coalition formation, and gross substitutes},
  author={Kelso, Alexander S. and Crawford, Vincent P.},
  journal={Econometrica},
  pages={1483--1504},
  year={1982},
  publisher={Wiley-Blackwell}
}
@techreport{nguyen2022near,
  title={({N}ear) Substitute Preferences and Equilibria with Indivisibilities},
  author={Nguyen, Th{\`a}nh and Vohra, Rakesh},
  year={2022},
  institution={Penn Institute for Economic Research, Department of Economics, University of Pennsylvania}
}
@article{nguyen2024near,
    author = {Nguyen, Th{\`a}nh and Vohra, Rakesh},
    title = {({N}ear) Substitute Preferences and Equilibria with Indivisibilities},
    journal = {Journal of Political Economy},
    volume = {},
    number = {},
    pages = {forthcoming},
    year = {2024},
    doi = {10.1086/731413},
}

@article{aygun2021college,
  title={College admission with multidimensional privileges: The Brazilian affirmative action case},
  author={Ayg{\"u}n, Orhan and B{\'o}, In{\'a}cio},
  journal={American Economic Journal: Microeconomics},
  volume={13},
  number={3},
  pages={1--28},
  year={2021},
  publisher={American Economic Association 2014 Broadway, Suite 305, Nashville, TN 37203-2425}
}
@article{sonmez2022affirmative,
  title={Affirmative action in {I}ndia via vertical, horizontal, and overlapping reservations},
  author={S{\"o}nmez, Tayfun and Yenmez, M. Bumin},
  journal={Econometrica},
  volume={90},
  number={3},
  pages={1143--1176},
  year={2022},
  publisher={Wiley-Blackwell}
}
@article{abdulkadirouglu1998random,
  title={Random serial dictatorship and the core from random endowments in house allocation problems},
  author={Abdulkadiro{\u{g}}lu, Atila and S{\"o}nmez, Tayfun},
  journal={Econometrica},
  volume={66},
  number={3},
  pages={689--701},
  year={1998},
  publisher={Wiley-Blackwell}
}
@article{athey2013set,
  title={Set-asides and subsidies in auctions},
  author={Athey, Susan and Coey, Dominic and Levin, Jonathan},
  journal={American economic journal: microeconomics},
  volume={5},
  number={1},
  pages={1--27},
  year={2013},
  publisher={American Economic Association}
}
@article{delacretaz2023matching,
  title={Matching mechanisms for refugee resettlement},
  author={Delacr{\'e}taz, David and Kominers, Scott Duke and Teytelboym, Alexander},
  journal={American Economic Review},
  volume={113},
  number={10},
  pages={2689--2717},
  year={2023},
  publisher={American Economic Association 2014 Broadway, Suite 305, Nashville, TN 37203}
}
@article{carroll2014general,
  title={A general equivalence theorem for allocation of indivisible objects},
  author={Carroll, Gabriel},
  journal={Journal of Mathematical Economics},
  volume={51},
  pages={163--177},
  year={2014},
  publisher={Elsevier}
}
@article{hafalir2022interdistrict,
  title={Interdistrict school choice: A theory of student assignment},
  author={Hafalir, Isa E. and Kojima, Fuhito and Yenmez, M. Bumin},
  journal={Journal of Economic Theory},
  volume={201},
  pages={105441},
  year={2022},
  publisher={Elsevier}
}
@article{dur2019two,
  title={Two-sided matching via balanced exchange},
  author={Dur, Umut Mert and {\"U}nver, M. Utku},
  journal={Journal of Political Economy},
  volume={127},
  number={3},
  pages={1156--1177},
  year={2019},
  publisher={The University of Chicago Press Chicago, IL}
}

@article{erdil2019efficiency,
  title={Efficiency and stability under substitutable priorities with ties},
  author={Erdil, Aytek and Kumano, Taro},
  journal={Journal of Economic Theory},
  volume={184},
  pages={104950},
  year={2019},
  publisher={Elsevier}
}
@techreport{kamada2023ekkyo,
  title={Ekkyo Matching: How to Integrate Fragmented Matching Markets for Welfare Improvement},
  author={Kamada, Yuichiro and Kojima, Fuhito},
  year={2023},
  institution={Working Paper}
}
@article{erdil2008s,
  title={What's the matter with tie-breaking? Improving efficiency in school choice},
  author={Erdil, Aytek and Ergin, Haluk},
  journal={American Economic Review},
  volume={98},
  number={3},
  pages={669--689},
  year={2008},
  publisher={American Economic Association}
}
@article{erdil2017two,
  title={Two-sided matching with indifferences},
  author={Erdil, Aytek and Ergin, Haluk},
  journal={Journal of Economic Theory},
  volume={171},
  pages={268--292},
  year={2017},
  publisher={Elsevier}
}
@article{erdil2022corrigendum,
  title={Corrigendum to “Efficiency and stability under substitutable priorities with ties” [J. Econ. Theory 184 (2019) 104950]},
  author={Erdil, Aytek and Kitahara, Minoru and Kumano, Taro and Okumura, Yasunori},
  journal={Journal of Economic Theory},
  volume={203},
  pages={105470},
  year={2022},
  publisher={Elsevier}
}

@article{kominers2016matching,
  title={Matching with slot-specific priorities: Theory},
  author={Kominers, Scott Duke and S{\"o}nmez, Tayfun},
  journal={Theoretical Economics},
  volume={11},
  number={2},
  pages={683--710},
  year={2016},
  publisher={Wiley Online Library}
}
@article{yokote2022efficient,
  title={Efficient, fair, and strategy-proof allocation of discrete resources under weak preferences and constraints},
  author={Yokote, Koji},
  year={2022},
  journal = {The University of Tokyo Market Design Center Working Paper},
  pages={27 pages},
}

@article{aizerman1981general,
  title={General theory of best variants choice: Some aspects},
  author={Aizerman, Mark and Malishevski, Andrew},
  journal={IEEE Transactions on Automatic Control},
  volume={26},
  number={5},
  pages={1030--1040},
  year={1981},
  publisher={IEEE}
}

@book{mas1995microeconomic,
  title={Microeconomic Theory},
  author={Mas-Colell, Andreu and Whinston, Michael and Green, Jerry},
  year={1995},
  publisher={Oxford University Press},
  address={Oxford, England},
}

@article{plott1973path,
  title={Path Independence, Rationality, and Social Choice},
  author={Plott, Charles R.},
  journal={Econometrica},
  volume={41},
  pages={1075--1091},
  year={1973},
  publisher={Wiley-Blackwell}
}

@misc{fujishige2024note,
  title={A Note on Ordinally Concave Functions},
  author={Fujishige, Satoru and Kojima, Fuhito and Yokote, Koji},
  year={2024},
  howpublished={arXiv preprint arXiv:2406.19697}
}

@article{kitahara2021stable,
  title={Stable mechanisms in controlled school choice},
  author={Kitahara, Minoru and Okumura, Yasunori},
  journal={Available at SSRN 3806916},
  year={2021}
}

@article{murota2003quasi,
  title={Quasi {M}-convex and {L}-convex functions—quasiconvexity in discrete optimization},
  author={Murota, Kazuo and Shioura, Akiyoshi},
  journal={Discrete Applied Mathematics},
  volume={131},
  number={2},
  pages={467--494},
  year={2003},
  publisher={Elsevier}
}
@misc{yokote2024rationalizing,
  title={Rationalizing path-independent choice rules},
  author={Yokote, Koji and Hafalir, Isa E and Kojima, Fuhito and Yenmez, M Bumin},
  archivePrefix={arXiv},
  eprint={2303.00892},
  year={2024},
}


@article{root2020incentives,
  title={Incentives and Efficiency in Constrained Allocation Mechanisms},
  author={Root, Joseph and Ahn, David S.},
  journal={arXiv preprint arXiv:2006.06776},
  year={2020}
}
@article{roth2004kidney,
  title={Kidney exchange},
  author={Roth, Alvin E. and S{\"o}nmez, Tayfun and {\"U}nver, M. Utku},
  journal={The Quarterly journal of economics},
  volume={119},
  number={2},
  pages={457--488},
  year={2004},
  publisher={MIT Press}
}
@article{bade2020random,
  title={Random serial dictatorship: the one and only},
  author={Bade, Sophie},
  journal={Mathematics of Operations Research},
  volume={45},
  number={1},
  pages={353--368},
  year={2020},
  publisher={INFORMS}
}

@article{pathak2011lotteries,
  title={Lotteries in student assignment: An equivalence result},
  author={Pathak, Parag A. and Sethuraman, Jay},
  journal={Theoretical Economics},
  volume={6},
  number={1},
  pages={1--17},
  year={2011},
  publisher={Wiley Online Library}
}

@article{sonmez2005house,
  title={House allocation with existing tenants: an equivalence},
  author={S{\"o}nmez, Tayfun and {\"U}nver, M. Utku},
  journal={Games and Economic Behavior},
  volume={52},
  number={1},
  pages={153--185},
  year={2005},
  publisher={Elsevier}
}

@article{manea2007serial,
  title={Serial dictatorship and Pareto optimality},
  author={Manea, Mihai},
  journal={Games and Economic Behavior},
  volume={61},
  number={2},
  pages={316--330},
  year={2007},
  publisher={Elsevier}
}

@article{abdulkadirouglu2003school,
  title={School choice: A mechanism design approach},
  author={Abdulkadiro{\u{g}}lu, Atila and S{\"o}nmez, Tayfun},
  journal={American Economic Review},
  volume={93},
  number={3},
  pages={729--747},
  year={2003}
}

@article{kamada2015efficient,
  title={Efficient matching under distributional constraints: Theory and applications},
  author={Kamada, Yuichiro and Kojima, Fuhito},
  journal={American Economic Review},
  volume={105},
  number={1},
  pages={67--99},
  year={2015}
}

@article{ehlers2014school,
  title={School choice with controlled choice constraints: Hard bounds versus soft bounds},
  author={Ehlers, Lars and Hafalir, Isa E. and Yenmez, M. Bumin and Yildirim, Muhammed A.},
  journal={Journal of Economic Theory},
  volume={153},
  pages={648--683},
  year={2014},
  publisher={Elsevier}
}

@article{fragiadakis2016strategyproof,
  title={Strategyproof matching with minimum quotas},
  author={Fragiadakis, Daniel and Iwasaki, Atsushi and Troyan, Peter and Ueda, Suguru and Yokoo, Makoto},
  journal={ACM Transactions on Economics and Computation (TEAC)},
  volume={4},
  number={1},
  pages={1--40},
  year={2016},
  publisher={ACM New York, NY, USA}
}

@article{kesten2010school,
  title={School choice with consent},
  author={Kesten, Onur},
  journal={The Quarterly Journal of Economics},
  volume={125},
  number={3},
  pages={1297--1348},
  year={2010},
  publisher={MIT Press}
}

@article{bando2014existence,
  title={On the existence of a strictly strong {Nash} equilibrium under the student-optimal deferred acceptance algorithm},
  author={Bando, Keisuke},
  journal={Games and Economic Behavior},
  volume={87},
  pages={269--287},
  year={2014},
  publisher={Elsevier}
}

@article{bando2021stability,
  title={Stability and Substitutability in Dynamic Matching Markets},
  author={Bando, Keisuke and Kawasaki, Ryo},
  journal={SSRN 3933533},
  year={2021},
  page={Working paper}
}

@article{dur2021pandemic,
  title={Allocating Medical Resources During a Pandemic},
  author={Dur, Umut and  Morrill, Thayer and Phan, William},
  journal={Working Paper},
  year={2021}
}

@article{tang2014new,
  title={A new perspective on {K}esten's school choice with consent idea},
  author={Tang, Qianfeng and Yu, Jingsheng},
  journal={Journal of Economic Theory},
  volume={154},
  pages={543--561},
  year={2014},
  publisher={Elsevier}
}

@article{ehlers2020legal,
  title={({I}l) legal assignments in school choice},
  author={Ehlers, Lars and Morrill, Thayer},
  journal={The Review of Economic Studies},
  volume={87},
  number={4},
  pages={1837--1875},
  year={2020},
  publisher={Oxford University Press}
}

@article{shapley1974cores,
  title={On cores and indivisibility},
  author={Shapley, Lloyd and Scarf, Herbert},
  journal={Journal of mathematical economics},
  volume={1},
  number={1},
  pages={23--37},
  year={1974},
  publisher={Elsevier}
}

@article{abdulkadirouglu1999house,
  title={House allocation with existing tenants},
  author={Abdulkadiro{\u{g}}lu, Atila and S{\"o}nmez, Tayfun},
  journal={Journal of Economic Theory},
  volume={88},
  number={2},
  pages={233--260},
  year={1999},
  publisher={Elsevier}
}

@inproceedings{suzuki2018efficient,
  author = {Suzuki, Takamasa and Tamura, Akihisa and Yokoo, Makoto},
  title = {Efficient Allocation Mechanism with Endowments and Distributional Constraints},
  year = {2018},
  publisher = {International Foundation for Autonomous Agents and Multiagent Systems},
  address = {Richland, SC},
  booktitle = {Proceedings of the 17th International Conference on Autonomous Agents and MultiAgent Systems},
  pages = {50--58},
  numpages = {9},
  series = {AAMAS '18}
}


@BOOK{GJ1979,
  title = {Computers and Intractability: A Guide to the Theory of {NP}-Completeness},
  publisher = {Freeman New York},
  year = {1979},
  author = {Michael R. Garey and David S. Johnson},
}

@article{ergin2006games,
  title={Games of school choice under the {B}oston mechanism},
  author={Ergin, Haluk and S{\"o}nmez, Tayfun},
  journal={Journal of public Economics},
  volume={90},
  number={1-2},
  pages={215--237},
  year={2006},
  publisher={Elsevier}
}

@article{abdulkadirouglu2005college,
  title={College admissions with affirmative action},
  author={Abdulkadiro{\u{g}}lu, Atila},
  journal={International Journal of Game Theory},
  volume={33},
  number={4},
  pages={535--549},
  year={2005},
  publisher={Springer}
}

@article{hafalir2013effective,
  title={Effective affirmative action in school choice},
  author={Hafalir, Isa E. and Yenmez, M. Bumin and Yildirim, Muhammed A.},
  journal={Theoretical Economics},
  volume={8},
  number={2},
  pages={325--363},
  year={2013},
  publisher={Wiley Online Library}
}

@article{abraham2007two,
  title={Two algorithms for the student-project allocation problem},
  author={Abraham, David J. and Irving, Robert W. and Manlove, David F.},
  journal={Journal of Discrete Algorithms},
  volume={5},
  number={1},
  pages={73--90},
  year={2007},
  publisher={Elsevier}
}

@article{westkamp2013analysis,
  title={An analysis of the {G}erman university admissions system},
  author={Westkamp, Alexander},
  journal={Economic Theory},
  volume={53},
  number={3},
  pages={561--589},
  year={2013},
  publisher={Springer}
}

@article{aygun2020dynamic,
  title={Dynamic reserves in matching markets},
  author={Ayg{\"u}n, Orhan and Turhan, Bertan},
  journal={Journal of Economic Theory},
  volume={188},
  pages={105069},
  year={2020},
  publisher={Elsevier}
}

@article{goto2016strategyproof,
  title={Strategyproof matching with regional minimum and maximum quotas},
  author={Goto, Masahiro and Iwasaki, Atsushi and Kawasaki, Yujiro and Kurata, Ryoji and Yasuda, Yosuke and Yokoo, Makoto},
  journal={Artificial intelligence},
  volume={235},
  pages={40--57},
  year={2016},
  publisher={Elsevier}
}

@article{goto2017designing,
  title={Designing matching mechanisms under general distributional constraints},
  author={Goto, Masahiro and Kojima, Fuhito and Kurata, Ryoji and Tamura, Akihisa and Yokoo, Makoto},
  journal={American Economic Journal: Microeconomics},
  volume={9},
  number={2},
  pages={226--62},
  year={2017}
}

@article{fragiadakis2017improving,
  title={Improving matching under hard distributional constraints},
  author={Fragiadakis, Daniel and Troyan, Peter},
  journal={Theoretical Economics},
  volume={12},
  number={2},
  pages={863--908},
  year={2017},
  publisher={Wiley Online Library}
}


@article{kamada2017stability,
  title={Stability concepts in matching under distributional constraints},
  author={Kamada, Yuichiro and Kojima, Fuhito},
  journal={Journal of Economic theory},
  volume={168},
  pages={107--142},
  year={2017},
  publisher={Elsevier}
}

@article{kamada2018stability,
  title={Stability and strategy-proofness for matching with constraints: A necessary and sufficient condition},
  author={Kamada, Yuichiro and Kojima, Fuhito},
  journal={Theoretical Economics},
  volume={13},
  number={2},
  pages={761--793},
  year={2018},
  publisher={Wiley Online Library}
}


@article{kamada2019fair,
  title={Fair Matching under Constraints: Theory and Applications},
  author={Kamada, Yuichiro and Kojima, Fuhito},
  journal = {The Review of Economic Studies},
  year = {2023},
  note = {rdad046}
}

@article{delacretaz2016refugee,
  title={Refugee resettlement},
  author={Delacr{\'e}taz, David and Kominers, Scott Duke and Teytelboym, Alexander},
  journal={University of Oxford Department of Economics Working Paper},
  year={2016}
}

@article{delacretaz2020matching,
  title={Matching Mechanisms for Refugee Resettlement},
  author={Delacr{\'e}taz, David and Kominers, Scott Duke and Teytelboym, Alexander},
  journal={Working Paper},
  year={2020}
}

@techreport{imamura2020meritocracy,
  title={Meritocracy versus diversity},
  author={Imamura, Kenzo},
  year={2020},
  institution={Working Paper}
}

@article{echenique2015control,
  title={How to control controlled school choice},
  author={Echenique, Federico and Yenmez, M. Bumin},
  journal={American Economic Review},
  volume={105},
  number={8},
  pages={2679--94},
  year={2015}
}

@article{kojima2018designing,
  title={Designing matching mechanisms under constraints: An approach from discrete convex analysis},
  author={Kojima, Fuhito and Tamura, Akihisa and Yokoo, Makoto},
  journal={Journal of Economic Theory},
  volume={176},
  pages={803--833},
  year={2018},
  publisher={Elsevier}
}

@article{biro2010college,
  title={The college admissions problem with lower and common quotas},
  author={Bir{\'o}, P{\'e}ter and Fleiner, Tam{\'a}s and Irving, Robert W. and Manlove, David F.},
  journal={Theoretical Computer Science},
  volume={411},
  number={34-36},
  pages={3136--3153},
  year={2010},
  publisher={Elsevier}
}

@article{abizada2016stability,
  title={Stability and incentives for college admissions with budget constraints},
  author={Abizada, Azar},
  journal={Theoretical Economics},
  volume={11},
  number={2},
  pages={735--756},
  year={2016},
  publisher={Wiley Online Library}
}

@techreport{kasuya2016anti,
  title={Anti-bullying school choice mechanism design},
  author={Kasuya, Yusuke},
  year={2016},
  institution={working paper}
}

@article{nguyen2019stable,
  title={Stable matching with proportionality constraints},
  author={Nguyen, Th{\`a}nh and Vohra, Rakesh},
  journal={Operations Research},
  volume={67},
  number={6},
  pages={1503--1519},
  year={2019},
  publisher={INFORMS}
}

@article{okumura2019school,
  title={School choice with general constraints: a market design approach for the nursery school waiting list problem in {J}apan},
  author={Okumura, Yasunori},
  journal={The Japanese Economic Review},
  volume={70},
  number={4},
  pages={497--516},
  year={2019},
  publisher={Springer}
}

@article{biro2015college,
  title={College admissions with stable score-limits},
  author={Bir{\'o}, P{\'e}ter and Kiselgof, Sofya},
  journal={Central European Journal of Operations Research},
  volume={23},
  number={4},
  pages={727--741},
  year={2015},
  publisher={Springer}
}


@book{KV2012,
author = {Korte, Bernhard and Vygen, Jens},
title = {Combinatorial Optimization: Theory and Algorithms},
year = {2012},
publisher = {Springer Publishing Company, Incorporated},
edition = {5th},
}

@inbook{lee2004, 
place={Cambridge}, 
series={Cambridge Texts in Applied Mathematics}, 
title={Matroid Intersection}, 
DOI={10.1017/CBO9780511616655.006}, 
booktitle={A First Course in Combinatorial Optimization}, 
publisher={Cambridge University Press}, 
author={Lee, Jon}, 
year={2004}, 
pages={84–106}, 
collection={Cambridge Texts in Applied Mathematics}
}

@article{dougan2016responsive,
  title={Responsive affirmative action in school choice},
  author={Do{\u{g}}an, Battal},
  journal={Journal of Economic Theory},
  volume={165},
  pages={69--105},
  year={2016},
  publisher={Elsevier}
}

@inproceedings{fleiner2001,
  title={A matroid generalization of the stable matching polytope},
  author={Fleiner, Tam{\'a}s},
  booktitle={International Conference on Integer Programming and Combinatorial Optimization},
  pages={105--114},
  year={2001},
  organization={Springer}
}
@article{fleiner2003,
  author = {Fleiner, Tam{\'a}s},
  title = {A Fixed-Point Approach to Stable Matchings and Some Applications},
  journal = {Mathematics of Operations Research},
  volume = {28},
  number = {1},
  pages = {103-126},
  year = {2003},
  doi = {10.1287/moor.28.1.103.14256},
}

@article{yokoi2017,
  title={A generalized polymatroid approach to stable matchings with lower quotas},
  author={Yokoi, Yu},
  journal={Mathematics of Operations Research},
  volume={42},
  number={1},
  pages={238--255},
  year={2017},
  publisher={INFORMS}
}

@article{fleiner-kamiyama2016,
  title={A matroid approach to stable matchings with lower quotas},
  author={Fleiner, Tam{\'a}s and Kamiyama, Naoyuki},
  journal={Mathematics of Operations Research},
  volume={41},
  number={2},
  pages={734--744},
  year={2016},
  publisher={INFORMS}
}

@incollection{edmonds2003,
  title={Submodular functions, matroids, and certain polyhedra},
  author={Edmonds, Jack},
  booktitle={Combinatorial Optimization—Eureka, You Shrink!},
  pages={11--26},
  year={2003},
  publisher={Springer}
}


@article{murota2016,
  title={Discrete Convex Analysis: A Tool for Economics and Game Theory},
  author={Murota, Kazuo},
  journal={Journal of Mechanism and Institution Design},
  volume={1},
  number={1},
  pages={151--273},
  year={2016}
}


@BOOK{murota2003,
  title = {Discrete Convex Analysis},
  publisher = {SIAM},
  year = {2003},
  author = {Murota, Kazuo},
  address = {Philadelphia},
}

@article{murota1996optimality,
  title={Valuated matroid intersection {I}: Optimality criteria},
  author={Murota, Kazuo},
  journal={SIAM Journal on Discrete Mathematics},
  volume={9},
  number={4},
  pages={545--561},
  year={1996},
  publisher={SIAM}
}

@article{murota1996algorithm,
  title={Valuated matroid intersection {II}: Algorithms},
  author={Murota, Kazuo},
  journal={SIAM Journal on Discrete Mathematics},
  volume={9},
  number={4},
  pages={562--576},
  year={1996},
  publisher={SIAM}
}

@article{fleiner2014choice,
  title={Choice function-based two-sided markets: stability, lattice property, path independence and algorithms},
  author={Fleiner, Tam{\'a}s and Jank{\'o}, Zsuzsanna},
  journal={Algorithms},
  volume={7},
  number={1},
  pages={32--59},
  year={2014},
  publisher={Multidisciplinary Digital Publishing Institute}
}

@article{roth1984stability,
  title = {Stability and Polarization of Interests in Job Matching},
  author={Roth, Alvin E.},
  journal = {Econometrica},
  volume = {52},
  number = {1},
  pages = {47--57},
  year = {1984},
  publisher={Wiley-Blackwell}
}


@article{aygun2013matching,
  title={Matching with contracts: Comment},
  author={Ayg{\"u}n, Orhan and S{\"o}nmez, Tayfun},
  journal={American Economic Review},
  volume={103},
  number={5},
  pages={2050--51},
  year={2013}
}

@article{hatfield2005matching,
  title={Matching with contracts},
  author={Hatfield, John William and Milgrom, Paul R.},
  journal={American Economic Review},
  volume={95},
  number={4},
  pages={913--935},
  year={2005}
}

@article{eraslan2004strategic,
  title={Strategic candidacy for multivalued voting procedures},
  author={Eraslan, H{\"u}lya and McLennan, Andrew},
  journal={Journal of Economic Theory},
  volume={117},
  number={1},
  pages={29--54},
  year={2004},
  publisher={Elsevier}
}

@techreport{papai2013matching,
  title={Matching with minimal priority rights},
  author={P{\'a}pai, Szilvia},
  institution={Concordia University},
  year={2013}
}

@article{alcalde2015strategy,
  title={Strategy-proof fair school placement},
  author={Alcalde, Jos{\'e} and Romero-Medina, Antonio},
  journal={SSRN 1743082},
  year={2015},
  page={Working paper}
}

@article{andersson2020assigning,
  title={Assigning refugees to landlords in Sweden: Efficient, stable, and maximum matchings},
  author={Andersson, Tommy and Ehlers, Lars},
  journal={The Scandinavian Journal of Economics},
  volume={122},
  number={3},
  pages={937--965},
  year={2020},
  publisher={Wiley Online Library}
}
@article{yokoi2019matroidal,
  title={Matroidal choice functions},
  author={Yokoi, Yu},
  journal={SIAM Journal on Discrete Mathematics},
  volume={33},
  number={3},
  pages={1712--1724},
  year={2019},
  publisher={SIAM}
}

@article{kojima2008law,
  title={The law of aggregate demand and welfare in the two-sided matching market},
  author={Kojima, Fuhito},
  journal={Economics Letters},
  volume={99},
  number={3},
  pages={581--584},
  year={2008},
  publisher={Elsevier}
}

@article{balinski1999tale,
  title={A tale of two mechanisms: student placement},
  author={Balinski, Michel and S{\"o}nmez, Tayfun},
  journal={Journal of Economic theory},
  volume={84},
  number={1},
  pages={73--94},
  year={1999},
  publisher={Elsevier}
}


@article{STYYZ2023,
  title = {Strategyproof Allocation Mechanisms with Endowments and {M}-convex Distributional Constraints},
  journal = {Artificial Intelligence},
  volume = {315},
  pages = {103825},
  year = {2023},
  author = {Takamasa Suzuki and Akihisa Tamura and Kentaro Yahiro and Makoto Yokoo and Yuzhe Zhang},
}

@article{IK2024,
  title = {Efficient matching under general constraints},
  author = {Imamura, Kenzo and Kawase, Yasushi},
  journal = {Games and Economic Behavior},
  volume = {145},
  pages = {197-207},
  year = {2024},
}

@article{IK2024b,
  title = {Efficient and Strategy-proof Mechanism under General Constraints},
  author = {Imamura, Kenzo and Kawase, Yasushi},
  journal = {Theoretical Economics},
  year = {2024},
  pages = {1--28},
  note = {Forthcoming}
}


@article{papai2000,
  title={Strategyproof assignment by hierarchical exchange},
  author={P{\'a}pai, Szilvia},
  journal={Econometrica},
  volume={68},
  number={6},
  pages={1403--1433},
  year={2000},
  publisher={Wiley-Blackwell}
}

@misc{HKY2022,
      title={Efficient Market Design with Distributional Objectives}, 
      author={Isa E. Hafalir and Fuhito Kojima and M. Bumin Yenmez},
      year={2023},
      eprint={2301.00232},
      archivePrefix={arXiv},
      primaryClass={econ.TH}
}


@article{kamiyama2013note,
  title={A note on the serial dictatorship with project closures},
  author={Kamiyama, Naoyuki},
  journal={Operations Research Letters},
  volume={41},
  number={5},
  pages={559--561},
  year={2013},
  publisher={Elsevier}
}

@inproceedings{huang2010,
  title = {Classified Stable Matching},
  booktitle = {Proceedings of the Twenty-First Annual ACM-SIAM Symposium on Discrete Algorithms},
  author = {Huang, Chien-Chung},
  year = {2010},
  pages = {1235--1253}
}

@article{MS1999,
  title={M-convex function on generalized polymatroid},
  author={Murota, Kazuo and Shioura, Akiyoshi},
  journal={Mathematics of Operations Research},
  volume={24},
  number={1},
  pages={95--105},
  year={1999},
  publisher={INFORMS}
}

@incollection{Tardos1985,
  title={Generalized matroids and supermodular colourings},
  author={Tardos, \'{E}va},
  booktitle={Matroid Theory},
  publisher = {North-Holland Publishing},
  editor={Recski, A and Lov\'{a}sz, L},
  year = {1985},
  pages = {359--382},
  address = {Amsterdam},
}

@article{sotomayor1999three,
  title={Three remarks on the many-to-many stable matching problem},
  author={Sotomayor, Marilda},
  journal={Mathematical social sciences},
  volume={38},
  number={1},
  pages={55--70},
  year={1999},
  publisher={Elsevier}
}
@inproceedings{KI2020,
author = {Kawase, Yasushi and Iwasaki, Atsushi},
title = {Approximately Stable Matchings with General Constraints},
year = {2020},
booktitle={Proceedings of the 19th International Conference on Autonomous Agents and MultiAgent Systems},
pages = {602--610},
}

@book{frank2011connections,
  title={Connections in combinatorial optimization},
  author={Frank, Andr{\'a}s},
  volume={38},
  year={2011},
  publisher={Oxford University Press Oxford}
}

@article{MurotaYokoi2015,
  title = {On the {{Lattice Structure}} of {{Stable Allocations}} in a {{Two-Sided Discrete-Concave Market}}},
  author = {Murota, Kazuo and Yokoi, Yu},
  year = {2015},
  journal = {Mathematics of Operations Research},
  volume = {40},
  number = {2},
  pages = {460--473},
}

@article{FujishigeTamura2006,
title = {A general two-sided matching market with discrete concave utility functions},
journal = {Discrete Applied Mathematics},
volume = {154},
number = {6},
pages = {950-970},
year = {2006},
author = {Satoru Fujishige and Akihisa Tamura},
}

@article{FarooqTamura2004,
  title={A New Characterization of M${}^\natural$-convex Set Functions by Substitutability},
  author={Rashid Farooq and Akihisa Tamura},
  journal={Journal of the Operations Research Society of Japan},
  volume={47},
  number={1},
  pages={18-24},
  year={2004},
}

@book{murota2010matrices,
  title={Matrices and matroids for systems analysis},
  author={Murota, Kazuo},
  year={2010},
  publisher={Springer}
}

@article{FarooqShioura2004,
  title={A Note on the Equivalence Between Substitutability and M${}^\natural$-convexity},
  author={Rashid Farooq and Akiyoshi Shioura},
  journal={Pacific Journal of Optimization},
  volume={1},
  pages={243--252},
  year={2005},
}

@article{ChenLi2021,
  title = {M{\textsuperscript{{$\natural$}}} -{{Convexity}} and {{Its Applications}} in {{Operations}}},
  author = {Chen, Xin and Li, Menglong},
  year = {2021},
  journal = {Operations Research},
  volume = {69},
  number = {5},
  pages = {1396--1408},
}

@incollection{adaricheva2016,
  title={Convex geometries},
  author={Adaricheva, Kira and Nation, J.B.},
  booktitle={Lattice Theory: Special Topics and Applications: Volume 2},
  pages={153--179},
  year={2016},
  publisher={Springer}
}

@article{koshevoy1999choice,
  title={Choice functions and abstract convex geometries},
  author={Koshevoy, Gleb A},
  journal={Mathematical social sciences},
  volume={38},
  number={1},
  pages={35--44},
  year={1999},
  publisher={Elsevier}
}


@inbook{AlvaD2023, 
  author = {Samson Alva and Battal Doğan},
  editor    = {Federico Echenique and Nicole Immorlica and Vijay V. Vazirani},
  title={Choice and Market Design}, 
  booktitle={Online and Matching-Based Market Design}, 
  publisher={Cambridge University Press}, 
  year={2023}, 
  pages={238–263}
}

@book{Knuth1997,
  author    = {Donald E. Knuth},
  title     = {The Art of Computer Programming, Volume 2: Seminumerical Algorithms},
  publisher = {Addison-Wesley},
  year      = {1997},
  edition   = {3rd},
  address   = {Boston},
}

@article{yang2020rationalizable,
  title={Rationalizable choice functions},
  author={Yang, Yi-You},
  journal={Games and Economic Behavior},
  volume={123},
  pages={120--126},
  year={2020},
  publisher={Elsevier}
}

@inproceedings{johnson1996algebraic,
  title={An algebraic characterization of path independent choice functions},
  author={Johnson, Mark R and Dean, Richard A},
  booktitle={Third International Meeting of the Society for Social Choice and Welfare, Maastricht, The Netherlands},
  year={1996},
  address={Maastricht, The Netherlands},
  pages={1--37}
}

@article{AlkanGale2003,
  title={Stable schedule matching under revealed preference},
  author={Alkan, Ahmet and Gale, David},
  journal={Journal of Economic Theory},
  volume={112},
  number={2},
  pages={289--306},
  year={2003},
}

@article{Alkan2002,
  title={A class of multipartner matching markets with a strong lattice structure},
  author={Alkan, Ahmet},
  journal={Economic Theory},
  volume={19},
  number={4},
  pages={737--746},
  year={2002},
}

@article{edelman1985convex,
  title={The theory of convex geometries},
  author={Edelman, Paul H. and Jamison, Robert E.},
  journal={Geometriae Dedicata},
  volume={19},
  number={3},
  pages={247--270},
  year={1985},
  publisher={Springer},
}

@book{GratzerWehrung2016,
  title     = {Lattice Theory: Special Topics and Applications, Volume 2},
  editor    = {George Grätzer and Friedrich Wehrung},
  year      = {2016},
  publisher = {Birkhäuser},
  address   = {Cham, Switzerland},
  pages     = {616},
}