@article{bludau2021,
  author = {M.-J. Bludau and M. Dörk and F. Heidmann},
  title = {Relational perspectives as situated visualizations of art collections},
  journal = {Digital Scholarship in the Humanities},
  volume = {36},
  year = {2021}
}

@article{castellano2021,
  author = {G. Castellano and G. Vessio},
  title = {Deep learning approaches to pattern extraction and recognition in paintings and drawings: An overview},
  journal = {Neural Computing and Applications},
  volume = {33},
  number = {19},
  pages = {12263--12282},
  year = {2021}
}

@article{crissaff2018,
  author = {L. Crissaff and L. Wood Ruby and S. Deutch and R. L. DuBois and J.-D. Fekete and J. Freire and C. Silva},
  title = {Aries: Enabling visual exploration and organization of art image collections},
  journal = {IEEE Computer Graphics and Applications},
  volume = {38},
  number = {1},
  pages = {91--108},
  year = {2018}
}

@inproceedings{dumas2014,
  author = {B. Dumas and B. Moerman and S. Trullemans and B. Signer},
  title = {Artvis: combining advanced visualisation and tangible interaction for the exploration, analysis and browsing of digital artwork collections},
  booktitle = {Proceedings of the 2014 International Working Conference on Advanced Visual Interfaces, AVI '14},
  pages = {65--72},
  year = {2014}
}

@misc{fink2024,
  author = {D. E. Fink and N. Steng and D. G. Hammermann and A. Knoll and D. S. Pilzweger-Steiner and D. C. Thonfeld},
  title = {Art. Dachau concentration camp in drawings and paintings},
  howpublished = {\url{https://www.kz-gedenkstaette-dachau.de/art-webtour/About.html}},
  year = {2024},
  note = {Accessed: 2024-02-10}
}

@article{hall2015,
  author = {P. Hall and H. Cai and Q. Wu and T. Corradi},
  title = {Cross-depiction problem: Recognition and synthesis of photographs and artwork},
  journal = {Computational Visual Media},
  volume = {1},
  number = {2},
  pages = {91--103},
  year = {2015}
}

@inproceedings{meffert2024,
  author = {N. Meffert and C. Østergaard and S. Jänicke and R. Khulusi and E. Rachow and N. Andersen},
  title = {A Survey on Storytelling Techniques for Heritage on Nazi Persecution},
  booktitle = {Proceedings of the 19th International Joint Conference on Computer Vision, Imaging and Computer Graphics Theory and Applications},
  pages = {603--615},
  year = {2024}
}

@article{meinecke2022,
  author = {C. Meinecke and C. Hall and S. Jänicke},
  title = {Towards enhancing virtual museums by contextualizing art through interactive visualizations},
  journal = {ACM Journal on Computing and Cultural Heritage },
  volume = {15},
  number = {4},
  year = {2022}
}

@article{meinecke2024,
  author = {C. Meinecke and E. Guéville and D. J. Wrisley and S. Jänicke},
  title = {Is medieval distant viewing possible?: Extending and enriching annotation of legacy image collections using visual analytics},
  journal = {Digital Scholarship in the Humanities},
  volume = {39},
  number = {2},
  pages = {638--656},
  year = {2024}
}

@inproceedings{meyer2024,
  author = {L. Meyer and J. E. Aaen and A. R. Tranberg and P. Kun and M. Freiberger and S. Risi and A. S. Løvlie},
  title = {Algorithmic ways of seeing: Using object detection to facilitate art exploration},
  booktitle = {Proceedings of the CHI Conference on Human Factors in Computing Systems, CHI '24},
  year = {2024},
  publisher = {ACM}
}

@article{whitelaw2015,
  author = {M. Whitelaw},
  title = {Generous interfaces for digital cultural collections},
  journal = {Digital Humanities Quarterly},
  volume = {9},
  number = {1},
  year = {2015},
  publisher = {University of Canberra, Australia}
}

@article{windhager2019,
  author = {F. Windhager and P. Federico and G. Schreder and K. Glinka and M. Dörk and S. Miksch and E. Mayr},
  title = {Visualization of cultural heritage collection data: State of the art and future challenges},
  journal = {IEEE Transactions on Visualization and Computer Graphics},
  volume = {25},
  number = {6},
  pages = {2311--2330},
  year = {2019}
}

