@misc{yadvashem2024,
  author = {Yad Vashem},
  title = {Spirit of creativity: Resistance through art during the holocaust},
  year = {2024},
  howpublished = {\url{https://www.yadvashem.org/museum/art/exhibitions/spirit-of-creativity.html}},
  note = {Accessed: 2024-02-10},
  publisher = {Yad Vashem, The World Holocaust Remembrance Center}
}

@article{beauregard2018,
  author = {L. Beauregard},
  title = {Art, music, and poetry: Artistic documentation during the holocaust},
  journal = {SWOSU Journal of Undergraduate Research},
  volume = {2},
  number = {1},
  pages = {Article 2},
  year = {2018}
}

@inproceedings{hall2024,
  author = {C. Hall and N. Stiassny and A. Grebe and H. López-Carral and B. Kortholt and S. Jänicke},
  title = {Using Prisoner Artworks in 3D as an innovative multimodal entry point to engaging with Heritage of Nazi Persecution},
  booktitle = {Proceedings of the Digital Humanities 2024},
  year = {2024}
}

@article{arnold2019,
  author = {T. Arnold and L. Tilton},
  title = {Distant viewing: analyzing large visual corpora},
  journal = {Digital Scholarship in the Humanities},
  volume = {34},
  year = {2019}
}

@article{bludau2021,
  author = {M.-J. Bludau and M. Dörk and F. Heidmann},
  title = {Relational perspectives as situated visualizations of art collections},
  journal = {Digital Scholarship in the Humanities},
  volume = {36},
  year = {2021}
}

@article{presiado2016,
  author = {M. Presiado},
  title = {A new perspective on holocaust art: women’s artistic expression of the female holocaust experience (1939--49)},
  journal = {Holocaust Studies},
  volume = {22},
  number = {4},
  pages = {417--446},
  year = {2016}
}

@article{castellano2021,
  author = {G. Castellano and G. Vessio},
  title = {Deep learning approaches to pattern extraction and recognition in paintings and drawings: An overview},
  journal = {Neural Computing and Applications},
  volume = {33},
  number = {19},
  pages = {12263--12282},
  year = {2021}
}

@article{crissaff2018,
  author = {L. Crissaff and L. Wood Ruby and S. Deutch and R. L. DuBois and J.-D. Fekete and J. Freire and C. Silva},
  title = {Aries: Enabling visual exploration and organization of art image collections},
  journal = {IEEE Computer Graphics and Applications},
  volume = {38},
  number = {1},
  pages = {91--108},
  year = {2018}
}

@inproceedings{dumas2014,
  author = {B. Dumas and B. Moerman and S. Trullemans and B. Signer},
  title = {Artvis: combining advanced visualisation and tangible interaction for the exploration, analysis and browsing of digital artwork collections},
  booktitle = {Proceedings of the 2014 International Working Conference on Advanced Visual Interfaces, AVI '14},
  pages = {65--72},
  year = {2014}
}

@misc{dutchinstitute2024,
  author = {Dutch Institute for War, Holocaust and Genocide Studies},
  title = {Beeldbank wo2},
  howpublished = {\url{https://beeldbankwo2.nl/nl/}},
  year = {2024},
  note = {Accessed: 2024-02-10}
}

@misc{fink2024,
  author = {D. E. Fink and N. Steng and D. G. Hammermann and A. Knoll and D. S. Pilzweger-Steiner and D. C. Thonfeld},
  title = {Art. Dachau concentration camp in drawings and paintings},
  howpublished = {\url{https://www.kz-gedenkstaette-dachau.de/art-webtour/About.html}},
  year = {2024},
  note = {Accessed: 2024-02-10}
}

@inproceedings{meffert2024,
  author = {N. Meffert and C. Østergaard and S. Jänicke and R. Khulusi and E. Rachow and N. Andersen},
  title = {A Survey on Storytelling Techniques for Heritage on Nazi Persecution},
  booktitle = {Proceedings of the 19th International Joint Conference on Computer Vision, Imaging and Computer Graphics Theory and Applications},
  pages = {603--615},
  year = {2024}
}

@article{meinecke2024,
  author = {C. Meinecke and E. Guéville and D. J. Wrisley and S. Jänicke},
  title = {Is medieval distant viewing possible?: Extending and enriching annotation of legacy image collections using visual analytics},
  journal = {Digital Scholarship in the Humanities},
  volume = {39},
  number = {2},
  pages = {638--656},
  year = {2024}
}

@article{johnson2023,
  author = {W. M. Johnson},
  title = {Artwork That Helps Frame History: Toward a Visual Historical and Sociological Analysis of Works Created by Prisoners from the Terezin Ghetto},
  journal = {Holocaust and Genocide Studies},
  volume = {37},
  number = {1},
  pages = {106--124},
  year = {2023}
}

@misc{memorise2024,
  author = {MEMORISE},
  title = {Virtualisation and Multimodal Exploration of Heritage on Nazi Persecution},
  howpublished = {\url{https://memorise.sdu.dk/}},
  year = {2024},
  note = {Accessed: 2024-02-10}
}

@misc{google2024,
  author = {Google},
  title = {Faster r-cnn from tensorflow},
  howpublished = {\url{https://www.kaggle.com/models/google/faster-rcnn-inception-resnet-v2/tensorFlow1/faster-rcnn-openimages-v4-inception-resnet-v2/1?tfhub-redirect=true}},
  year = {2024},
  note = {Accessed: 2024-02-10}
}

@article{hall2015,
  author = {P. Hall and H. Cai and Q. Wu and T. Corradi},
  title = {Cross-depiction problem: Recognition and synthesis of photographs and artwork},
  journal = {Computational Visual Media},
  volume = {1},
  number = {2},
  pages = {91--103},
  year = {2015}
}

@misc{macpaw2024,
  author = {MacPaw},
  title = {Gemini},
  howpublished = {\url{https://macpaw.com/gemini}},
  year = {2024},
  note = {Accessed: 2024-02-10}
}

@article{meinecke2022,
  author = {C. Meinecke and C. Hall and S. Jänicke},
  title = {Towards enhancing virtual museums by contextualizing art through interactive visualizations},
  journal = {ACM Journal on Computing and Cultural Heritage },
  volume = {15},
  number = {4},
  year = {2022}
}

@inproceedings{meyer2024,
  author = {L. Meyer and J. E. Aaen and A. R. Tranberg and P. Kun and M. Freiberger and S. Risi and A. S. Løvlie},
  title = {Algorithmic ways of seeing: Using object detection to facilitate art exploration},
  booktitle = {Proceedings of the CHI Conference on Human Factors in Computing Systems, CHI '24},
  year = {2024},
  publisher = {ACM}
}

@book{michelucci2019,
  author = {U. Michelucci},
  title = {Advanced Applied Deep Learning: Convolutional Neural Networks and Object Detection},
  publisher = {Apress},
  year = {2019},
  edition = {1},
  address = {Berkeley, CA}
}

@misc{quarter2024,
  author = {J. C. Quarter},
  title = {Jewish cultural quarter data repository},
  howpublished = {\url{https://data.jck.nl/search/}},
  year = {2024},
  note = {Accessed: 2024-02-10}
}

@article{ren2016,
  author = {S. Ren and K. He and R. Girshick and J. Sun},
  title = {Faster r-cnn: Towards real-time object detection with region proposal networks},
  journal = {IEEE Transactions on Pattern Analysis and Machine Intelligence},
  volume = {39},
  number = {6},
  pages = {1137--1149},
  year = {2016}
}

@misc{ushmm2024,
  author = {United States Holocaust Memorial Museum},
  title = {United States Holocaust Memorial Museum},
  howpublished = {\url{https://www.ushmm.org/pl}},
  year = {2024},
  note = {Accessed: 2024-02-10}
}

@book{vandenbroucke2018,
  author = {S. van den Broucke and B. Baesens},
  title = {Practical Web Scraping for Data Science: Best Practices and Examples with Python},
  publisher = {Apress},
  year = {2018},
  edition = {1},
  address = {Berkeley, CA}
}

@article{whitelaw2015,
  author = {M. Whitelaw},
  title = {Generous interfaces for digital cultural collections},
  journal = {Digital Humanities Quarterly},
  volume = {9},
  number = {1},
  year = {2015},
  publisher = {University of Canberra, Australia}
}

@article{windhager2019,
  author = {F. Windhager and P. Federico and G. Schreder and K. Glinka and M. Dörk and S. Miksch and E. Mayr},
  title = {Visualization of cultural heritage collection data: State of the art and future challenges},
  journal = {IEEE Transactions on Visualization and Computer Graphics},
  volume = {25},
  number = {6},
  pages = {2311--2330},
  year = {2019}
}
