@article{cambrian,
  title={Cambrian-1: A fully open, vision-centric exploration of multimodal llms},
  author={Tong, Shengbang and Brown, Ellis and Wu, Penghao and Woo, Sanghyun and Middepogu, Manoj and Akula, Sai Charitha and Yang, Jihan and Yang, Shusheng and Iyer, Adithya and Pan, Xichen and others},
  journal={arXiv preprint arXiv:2406.16860},
  year={2024}
}

@article{chameleon,
  title={Chameleon: Mixed-modal early-fusion foundation models},
  author={Team, Chameleon},
  journal={arXiv preprint arXiv:2405.09818},
  year={2024}
}

@inproceedings{clip,
  title={Learning transferable visual models from natural language supervision},
  author={Radford, Alec and Kim, Jong Wook and Hallacy, Chris and Ramesh, Aditya and Goh, Gabriel and Agarwal, Sandhini and Sastry, Girish and Askell, Amanda and Mishkin, Pamela and Clark, Jack and others},
  booktitle={International conference on machine learning},
  pages={8748--8763},
  year={2021},
  organization={PMLR}
}

@article{dinov2,
  title={Dinov2: Learning robust visual features without supervision},
  author={Oquab, Maxime and Darcet, Timoth{\'e}e and Moutakanni, Th{\'e}o and Vo, Huy and Szafraniec, Marc and Khalidov, Vasil and Fernandez, Pierre and Haziza, Daniel and Massa, Francisco and El-Nouby, Alaaeldin and others},
  journal={arXiv preprint arXiv:2304.07193},
  year={2023}
}

@inproceedings{discriminator,
  title={A style-based generator architecture for generative adversarial networks},
  author={Karras, Tero and Laine, Samuli and Aila, Timo},
  booktitle={Proceedings of the IEEE/CVF conference on computer vision and pattern recognition},
  pages={4401--4410},
  year={2019}
}

@article{dreamllm,
  title={Dreamllm: Synergistic multimodal comprehension and creation},
  author={Dong, Runpei and Han, Chunrui and Peng, Yuang and Qi, Zekun and Ge, Zheng and Yang, Jinrong and Zhao, Liang and Sun, Jianjian and Zhou, Hongyu and Wei, Haoran and others},
  journal={arXiv preprint arXiv:2309.11499},
  year={2023}
}

@inproceedings{emu2,
  title={Generative multimodal models are in-context learners},
  author={Sun, Quan and Cui, Yufeng and Zhang, Xiaosong and Zhang, Fan and Yu, Qiying and Wang, Yueze and Rao, Yongming and Liu, Jingjing and Huang, Tiejun and Wang, Xinlong},
  booktitle={Proceedings of the IEEE/CVF Conference on Computer Vision and Pattern Recognition},
  pages={14398--14409},
  year={2024}
}

@article{emu3,
  title={Emu3: Next-token prediction is all you need},
  author={Wang, Xinlong and Zhang, Xiaosong and Luo, Zhengxiong and Sun, Quan and Cui, Yufeng and Wang, Jinsheng and Zhang, Fan and Wang, Yueze and Li, Zhen and Yu, Qiying and others},
  journal={arXiv preprint arXiv:2409.18869},
  year={2024}
}

@article{gpt3,
  title={Chain-of-thought prompting elicits reasoning in large language models},
  author={Wei, Jason and Wang, Xuezhi and Schuurmans, Dale and Bosma, Maarten and Xia, Fei and Chi, Ed and Le, Quoc V and Zhou, Denny and others},
  journal={Advances in Neural Information Processing Systems},
  volume={35},
  pages={24824--24837},
  year={2022}
}

@article{gpt4,
  title={Gpt-4 technical report},
  author={Achiam, Josh and Adler, Steven and Agarwal, Sandhini and Ahmad, Lama and Akkaya, Ilge and Aleman, Florencia Leoni and Almeida, Diogo and Altenschmidt, Janko and Altman, Sam and Anadkat, Shyamal and others},
  journal={arXiv preprint arXiv:2303.08774},
  year={2023}
}

@inproceedings{groma,
  title={Groma: Localized visual tokenization for grounding multimodal large language models},
  author={Ma, Chuofan and Jiang, Yi and Wu, Jiannan and Yuan, Zehuan and Qi, Xiaojuan},
  booktitle={European Conference on Computer Vision},
  pages={417--435},
  year={2025},
  organization={Springer}
}

@inproceedings{latentdiffusion,
  title={High-resolution image synthesis with latent diffusion models},
  author={Rombach, Robin and Blattmann, Andreas and Lorenz, Dominik and Esser, Patrick and Ommer, Bj{\"o}rn},
  booktitle={Proceedings of the IEEE/CVF conference on computer vision and pattern recognition},
  pages={10684--10695},
  year={2022}
}

@article{liquid,
  title={Liquid: Language Models are Scalable and Unified Multi-modal Generators},
  author={Wu, Junfeng and Jiang, Yi and Ma, Chuofan and Liu, Yuliang and Zhao, Hengshuang and Yuan, Zehuan and Bai, Song and Bai, Xiang},
  journal={arXiv preprint arXiv:2412.04332},
  year={2024}
}

@article{llamagen,
  title={Autoregressive Model Beats Diffusion: Llama for Scalable Image Generation},
  author={Sun, Peize and Jiang, Yi and Chen, Shoufa and Zhang, Shilong and Peng, Bingyue and Luo, Ping and Yuan, Zehuan},
  journal={arXiv preprint arXiv:2406.06525},
  year={2024}
}

@article{llava,
  title={Visual instruction tuning},
  author={Liu, Haotian and Li, Chunyuan and Wu, Qingyang and Lee, Yong Jae},
  journal={Advances in neural information processing systems},
  volume={36},
  year={2024}
}

@article{lwm,
  title={World model on million-length video and language with ringattention},
  author={Liu, Hao and Yan, Wilson and Zaharia, Matei and Abbeel, Pieter},
  journal={arXiv preprint arXiv:2402.08268},
  year={2024}
}

@inproceedings{magvit,
  title={Magvit: Masked generative video transformer},
  author={Yu, Lijun and Cheng, Yong and Sohn, Kihyuk and Lezama, Jos{\'e} and Zhang, Han and Chang, Huiwen and Hauptmann, Alexander G and Yang, Ming-Hsuan and Hao, Yuan and Essa, Irfan and others},
  booktitle={Proceedings of the IEEE/CVF Conference on Computer Vision and Pattern Recognition},
  pages={10459--10469},
  year={2023}
}

@article{magvitv2,
  title={Language Model Beats Diffusion--Tokenizer is Key to Visual Generation},
  author={Yu, Lijun and Lezama, Jos{\'e} and Gundavarapu, Nitesh B and Versari, Luca and Sohn, Kihyuk and Minnen, David and Cheng, Yong and Birodkar, Vighnesh and Gupta, Agrim and Gu, Xiuye and others},
  journal={arXiv preprint arXiv:2310.05737},
  year={2023}
}

@inproceedings{maskgit,
  title={Maskgit: Masked generative image transformer},
  author={Chang, Huiwen and Zhang, Han and Jiang, Lu and Liu, Ce and Freeman, William T},
  booktitle={Proceedings of the IEEE/CVF Conference on Computer Vision and Pattern Recognition},
  pages={11315--11325},
  year={2022}
}

@article{metamorph,
  title={MetaMorph: Multimodal Understanding and Generation via Instruction Tuning},
  author={Tong, Shengbang and Fan, David and Zhu, Jiachen and Xiong, Yunyang and Chen, Xinlei and Sinha, Koustuv and Rabbat, Michael and LeCun, Yann and Xie, Saining and Liu, Zhuang},
  journal={arXiv preprint arXiv:2412.14164},
  year={2024}
}

@article{mm1,
  title={Mm1: Methods, analysis \& insights from multimodal llm pre-training},
  author={McKinzie, Brandon and Gan, Zhe and Fauconnier, Jean-Philippe and Dodge, Sam and Zhang, Bowen and Dufter, Philipp and Shah, Dhruti and Du, Xianzhi and Peng, Futang and Weers, Floris and others},
  journal={arXiv preprint arXiv:2403.09611},
  year={2024}
}

@article{nextgpt,
  title={Next-gpt: Any-to-any multimodal llm},
  author={Wu, Shengqiong and Fei, Hao and Qu, Leigang and Ji, Wei and Chua, Tat-Seng},
  journal={arXiv preprint arXiv:2309.05519},
  year={2023}
}

@inproceedings{perceptual,
  title={The unreasonable effectiveness of deep features as a perceptual metric},
  author={Zhang, Richard and Isola, Phillip and Efros, Alexei A and Shechtman, Eli and Wang, Oliver},
  booktitle={Proceedings of the IEEE conference on computer vision and pattern recognition},
  pages={586--595},
  year={2018}
}

@inproceedings{rqvae,
  title={Autoregressive image generation using residual quantization},
  author={Lee, Doyup and Kim, Chiheon and Kim, Saehoon and Cho, Minsu and Han, Wook-Shin},
  booktitle={Proceedings of the IEEE/CVF Conference on Computer Vision and Pattern Recognition},
  pages={11523--11532},
  year={2022}
}

@article{seed,
  title={Planting a seed of vision in large language model},
  author={Ge, Yuying and Ge, Yixiao and Zeng, Ziyun and Wang, Xintao and Shan, Ying},
  journal={arXiv preprint arXiv:2307.08041},
  year={2023}
}

@article{seedx,
  title={Seed-x: Multimodal models with unified multi-granularity comprehension and generation},
  author={Ge, Yuying and Zhao, Sijie and Zhu, Jinguo and Ge, Yixiao and Yi, Kun and Song, Lin and Li, Chen and Ding, Xiaohan and Shan, Ying},
  journal={arXiv preprint arXiv:2404.14396},
  year={2024}
}

@article{showo,
  title={Show-o: One single transformer to unify multimodal understanding and generation},
  author={Xie, Jinheng and Mao, Weijia and Bai, Zechen and Zhang, David Junhao and Wang, Weihao and Lin, Kevin Qinghong and Gu, Yuchao and Chen, Zhijie and Yang, Zhenheng and Shou, Mike Zheng},
  journal={arXiv preprint arXiv:2408.12528},
  year={2024}
}

@article{transfusion,
  title={Transfusion: Predict the next token and diffuse images with one multi-modal model},
  author={Zhou, Chunting and Yu, Lili and Babu, Arun and Tirumala, Kushal and Yasunaga, Michihiro and Shamis, Leonid and Kahn, Jacob and Ma, Xuezhe and Zettlemoyer, Luke and Levy, Omer},
  journal={arXiv preprint arXiv:2408.11039},
  year={2024}
}

@article{var,
  title={Visual autoregressive modeling: Scalable image generation via next-scale prediction},
  author={Tian, Keyu and Jiang, Yi and Yuan, Zehuan and Peng, Bingyue and Wang, Liwei},
  journal={arXiv preprint arXiv:2404.02905},
  year={2024}
}

@inproceedings{vila,
  title={Vila: On pre-training for visual language models},
  author={Lin, Ji and Yin, Hongxu and Ping, Wei and Molchanov, Pavlo and Shoeybi, Mohammad and Han, Song},
  booktitle={Proceedings of the IEEE/CVF Conference on Computer Vision and Pattern Recognition},
  pages={26689--26699},
  year={2024}
}

@article{vilau,
  title={Vila-u: a unified foundation model integrating visual understanding and generation},
  author={Wu, Yecheng and Zhang, Zhuoyang and Chen, Junyu and Tang, Haotian and Li, Dacheng and Fang, Yunhao and Zhu, Ligeng and Xie, Enze and Yin, Hongxu and Yi, Li and others},
  journal={arXiv preprint arXiv:2409.04429},
  year={2024}
}

@article{vitvqgan,
  title={Vector-quantized image modeling with improved vqgan},
  author={Yu, Jiahui and Li, Xin and Koh, Jing Yu and Zhang, Han and Pang, Ruoming and Qin, James and Ku, Alexander and Xu, Yuanzhong and Baldridge, Jason and Wu, Yonghui},
  journal={arXiv preprint arXiv:2110.04627},
  year={2021}
}

@inproceedings{vqgan,
  title={Taming transformers for high-resolution image synthesis},
  author={Esser, Patrick and Rombach, Robin and Ommer, Bjorn},
  booktitle={Proceedings of the IEEE/CVF conference on computer vision and pattern recognition},
  pages={12873--12883},
  year={2021}
}

@article{vqvae,
  title={Neural discrete representation learning},
  author={Van Den Oord, Aaron and Vinyals, Oriol and others},
  journal={Advances in neural information processing systems},
  volume={30},
  year={2017}
}

@article{wang2023makes,
  title={What Makes for Good Visual Tokenizers for Large Language Models?},
  author={Wang, Guangzhi and Ge, Yixiao and Ding, Xiaohan and Kankanhalli, Mohan and Shan, Ying},
  journal={arXiv preprint arXiv:2305.12223},
  year={2023}
}

