@String(PAMI = {IEEE Trans. Pattern Anal. Mach. Intell.})
@String(IJCV = {Int. J. Comput. Vis.})
@String(CVPR= {IEEE Conf. Comput. Vis. Pattern Recog.})
@String(ICCV= {Int. Conf. Comput. Vis.})
@String(ECCV= {Eur. Conf. Comput. Vis.})
@String(NIPS= {Adv. Neural Inform. Process. Syst.})
@String(ICPR = {Int. Conf. Pattern Recog.})
@String(BMVC= {Brit. Mach. Vis. Conf.})
@String(TOG= {ACM Trans. Graph.})
@String(TIP  = {IEEE Trans. Image Process.})
@String(TVCG  = {IEEE Trans. Vis. Comput. Graph.})
@String(TMM  = {IEEE Trans. Multimedia})
@String(ACMMM= {ACM Int. Conf. Multimedia})
@String(ICME = {Int. Conf. Multimedia and Expo})
@String(ICASSP=	{ICASSP})
@String(ICIP = {IEEE Int. Conf. Image Process.})
@String(ACCV  = {ACCV})
@String(ICLR = {Int. Conf. Learn. Represent.})
@String(IJCAI = {IJCAI})
@String(PR   = {Pattern Recognition})
@String(AAAI = {AAAI})
@String(CVPRW= {IEEE Conf. Comput. Vis. Pattern Recog. Worksh.})
@String(CSVT = {IEEE Trans. Circuit Syst. Video Technol.})

@String(SPL	= {IEEE Sign. Process. Letters})
@String(VR   = {Vis. Res.})
@String(JOV	 = {J. Vis.})
@String(TVC  = {The Vis. Comput.})
@String(JCST  = {J. Comput. Sci. Tech.})
@String(CGF  = {Comput. Graph. Forum})
@String(CVM = {Computational Visual Media})


@String(PAMI  = {IEEE TPAMI})
@String(IJCV  = {IJCV})
@String(CVPR  = {CVPR})
@String(ICCV  = {ICCV})
@String(ECCV  = {ECCV})
@String(NIPS  = {NeurIPS})
@String(ICPR  = {ICPR})
@String(BMVC  =	{BMVC})
@String(TOG   = {ACM TOG})
@String(TIP   = {IEEE TIP})
@String(TVCG  = {IEEE TVCG})
@String(TCSVT = {IEEE TCSVT})
@String(TMM   =	{IEEE TMM})
@String(ACMMM = {ACM MM})
@String(ICME  =	{ICME})
@String(ICASSP=	{ICASSP})
@String(ICIP  = {ICIP})
@String(ACCV  = {ACCV})
@String(ICLR  = {ICLR})
@String(IJCAI = {IJCAI})
@String(PR = {PR})
@String(AAAI = {AAAI})
@String(CVPRW= {CVPRW})
@String(CSVT = {IEEE TCSVT})


@inproceedings{vqgan,
  title={Taming transformers for high-resolution image synthesis},
  author={Esser, Patrick and Rombach, Robin and Ommer, Bjorn},
  booktitle={Proceedings of the IEEE/CVF conference on computer vision and pattern recognition},
  pages={12873--12883},
  year={2021}
}

@article{vitvqgan,
  title={Vector-quantized image modeling with improved vqgan},
  author={Yu, Jiahui and Li, Xin and Koh, Jing Yu and Zhang, Han and Pang, Ruoming and Qin, James and Ku, Alexander and Xu, Yuanzhong and Baldridge, Jason and Wu, Yonghui},
  journal={arXiv preprint arXiv:2110.04627},
  year={2021}
}

@inproceedings{rqvae,
  title={Autoregressive image generation using residual quantization},
  author={Lee, Doyup and Kim, Chiheon and Kim, Saehoon and Cho, Minsu and Han, Wook-Shin},
  booktitle={Proceedings of the IEEE/CVF Conference on Computer Vision and Pattern Recognition},
  pages={11523--11532},
  year={2022}
}

@article{vilau,
  title={Vila-u: a unified foundation model integrating visual understanding and generation},
  author={Wu, Yecheng and Zhang, Zhuoyang and Chen, Junyu and Tang, Haotian and Li, Dacheng and Fang, Yunhao and Zhu, Ligeng and Xie, Enze and Yin, Hongxu and Yi, Li and others},
  journal={arXiv preprint arXiv:2409.04429},
  year={2024}
}

@inproceedings{llavaimproved,
  title={Improved baselines with visual instruction tuning},
  author={Liu, Haotian and Li, Chunyuan and Li, Yuheng and Lee, Yong Jae},
  booktitle={Proceedings of the IEEE/CVF Conference on Computer Vision and Pattern Recognition},
  pages={26296--26306},
  year={2024}
}

@article{cm3leon,
  title={Scaling autoregressive multi-modal models: Pretraining and instruction tuning},
  author={Yu, Lili and Shi, Bowen and Pasunuru, Ramakanth and Muller, Benjamin and Golovneva, Olga and Wang, Tianlu and Babu, Arun and Tang, Binh and Karrer, Brian and Sheynin, Shelly and others},
  journal={arXiv preprint arXiv:2309.02591},
  volume={2},
  number={3},
  year={2023}
}

@article{lwm,
  title={World model on million-length video and language with ringattention},
  author={Liu, Hao and Yan, Wilson and Zaharia, Matei and Abbeel, Pieter},
  journal={arXiv preprint arXiv:2402.08268},
  year={2024}
}

@article{showo,
  title={Show-o: One single transformer to unify multimodal understanding and generation},
  author={Xie, Jinheng and Mao, Weijia and Bai, Zechen and Zhang, David Junhao and Wang, Weihao and Lin, Kevin Qinghong and Gu, Yuchao and Chen, Zhijie and Yang, Zhenheng and Shou, Mike Zheng},
  journal={arXiv preprint arXiv:2408.12528},
  year={2024}
}

@article{chameleon,
  title={Chameleon: Mixed-modal early-fusion foundation models},
  author={Team, Chameleon},
  journal={arXiv preprint arXiv:2405.09818},
  year={2024}
}

@inproceedings{latentdiffusion,
  title={High-resolution image synthesis with latent diffusion models},
  author={Rombach, Robin and Blattmann, Andreas and Lorenz, Dominik and Esser, Patrick and Ommer, Bj{\"o}rn},
  booktitle={Proceedings of the IEEE/CVF conference on computer vision and pattern recognition},
  pages={10684--10695},
  year={2022}
}

@article{llamagen,
  title={Autoregressive Model Beats Diffusion: Llama for Scalable Image Generation},
  author={Sun, Peize and Jiang, Yi and Chen, Shoufa and Zhang, Shilong and Peng, Bingyue and Luo, Ping and Yuan, Zehuan},
  journal={arXiv preprint arXiv:2406.06525},
  year={2024}
}

@article{vqvae,
  title={Neural discrete representation learning},
  author={Van Den Oord, Aaron and Vinyals, Oriol and others},
  journal={Advances in neural information processing systems},
  volume={30},
  year={2017}
}

@inproceedings{maskgit,
  title={Maskgit: Masked generative image transformer},
  author={Chang, Huiwen and Zhang, Han and Jiang, Lu and Liu, Ce and Freeman, William T},
  booktitle={Proceedings of the IEEE/CVF Conference on Computer Vision and Pattern Recognition},
  pages={11315--11325},
  year={2022}
}

@inproceedings{magvit,
  title={Magvit: Masked generative video transformer},
  author={Yu, Lijun and Cheng, Yong and Sohn, Kihyuk and Lezama, Jos{\'e} and Zhang, Han and Chang, Huiwen and Hauptmann, Alexander G and Yang, Ming-Hsuan and Hao, Yuan and Essa, Irfan and others},
  booktitle={Proceedings of the IEEE/CVF Conference on Computer Vision and Pattern Recognition},
  pages={10459--10469},
  year={2023}
}

@article{var,
  title={Visual autoregressive modeling: Scalable image generation via next-scale prediction},
  author={Tian, Keyu and Jiang, Yi and Yuan, Zehuan and Peng, Bingyue and Wang, Liwei},
  journal={arXiv preprint arXiv:2404.02905},
  year={2024}
}

@inproceedings{perceptual,
  title={The unreasonable effectiveness of deep features as a perceptual metric},
  author={Zhang, Richard and Isola, Phillip and Efros, Alexei A and Shechtman, Eli and Wang, Oliver},
  booktitle={Proceedings of the IEEE conference on computer vision and pattern recognition},
  pages={586--595},
  year={2018}
}

@inproceedings{discriminator,
  title={A style-based generator architecture for generative adversarial networks},
  author={Karras, Tero and Laine, Samuli and Aila, Timo},
  booktitle={Proceedings of the IEEE/CVF conference on computer vision and pattern recognition},
  pages={4401--4410},
  year={2019}
}

@article{magvitv2,
  title={Language Model Beats Diffusion--Tokenizer is Key to Visual Generation},
  author={Yu, Lijun and Lezama, Jos{\'e} and Gundavarapu, Nitesh B and Versari, Luca and Sohn, Kihyuk and Minnen, David and Cheng, Yong and Birodkar, Vighnesh and Gupta, Agrim and Gu, Xiuye and others},
  journal={arXiv preprint arXiv:2310.05737},
  year={2023}
}

@inproceedings{makeascene,
  title={Make-a-scene: Scene-based text-to-image generation with human priors},
  author={Gafni, Oran and Polyak, Adam and Ashual, Oron and Sheynin, Shelly and Parikh, Devi and Taigman, Yaniv},
  booktitle={European Conference on Computer Vision},
  pages={89--106},
  year={2022},
  organization={Springer}
}

@article{gpt3,
  title={Chain-of-thought prompting elicits reasoning in large language models},
  author={Wei, Jason and Wang, Xuezhi and Schuurmans, Dale and Bosma, Maarten and Xia, Fei and Chi, Ed and Le, Quoc V and Zhou, Denny and others},
  journal={Advances in Neural Information Processing Systems},
  volume={35},
  pages={24824--24837},
  year={2022}
}

@article{gpt4,
  title={Gpt-4 technical report},
  author={Achiam, Josh and Adler, Steven and Agarwal, Sandhini and Ahmad, Lama and Akkaya, Ilge and Aleman, Florencia Leoni and Almeida, Diogo and Altenschmidt, Janko and Altman, Sam and Anadkat, Shyamal and others},
  journal={arXiv preprint arXiv:2303.08774},
  year={2023}
}

@article{llama,
  title={Llama: Open and efficient foundation language models},
  author={Touvron, Hugo and Lavril, Thibaut and Izacard, Gautier and Martinet, Xavier and Lachaux, Marie-Anne and Lacroix, Timoth{\'e}e and Rozi{\`e}re, Baptiste and Goyal, Naman and Hambro, Eric and Azhar, Faisal and others},
  journal={arXiv preprint arXiv:2302.13971},
  year={2023}
}

@article{llama2,
  title={Llama 2: Open foundation and fine-tuned chat models},
  author={Touvron, Hugo and Martin, Louis and Stone, Kevin and Albert, Peter and Almahairi, Amjad and Babaei, Yasmine and Bashlykov, Nikolay and Batra, Soumya and Bhargava, Prajjwal and Bhosale, Shruti and others},
  journal={arXiv preprint arXiv:2307.09288},
  year={2023}
}

@article{llava,
  title={Visual instruction tuning},
  author={Liu, Haotian and Li, Chunyuan and Wu, Qingyang and Lee, Yong Jae},
  journal={Advances in neural information processing systems},
  volume={36},
  year={2024}
}

@article{minigpt,
  title={Minigpt-4: Enhancing vision-language understanding with advanced large language models},
  author={Zhu, Deyao and Chen, Jun and Shen, Xiaoqian and Li, Xiang and Elhoseiny, Mohamed},
  journal={arXiv preprint arXiv:2304.10592},
  year={2023}
}

@article{vicuna,
  title={Vicuna: An open-source chatbot impressing gpt-4 with 90\%* chatgpt quality},
  author={Chiang, Wei-Lin and Li, Zhuohan and Lin, Zi and Sheng, Ying and Wu, Zhanghao and Zhang, Hao and Zheng, Lianmin and Zhuang, Siyuan and Zhuang, Yonghao and Gonzalez, Joseph E and others},
  journal={See https://vicuna. lmsys. org (accessed 14 April 2023)},
  year={2023}
}

@article{mplug,
  title={mplug-owl: Modularization empowers large language models with multimodality},
  author={Ye, Qinghao and Xu, Haiyang and Xu, Guohai and Ye, Jiabo and Yan, Ming and Zhou, Yiyang and Wang, Junyang and Hu, Anwen and Shi, Pengcheng and Shi, Yaya and others},
  journal={arXiv preprint arXiv:2304.14178},
  year={2023}
}

@inproceedings{vila,
  title={Vila: On pre-training for visual language models},
  author={Lin, Ji and Yin, Hongxu and Ping, Wei and Molchanov, Pavlo and Shoeybi, Mohammad and Han, Song},
  booktitle={Proceedings of the IEEE/CVF Conference on Computer Vision and Pattern Recognition},
  pages={26689--26699},
  year={2024}
}

@article{mm1,
  title={Mm1: Methods, analysis \& insights from multimodal llm pre-training},
  author={McKinzie, Brandon and Gan, Zhe and Fauconnier, Jean-Philippe and Dodge, Sam and Zhang, Bowen and Dufter, Philipp and Shah, Dhruti and Du, Xianzhi and Peng, Futang and Weers, Floris and others},
  journal={arXiv preprint arXiv:2403.09611},
  year={2024}
}

@article{cambrian,
  title={Cambrian-1: A fully open, vision-centric exploration of multimodal llms},
  author={Tong, Shengbang and Brown, Ellis and Wu, Penghao and Woo, Sanghyun and Middepogu, Manoj and Akula, Sai Charitha and Yang, Jihan and Yang, Shusheng and Iyer, Adithya and Pan, Xichen and others},
  journal={arXiv preprint arXiv:2406.16860},
  year={2024}
}

@article{visionllm2,
  title={VisionLLM v2: An End-to-End Generalist Multimodal Large Language Model for Hundreds of Vision-Language Tasks},
  author={Wu, Jiannan and Zhong, Muyan and Xing, Sen and Lai, Zeqiang and Liu, Zhaoyang and Wang, Wenhai and Chen, Zhe and Zhu, Xizhou and Lu, Lewei and Lu, Tong and others},
  journal={arXiv preprint arXiv:2406.08394},
  year={2024}
}

@article{wang2023makes,
  title={What Makes for Good Visual Tokenizers for Large Language Models?},
  author={Wang, Guangzhi and Ge, Yixiao and Ding, Xiaohan and Kankanhalli, Mohan and Shan, Ying},
  journal={arXiv preprint arXiv:2305.12223},
  year={2023}
}

@inproceedings{internvl,
  title={Internvl: Scaling up vision foundation models and aligning for generic visual-linguistic tasks},
  author={Chen, Zhe and Wu, Jiannan and Wang, Wenhai and Su, Weijie and Chen, Guo and Xing, Sen and Zhong, Muyan and Zhang, Qinglong and Zhu, Xizhou and Lu, Lewei and others},
  booktitle={Proceedings of the IEEE/CVF Conference on Computer Vision and Pattern Recognition},
  pages={24185--24198},
  year={2024}
}

@misc{openclip,
  title={OpenCLIP},
  author={Ilharco, Gabriel and Wortsman, Mitchell and Wightman, Ross and Gordon, Cade and Carlini, Nicholas and Taori, Rohan and Dave, Achal and Shankar, Vaishaal and Namkoong, Hongseok and Miller, John and Hajishirzi, Hannaneh and Farhadi, Ali and Schmidt, Ludwig},
  year ={2021},
  url={https://doi.org/10.5281/zenodo.5143773}
}

@inproceedings{clip,
  title={Learning transferable visual models from natural language supervision},
  author={Radford, Alec and Kim, Jong Wook and Hallacy, Chris and Ramesh, Aditya and Goh, Gabriel and Agarwal, Sandhini and Sastry, Girish and Askell, Amanda and Mishkin, Pamela and Clark, Jack and others},
  booktitle={International conference on machine learning},
  pages={8748--8763},
  year={2021},
  organization={PMLR}
}

@article{dinov2,
  title={Dinov2: Learning robust visual features without supervision},
  author={Oquab, Maxime and Darcet, Timoth{\'e}e and Moutakanni, Th{\'e}o and Vo, Huy and Szafraniec, Marc and Khalidov, Vasil and Fernandez, Pierre and Haziza, Daniel and Massa, Francisco and El-Nouby, Alaaeldin and others},
  journal={arXiv preprint arXiv:2304.07193},
  year={2023}
}

@article{seed,
  title={Planting a seed of vision in large language model},
  author={Ge, Yuying and Ge, Yixiao and Zeng, Ziyun and Wang, Xintao and Shan, Ying},
  journal={arXiv preprint arXiv:2307.08041},
  year={2023}
}

@article{seedx,
  title={Seed-x: Multimodal models with unified multi-granularity comprehension and generation},
  author={Ge, Yuying and Zhao, Sijie and Zhu, Jinguo and Ge, Yixiao and Yi, Kun and Song, Lin and Li, Chen and Ding, Xiaohan and Shan, Ying},
  journal={arXiv preprint arXiv:2404.14396},
  year={2024}
}

@article{dreamllm,
  title={Dreamllm: Synergistic multimodal comprehension and creation},
  author={Dong, Runpei and Han, Chunrui and Peng, Yuang and Qi, Zekun and Ge, Zheng and Yang, Jinrong and Zhao, Liang and Sun, Jianjian and Zhou, Hongyu and Wei, Haoran and others},
  journal={arXiv preprint arXiv:2309.11499},
  year={2023}
}

@inproceedings{emu2,
  title={Generative multimodal models are in-context learners},
  author={Sun, Quan and Cui, Yufeng and Zhang, Xiaosong and Zhang, Fan and Yu, Qiying and Wang, Yueze and Rao, Yongming and Liu, Jingjing and Huang, Tiejun and Wang, Xinlong},
  booktitle={Proceedings of the IEEE/CVF Conference on Computer Vision and Pattern Recognition},
  pages={14398--14409},
  year={2024}
}

@article{transfusion,
  title={Transfusion: Predict the next token and diffuse images with one multi-modal model},
  author={Zhou, Chunting and Yu, Lili and Babu, Arun and Tirumala, Kushal and Yasunaga, Michihiro and Shamis, Leonid and Kahn, Jacob and Ma, Xuezhe and Zettlemoyer, Luke and Levy, Omer},
  journal={arXiv preprint arXiv:2408.11039},
  year={2024}
}

@inproceedings{groma,
  title={Groma: Localized visual tokenization for grounding multimodal large language models},
  author={Ma, Chuofan and Jiang, Yi and Wu, Jiannan and Yuan, Zehuan and Qi, Xiaojuan},
  booktitle={European Conference on Computer Vision},
  pages={417--435},
  year={2025},
  organization={Springer}
}

@article{minigemini,
  title={Mini-gemini: Mining the potential of multi-modality vision language models},
  author={Li, Yanwei and Zhang, Yuechen and Wang, Chengyao and Zhong, Zhisheng and Chen, Yixin and Chu, Ruihang and Liu, Shaoteng and Jia, Jiaya},
  journal={arXiv preprint arXiv:2403.18814},
  year={2024}
}

@article{mar,
  title={Autoregressive Image Generation without Vector Quantization},
  author={Li, Tianhong and Tian, Yonglong and Li, He and Deng, Mingyang and He, Kaiming},
  journal={arXiv preprint arXiv:2406.11838},
  year={2024}
}

@article{videopoet,
  title={Videopoet: A large language model for zero-shot video generation},
  author={Kondratyuk, Dan and Yu, Lijun and Gu, Xiuye and Lezama, Jos{\'e} and Huang, Jonathan and Schindler, Grant and Hornung, Rachel and Birodkar, Vighnesh and Yan, Jimmy and Chiu, Ming-Chang and others},
  journal={arXiv preprint arXiv:2312.14125},
  year={2023}
}

@article{nextgpt,
  title={Next-gpt: Any-to-any multimodal llm},
  author={Wu, Shengqiong and Fei, Hao and Qu, Leigang and Ji, Wei and Chua, Tat-Seng},
  journal={arXiv preprint arXiv:2309.05519},
  year={2023}
}

@article{attention,
  title={Attention is all you need},
  author={Vaswani, A},
  journal={Advances in Neural Information Processing Systems},
  year={2017}
}

@article{sdxl,
  title={Sdxl: Improving latent diffusion models for high-resolution image synthesis},
  author={Podell, Dustin and English, Zion and Lacey, Kyle and Blattmann, Andreas and Dockhorn, Tim and M{\"u}ller, Jonas and Penna, Joe and Rombach, Robin},
  journal={arXiv preprint arXiv:2307.01952},
  year={2023}
}

@article{ddpm,
  title={Denoising diffusion probabilistic models},
  author={Ho, Jonathan and Jain, Ajay and Abbeel, Pieter},
  journal={Advances in neural information processing systems},
  volume={33},
  pages={6840--6851},
  year={2020}
}

@inproceedings{dit,
  title={Scalable diffusion models with transformers},
  author={Peebles, William and Xie, Saining},
  booktitle={Proceedings of the IEEE/CVF International Conference on Computer Vision},
  pages={4195--4205},
  year={2023}
}

@article{pixart,
  title={Pixart-alpha: Fast training of diffusion transformer for photorealistic text-to-image synthesis},
  author={Chen, Junsong and Yu, Jincheng and Ge, Chongjian and Yao, Lewei and Xie, Enze and Wu, Yue and Wang, Zhongdao and Kwok, James and Luo, Ping and Lu, Huchuan and others},
  journal={arXiv preprint arXiv:2310.00426},
  year={2023}
}

@article{janus,
  title={Janus: Decoupling visual encoding for unified multimodal understanding and generation},
  author={Wu, Chengyue and Chen, Xiaokang and Wu, Zhiyu and Ma, Yiyang and Liu, Xingchao and Pan, Zizheng and Liu, Wen and Xie, Zhenda and Yu, Xingkai and Ruan, Chong and others},
  journal={arXiv preprint arXiv:2410.13848},
  year={2024}
}

@article{tokenflow,
  title={TokenFlow: Unified Image Tokenizer for Multimodal Understanding and Generation},
  author={Qu, Liao and Zhang, Huichao and Liu, Yiheng and Wang, Xu and Jiang, Yi and Gao, Yiming and Ye, Hu and Du, Daniel K and Yuan, Zehuan and Wu, Xinglong},
  journal={arXiv preprint arXiv:2412.03069},
  year={2024}
}

@article{emu3,
  title={Emu3: Next-token prediction is all you need},
  author={Wang, Xinlong and Zhang, Xiaosong and Luo, Zhengxiong and Sun, Quan and Cui, Yufeng and Wang, Jinsheng and Zhang, Fan and Wang, Yueze and Li, Zhen and Yu, Qiying and others},
  journal={arXiv preprint arXiv:2409.18869},
  year={2024}
}

@article{metamorph,
  title={MetaMorph: Multimodal Understanding and Generation via Instruction Tuning},
  author={Tong, Shengbang and Fan, David and Zhu, Jiachen and Xiong, Yunyang and Chen, Xinlei and Sinha, Koustuv and Rabbat, Michael and LeCun, Yann and Xie, Saining and Liu, Zhuang},
  journal={arXiv preprint arXiv:2412.14164},
  year={2024}
}

@article{liquid,
  title={Liquid: Language Models are Scalable and Unified Multi-modal Generators},
  author={Wu, Junfeng and Jiang, Yi and Ma, Chuofan and Liu, Yuliang and Zhao, Hengshuang and Yuan, Zehuan and Bai, Song and Bai, Xiang},
  journal={arXiv preprint arXiv:2412.04332},
  year={2024}
}


@article{lavit,
  title={Unified language-vision pretraining with dynamic discrete visual tokenization},
  author={Jin, Yang and Xu, Kun and Chen, Liwei and Liao, Chao and Tan, Jianchao and Chen, Bin and Lei, Chenyi and Liu, An and Song, Chengru and Lei, Xiaoqiang and others},
  journal={arXiv preprint arXiv:2309.04669},
  year={2023}
}

@article{emu,
  title={Generative pretraining in multimodality},
  author={Sun, Quan and Yu, Qiying and Cui, Yufeng and Zhang, Fan and Zhang, Xiaosong and Wang, Yueze and Gao, Hongcheng and Liu, Jingjing and Huang, Tiejun and Wang, Xinlong},
  journal={arXiv preprint arXiv:2307.05222},
  year={2023}
}

@inproceedings{unifiedio,
  title={Unified-IO 2: Scaling Autoregressive Multimodal Models with Vision Language Audio and Action},
  author={Lu, Jiasen and Clark, Christopher and Lee, Sangho and Zhang, Zichen and Khosla, Savya and Marten, Ryan and Hoiem, Derek and Kembhavi, Aniruddha},
  booktitle={Proceedings of the IEEE/CVF Conference on Computer Vision and Pattern Recognition},
  pages={26439--26455},
  year={2024}
}

@article{midjourney,
    author = {Radhakrishnan, Mohesh},
    year = {2023},
    month = {01},
    pages = {94-114},
    title = {Is Midjourney-Ai the New Anti-Hero of Architectural Imagery \& Creativity?},
    volume = {11},
    doi = {10.11216/gsj.2023.01.102270}
}

@article{dalle3,
  title={Improving image generation with better captions},
  author={Betker, James and Goh, Gabriel and Jing, Li and Brooks, Tim and Wang, Jianfeng and Li, Linjie and Ouyang, Long and Zhuang, Juntang and Lee, Joyce and Guo, Yufei and others},
  journal={Computer Science. https://cdn. openai. com/papers/dall-e-3. pdf},
  volume={2},
  number={3},
  pages={8},
  year={2023}
}

@inproceedings{vitamin,
  title={ViTamin: Designing Scalable Vision Models in the Vision-Language Era},
  author={Chen, Jieneng and Yu, Qihang and Shen, Xiaohui and Yuille, Alan and Chen, Liang-Chieh},
  booktitle={Proceedings of the IEEE/CVF Conference on Computer Vision and Pattern Recognition},
  pages={12954--12966},
  year={2024}
}

@article{datacomp,
  title={Datacomp: In search of the next generation of multimodal datasets},
  author={Gadre, Samir Yitzhak and Ilharco, Gabriel and Fang, Alex and Hayase, Jonathan and Smyrnis, Georgios and Nguyen, Thao and Marten, Ryan and Wortsman, Mitchell and Ghosh, Dhruba and Zhang, Jieyu and others},
  journal={Advances in Neural Information Processing Systems},
  volume={36},
  year={2024}
}

@article{dclm,
  title={Datacomp-lm: In search of the next generation of training sets for language models},
  author={Li, Jeffrey and Fang, Alex and Smyrnis, Georgios and Ivgi, Maor and Jordan, Matt and Gadre, Samir and Bansal, Hritik and Guha, Etash and Keh, Sedrick and Arora, Kushal and others},
  journal={arXiv preprint arXiv:2406.11794},
  year={2024}
}

@misc{coyo,
    author={Minwoo, Byeon and Beomhee, Park and Haecheon, Kim and Sungjun, Lee and Woonhyuk, Baek and Saehoon, Kim.},
    title={Coyo-700m: Image-text pair dataset.},
    year={2022},
    url={https://github.com/kakaobrain/coyo-dataset}
}

@article{laion,
  title={Laion-5b: An open large-scale dataset for training next generation image-text models},
  author={Schuhmann, Christoph and Beaumont, Romain and Vencu, Richard and Gordon, Cade and Wightman, Ross and Cherti, Mehdi and Coombes, Theo and Katta, Aarush and Mullis, Clayton and Wortsman, Mitchell and others},
  journal={Advances in Neural Information Processing Systems},
  volume={35},
  pages={25278--25294},
  year={2022}
}

@inproceedings{siglip,
  title={Sigmoid loss for language image pre-training},
  author={Zhai, Xiaohua and Mustafa, Basil and Kolesnikov, Alexander and Beyer, Lucas},
  booktitle={Proceedings of the IEEE/CVF International Conference on Computer Vision},
  pages={11975--11986},
  year={2023}
}

@article{playground,
  title={Playground v2. 5: Three insights towards enhancing aesthetic quality in text-to-image generation},
  author={Li, Daiqing and Kamko, Aleks and Akhgari, Ehsan and Sabet, Ali and Xu, Linmiao and Doshi, Suhail},
  journal={arXiv preprint arXiv:2402.17245},
  year={2024}
}

@inproceedings{vqav2,
  title={Making the v in vqa matter: Elevating the role of image understanding in visual question answering},
  author={Goyal, Yash and Khot, Tejas and Summers-Stay, Douglas and Batra, Dhruv and Parikh, Devi},
  booktitle={Proceedings of the IEEE conference on computer vision and pattern recognition},
  pages={6904--6913},
  year={2017}
}

@inproceedings{gqa,
  title={Gqa: A new dataset for real-world visual reasoning and compositional question answering},
  author={Hudson, Drew A and Manning, Christopher D},
  booktitle={Proceedings of the IEEE/CVF conference on computer vision and pattern recognition},
  pages={6700--6709},
  year={2019}
}
@inproceedings{textvqa,
  title={Towards vqa models that can read},
  author={Singh, Amanpreet and Natarajan, Vivek and Shah, Meet and Jiang, Yu and Chen, Xinlei and Batra, Dhruv and Parikh, Devi and Rohrbach, Marcus},
  booktitle={Proceedings of the IEEE/CVF conference on computer vision and pattern recognition},
  pages={8317--8326},
  year={2019}
}

@article{pope,
  title={Evaluating object hallucination in large vision-language models},
  author={Li, Yifan and Du, Yifan and Zhou, Kun and Wang, Jinpeng and Zhao, Wayne Xin and Wen, Ji-Rong},
  journal={arXiv preprint arXiv:2305.10355},
  year={2023}
}

@article{mme,
  title={A survey on multimodal large language models},
  author={Yin, Shukang and Fu, Chaoyou and Zhao, Sirui and Li, Ke and Sun, Xing and Xu, Tong and Chen, Enhong},
  journal={arXiv preprint arXiv:2306.13549},
  year={2023}
}

@article{mmvet,
  title={Mm-vet: Evaluating large multimodal models for integrated capabilities},
  author={Yu, Weihao and Yang, Zhengyuan and Li, Linjie and Wang, Jianfeng and Lin, Kevin and Liu, Zicheng and Wang, Xinchao and Wang, Lijuan},
  journal={arXiv preprint arXiv:2308.02490},
  year={2023}
}

@inproceedings{genaibench,
  title={Evaluating text-to-visual generation with image-to-text generation},
  author={Lin, Zhiqiu and Pathak, Deepak and Li, Baiqi and Li, Jiayao and Xia, Xide and Neubig, Graham and Zhang, Pengchuan and Ramanan, Deva},
  booktitle={European Conference on Computer Vision},
  pages={366--384},
  year={2025},
  organization={Springer}
}

@article{openimages,
  title={The open images dataset v4: Unified image classification, object detection, and visual relationship detection at scale},
  author={Kuznetsova, Alina and Rom, Hassan and Alldrin, Neil and Uijlings, Jasper and Krasin, Ivan and Pont-Tuset, Jordi and Kamali, Shahab and Popov, Stefan and Malloci, Matteo and Kolesnikov, Alexander and others},
  journal={International journal of computer vision},
  volume={128},
  number={7},
  pages={1956--1981},
  year={2020},
  publisher={Springer}
}

@article{repa,
  title={Representation alignment for generation: Training diffusion transformers is easier than you think},
  author={Yu, Sihyun and Kwak, Sangkyung and Jang, Huiwon and Jeong, Jongheon and Huang, Jonathan and Shin, Jinwoo and Xie, Saining},
  journal={arXiv preprint arXiv:2410.06940},
  year={2024}
}

@article{vqlc,
  title={Scaling the Codebook Size of VQGAN to 100,000 with a Utilization Rate of 99\%},
  author={Zhu, Lei and Wei, Fangyun and Lu, Yanye and Chen, Dong},
  journal={arXiv preprint arXiv:2406.11837},
  year={2024}
}

@inproceedings{sd21,
  title={High-resolution image synthesis with latent diffusion models},
  author={Rombach, Robin and Blattmann, Andreas and Lorenz, Dominik and Esser, Patrick and Ommer, Bj{\"o}rn},
  booktitle={Proceedings of the IEEE/CVF conference on computer vision and pattern recognition},
  pages={10684--10695},
  year={2022}
}