@inproceedings{langley00,
 author    = {P. Langley},
 title     = {Crafting Papers on Machine Learning},
 year      = {2000},
 pages     = {1207--1216},
 editor    = {Pat Langley},
 booktitle     = {Proceedings of the 17th International Conference
              on Machine Learning (ICML 2000)},
 address   = {Stanford, CA},
 publisher = {Morgan Kaufmann}
}

@TechReport{mitchell80,
  author = 	 "T. M. Mitchell",
  title = 	 "The Need for Biases in Learning Generalizations",
  institution =  "Computer Science Department, Rutgers University",
  year = 	 "1980",
  address =	 "New Brunswick, MA",
}

@phdthesis{kearns89,
  author = {M. J. Kearns},
  title =  {Computational Complexity of Machine Learning},
  school = {Department of Computer Science, Harvard University},
  year =   {1989}
}

@Book{MachineLearningI,
  editor = 	 "R. S. Michalski and J. G. Carbonell and T.
		  M. Mitchell",
  title = 	 "Machine Learning: An Artificial Intelligence
		  Approach, Vol. I",
  publisher = 	 "Tioga",
  year = 	 "1983",
  address =	 "Palo Alto, CA"
}

@Book{DudaHart2nd,
  author =       "R. O. Duda and P. E. Hart and D. G. Stork",
  title =        "Pattern Classification",
  publisher =    "John Wiley and Sons",
  edition =      "2nd",
  year =         "2000"
}

@misc{anonymous,
  title= {Suppressed for Anonymity},
  author= {Author, N. N.},
  year= {2021}
}

@InCollection{Newell81,
  author =       "A. Newell and P. S. Rosenbloom",
  title =        "Mechanisms of Skill Acquisition and the Law of
                  Practice", 
  booktitle =    "Cognitive Skills and Their Acquisition",
  pages =        "1--51",
  publisher =    "Lawrence Erlbaum Associates, Inc.",
  year =         "1981",
  editor =       "J. R. Anderson",
  chapter =      "1",
  address =      "Hillsdale, NJ"
}


@Article{Samuel59,
  author = 	 "A. L. Samuel",
  title = 	 "Some Studies in Machine Learning Using the Game of
		  Checkers",
  journal =	 "IBM Journal of Research and Development",
  year =	 "1959",
  volume =	 "3",
  number =	 "3",
  pages =	 "211--229"
}

@article{achiam2023gpt,
  title={Gpt-4 technical report},
  author={Achiam, Josh and Adler, Steven and Agarwal, Sandhini and Ahmad, Lama and Akkaya, Ilge and Aleman, Florencia Leoni and Almeida, Diogo and Altenschmidt, Janko and Altman, Sam and Anadkat, Shyamal and others},
  journal={arXiv preprint arXiv:2303.08774},
  year={2023}
}

@inproceedings{avrahami2022blended,
  title={Blended diffusion for text-driven editing of natural images},
  author={Avrahami, Omri and Lischinski, Dani and Fried, Ohad},
  booktitle={Proceedings of the IEEE/CVF conference on computer vision and pattern recognition},
  pages={18208--18218},
  year={2022}
}

@article{bai2024uniedit,
  title={Uniedit: A unified tuning-free framework for video motion and appearance editing},
  author={Bai, Jianhong and He, Tianyu and Wang, Yuchi and Guo, Junliang and Hu, Haoji and Liu, Zuozhu and Bian, Jiang},
  journal={arXiv preprint arXiv:2402.13185},
  year={2024}
}

@inproceedings{blattmann2023align,
  title={Align your latents: High-resolution video synthesis with latent diffusion models},
  author={Blattmann, Andreas and Rombach, Robin and Ling, Huan and Dockhorn, Tim and Kim, Seung Wook and Fidler, Sanja and Kreis, Karsten},
  booktitle={Proceedings of the IEEE/CVF Conference on Computer Vision and Pattern Recognition},
  pages={22563--22575},
  year={2023}
}

@article{brooks2022generating,
  title={Generating long videos of dynamic scenes},
  author={Brooks, Tim and Hellsten, Janne and Aittala, Miika and Wang, Ting-Chun and Aila, Timo and Lehtinen, Jaakko and Liu, Ming-Yu and Efros, Alexei and Karras, Tero},
  journal={Advances in Neural Information Processing Systems},
  volume={35},
  pages={31769--31781},
  year={2022}
}

@inproceedings{brooks2023instructpix2pix,
  title={Instructpix2pix: Learning to follow image editing instructions},
  author={Brooks, Tim and Holynski, Aleksander and Efros, Alexei A},
  booktitle={Proceedings of the IEEE/CVF Conference on Computer Vision and Pattern Recognition},
  pages={18392--18402},
  year={2023}
}

@inproceedings{caron2021emerging,
  title={Emerging properties in self-supervised vision transformers},
  author={Caron, Mathilde and Touvron, Hugo and Misra, Ishan and J{\'e}gou, Herv{\'e} and Mairal, Julien and Bojanowski, Piotr and Joulin, Armand},
  booktitle={Proceedings of the IEEE/CVF international conference on computer vision},
  pages={9650--9660},
  year={2021}
}

@inproceedings{ceylan2023pix2video,
  title={Pix2video: Video editing using image diffusion},
  author={Ceylan, Duygu and Huang, Chun-Hao P and Mitra, Niloy J},
  booktitle={Proceedings of the IEEE/CVF International Conference on Computer Vision},
  pages={23206--23217},
  year={2023}
}

@article{cheng2023consistent,
  title={Consistent video-to-video transfer using synthetic dataset},
  author={Cheng, Jiaxin and Xiao, Tianjun and He, Tong},
  journal={arXiv preprint arXiv:2311.00213},
  year={2023}
}

@article{cohen2024slicedit,
  title={Slicedit: Zero-Shot Video Editing With Text-to-Image Diffusion Models Using Spatio-Temporal Slices},
  author={Cohen, Nathaniel and Kulikov, Vladimir and Kleiner, Matan and Huberman-Spiegelglas, Inbar and Michaeli, Tomer},
  journal={arXiv preprint arXiv:2405.12211},
  year={2024}
}

@article{cong2023flatten,
  title={Flatten: optical flow-guided attention for consistent text-to-video editing},
  author={Cong, Yuren and Xu, Mengmeng and Simon, Christian and Chen, Shoufa and Ren, Jiawei and Xie, Yanping and Perez-Rua, Juan-Manuel and Rosenhahn, Bodo and Xiang, Tao and He, Sen},
  journal={arXiv preprint arXiv:2310.05922},
  year={2023}
}

@article{couairon2022diffedit,
  title={Diffedit: Diffusion-based semantic image editing with mask guidance},
  author={Couairon, Guillaume and Verbeek, Jakob and Schwenk, Holger and Cord, Matthieu},
  journal={arXiv preprint arXiv:2210.11427},
  year={2022}
}

@article{croitoru2023diffusion,
  title={Diffusion models in vision: A survey},
  author={Croitoru, Florinel-Alin and Hondru, Vlad and Ionescu, Radu Tudor and Shah, Mubarak},
  journal={IEEE Transactions on Pattern Analysis and Machine Intelligence},
  volume={45},
  number={9},
  pages={10850--10869},
  year={2023},
  publisher={IEEE}
}

@article{dhariwal2021diffusion,
  title={Diffusion models beat gans on image synthesis},
  author={Dhariwal, Prafulla and Nichol, Alexander},
  journal={Advances in neural information processing systems},
  volume={34},
  pages={8780--8794},
  year={2021}
}

@inproceedings{esser2024scaling,
  title={Scaling rectified flow transformers for high-resolution image synthesis},
  author={Esser, Patrick and Kulal, Sumith and Blattmann, Andreas and Entezari, Rahim and M{\"u}ller, Jonas and Saini, Harry and Levi, Yam and Lorenz, Dominik and Sauer, Axel and Boesel, Frederic and others},
  booktitle={Forty-first International Conference on Machine Learning},
  year={2024}
}

@article{gal2022image,
  title={An image is worth one word: Personalizing text-to-image generation using textual inversion},
  author={Gal, Rinon and Alaluf, Yuval and Atzmon, Yuval and Patashnik, Or and Bermano, Amit H and Chechik, Gal and Cohen-Or, Daniel},
  journal={arXiv preprint arXiv:2208.01618},
  year={2022}
}

@article{geyer2023tokenflow,
  title={Tokenflow: Consistent diffusion features for consistent video editing},
  author={Geyer, Michal and Bar-Tal, Omer and Bagon, Shai and Dekel, Tali},
  journal={arXiv preprint arXiv:2307.10373},
  year={2023}
}

@inproceedings{gu2024videoswap,
  title={Videoswap: Customized video subject swapping with interactive semantic point correspondence},
  author={Gu, Yuchao and Zhou, Yipin and Wu, Bichen and Yu, Licheng and Liu, Jia-Wei and Zhao, Rui and Wu, Jay Zhangjie and Zhang, David Junhao and Shou, Mike Zheng and Tang, Kevin},
  booktitle={Proceedings of the IEEE/CVF Conference on Computer Vision and Pattern Recognition},
  pages={7621--7630},
  year={2024}
}

@inproceedings{guo2023zero,
  title={Zero-shot generative model adaptation via image-specific prompt learning},
  author={Guo, Jiayi and Wang, Chaofei and Wu, You and Zhang, Eric and Wang, Kai and Xu, Xingqian and Song, Shiji and Shi, Humphrey and Huang, Gao},
  booktitle={Proceedings of the IEEE/CVF Conference on Computer Vision and Pattern Recognition},
  pages={11494--11503},
  year={2023}
}

@article{hertz2022prompt,
  title={Prompt-to-prompt image editing with cross attention control},
  author={Hertz, Amir and Mokady, Ron and Tenenbaum, Jay and Aberman, Kfir and Pritch, Yael and Cohen-Or, Daniel},
  journal={arXiv preprint arXiv:2208.01626},
  year={2022}
}

@article{ho2020denoising,
  title={Denoising diffusion probabilistic models},
  author={Ho, Jonathan and Jain, Ajay and Abbeel, Pieter},
  journal={Advances in neural information processing systems},
  volume={33},
  pages={6840--6851},
  year={2020}
}

@article{ho2022classifier,
  title={Classifier-free diffusion guidance},
  author={Ho, Jonathan and Salimans, Tim},
  journal={arXiv preprint arXiv:2207.12598},
  year={2022}
}

@article{ho2022imagen,
  title={Imagen video: High definition video generation with diffusion models},
  author={Ho, Jonathan and Chan, William and Saharia, Chitwan and Whang, Jay and Gao, Ruiqi and Gritsenko, Alexey and Kingma, Diederik P and Poole, Ben and Norouzi, Mohammad and Fleet, David J and others},
  journal={arXiv preprint arXiv:2210.02303},
  year={2022}
}

@article{ho2022video,
  title={Video diffusion models},
  author={Ho, Jonathan and Salimans, Tim and Gritsenko, Alexey and Chan, William and Norouzi, Mohammad and Fleet, David J},
  journal={Advances in Neural Information Processing Systems},
  volume={35},
  pages={8633--8646},
  year={2022}
}

@inproceedings{kara2024rave,
  title={Rave: Randomized noise shuffling for fast and consistent video editing with diffusion models},
  author={Kara, Ozgur and Kurtkaya, Bariscan and Yesiltepe, Hidir and Rehg, James M and Yanardag, Pinar},
  booktitle={Proceedings of the IEEE/CVF Conference on Computer Vision and Pattern Recognition},
  pages={6507--6516},
  year={2024}
}

@article{karras2022elucidating,
  title={Elucidating the design space of diffusion-based generative models},
  author={Karras, Tero and Aittala, Miika and Aila, Timo and Laine, Samuli},
  journal={Advances in neural information processing systems},
  volume={35},
  pages={26565--26577},
  year={2022}
}

@article{kawar2022denoising,
  title={Denoising diffusion restoration models},
  author={Kawar, Bahjat and Elad, Michael and Ermon, Stefano and Song, Jiaming},
  journal={Advances in Neural Information Processing Systems},
  volume={35},
  pages={23593--23606},
  year={2022}
}

@article{kingma2013auto,
  title={Auto-encoding variational bayes},
  author={Kingma, Diederik P},
  journal={arXiv preprint arXiv:1312.6114},
  year={2013}
}

@article{li2022srdiff,
  title={Srdiff: Single image super-resolution with diffusion probabilistic models},
  author={Li, Haoying and Yang, Yifan and Chang, Meng and Chen, Shiqi and Feng, Huajun and Xu, Zhihai and Li, Qi and Chen, Yueting},
  journal={Neurocomputing},
  volume={479},
  pages={47--59},
  year={2022},
  publisher={Elsevier}
}

@inproceedings{liang2024flowvid,
  title={Flowvid: Taming imperfect optical flows for consistent video-to-video synthesis},
  author={Liang, Feng and Wu, Bichen and Wang, Jialiang and Yu, Licheng and Li, Kunpeng and Zhao, Yinan and Misra, Ishan and Huang, Jia-Bin and Zhang, Peizhao and Vajda, Peter and others},
  booktitle={Proceedings of the IEEE/CVF Conference on Computer Vision and Pattern Recognition},
  pages={8207--8216},
  year={2024}
}

@article{li2024survey,
  title={A survey on long video generation: Challenges, methods, and prospects},
  author={Li, Chengxuan and Huang, Di and Lu, Zeyu and Xiao, Yang and Pei, Qingqi and Bai, Lei},
  journal={arXiv preprint arXiv:2403.16407},
  year={2024}
}

@article{lin2023video,
  title={Video-llava: Learning united visual representation by alignment before projection},
  author={Lin, Bin and Zhu, Bin and Ye, Yang and Ning, Munan and Jin, Peng and Yuan, Li},
  journal={arXiv preprint arXiv:2311.10122},
  year={2023}
}

@inproceedings{liu2024video,
  title={Video-p2p: Video editing with cross-attention control},
  author={Liu, Shaoteng and Zhang, Yuechen and Li, Wenbo and Lin, Zhe and Jia, Jiaya},
  booktitle={Proceedings of the IEEE/CVF Conference on Computer Vision and Pattern Recognition},
  pages={8599--8608},
  year={2024}
}

@inproceedings{lugmayr2022repaint,
  title={Repaint: Inpainting using denoising diffusion probabilistic models},
  author={Lugmayr, Andreas and Danelljan, Martin and Romero, Andres and Yu, Fisher and Timofte, Radu and Van Gool, Luc},
  booktitle={Proceedings of the IEEE/CVF conference on computer vision and pattern recognition},
  pages={11461--11471},
  year={2022}
}

@article{luo2024moil,
  title={MoIL: Momentum Imitation Learning for Efficient Vision-Language Adaptation},
  author={Luo, Gen and Zhou, Yiyi and Huang, Minglang and Ren, Tianhe and Sun, Xiaoshuai and Ji, Rongrong},
  journal={IEEE Transactions on Pattern Analysis and Machine Intelligence},
  year={2024},
  publisher={IEEE}
}

@article{luo2024towards,
  title={Towards language-guided visual recognition via dynamic convolutions},
  author={Luo, Gen and Zhou, Yiyi and Sun, Xiaoshuai and Wu, Yongjian and Gao, Yue and Ji, Rongrong},
  journal={International Journal of Computer Vision},
  volume={132},
  number={1},
  pages={1--19},
  year={2024},
  publisher={Springer}
}

@inproceedings{ma2024follow,
  title={Follow your pose: Pose-guided text-to-video generation using pose-free videos},
  author={Ma, Yue and He, Yingqing and Cun, Xiaodong and Wang, Xintao and Chen, Siran and Li, Xiu and Chen, Qifeng},
  booktitle={Proceedings of the AAAI Conference on Artificial Intelligence},
  volume={38},
  pages={4117--4125},
  year={2024}
}

@article{meng2021sdedit,
  title={Sdedit: Guided image synthesis and editing with stochastic differential equations},
  author={Meng, Chenlin and He, Yutong and Song, Yang and Song, Jiaming and Wu, Jiajun and Zhu, Jun-Yan and Ermon, Stefano},
  journal={arXiv preprint arXiv:2108.01073},
  year={2021}
}

@inproceedings{mokady2023null,
  title={Null-text inversion for editing real images using guided diffusion models},
  author={Mokady, Ron and Hertz, Amir and Aberman, Kfir and Pritch, Yael and Cohen-Or, Daniel},
  booktitle={Proceedings of the IEEE/CVF Conference on Computer Vision and Pattern Recognition},
  pages={6038--6047},
  year={2023}
}

@article{nichol2021glide,
  title={Glide: Towards photorealistic image generation and editing with text-guided diffusion models},
  author={Nichol, Alex and Dhariwal, Prafulla and Ramesh, Aditya and Shyam, Pranav and Mishkin, Pamela and McGrew, Bob and Sutskever, Ilya and Chen, Mark},
  journal={arXiv preprint arXiv:2112.10741},
  year={2021}
}

@inproceedings{nichol2021improved,
  title={Improved denoising diffusion probabilistic models},
  author={Nichol, Alexander Quinn and Dhariwal, Prafulla},
  booktitle={International conference on machine learning},
  pages={8162--8171},
  year={2021},
  organization={PMLR}
}

@inproceedings{peng2024conditionvideo,
  title={ConditionVideo: Training-Free Condition-Guided Video Generation},
  author={Peng, Bo and Chen, Xinyuan and Wang, Yaohui and Lu, Chaochao and Qiao, Yu},
  booktitle={Proceedings of the AAAI Conference on Artificial Intelligence},
  volume={38},
  pages={4459--4467},
  year={2024}
}

@inproceedings{qi2023fatezero,
  title={Fatezero: Fusing attentions for zero-shot text-based video editing},
  author={Qi, Chenyang and Cun, Xiaodong and Zhang, Yong and Lei, Chenyang and Wang, Xintao and Shan, Ying and Chen, Qifeng},
  booktitle={Proceedings of the IEEE/CVF International Conference on Computer Vision},
  pages={15932--15942},
  year={2023}
}

@inproceedings{radford2021learning,
  title={Learning transferable visual models from natural language supervision},
  author={Radford, Alec and Kim, Jong Wook and Hallacy, Chris and Ramesh, Aditya and Goh, Gabriel and Agarwal, Sandhini and Sastry, Girish and Askell, Amanda and Mishkin, Pamela and Clark, Jack and others},
  booktitle={International conference on machine learning},
  pages={8748--8763},
  year={2021},
  organization={PMLR}
}

@article{ramesh2022hierarchical,
  title={Hierarchical text-conditional image generation with clip latents},
  author={Ramesh, Aditya and Dhariwal, Prafulla and Nichol, Alex and Chu, Casey and Chen, Mark},
  journal={arXiv preprint arXiv:2204.06125},
  volume={1},
  number={2},
  pages={3},
  year={2022}
}

@inproceedings{rombach2022high,
  title={High-resolution image synthesis with latent diffusion models},
  author={Rombach, Robin and Blattmann, Andreas and Lorenz, Dominik and Esser, Patrick and Ommer, Bj{\"o}rn},
  booktitle={Proceedings of the IEEE/CVF conference on computer vision and pattern recognition},
  pages={10684--10695},
  year={2022}
}

@inproceedings{ruder2016artistic,
  title={Artistic style transfer for videos},
  author={Ruder, Manuel and Dosovitskiy, Alexey and Brox, Thomas},
  booktitle={Pattern Recognition: 38th German Conference, GCPR 2016, Hannover, Germany, September 12-15, 2016, Proceedings 38},
  pages={26--36},
  year={2016},
  organization={Springer}
}

@inproceedings{ruiz2023dreambooth,
  title={Dreambooth: Fine tuning text-to-image diffusion models for subject-driven generation},
  author={Ruiz, Nataniel and Li, Yuanzhen and Jampani, Varun and Pritch, Yael and Rubinstein, Michael and Aberman, Kfir},
  booktitle={Proceedings of the IEEE/CVF conference on computer vision and pattern recognition},
  pages={22500--22510},
  year={2023}
}

@article{saharia2022photorealistic,
  title={Photorealistic text-to-image diffusion models with deep language understanding},
  author={Saharia, Chitwan and Chan, William and Saxena, Saurabh and Li, Lala and Whang, Jay and Denton, Emily L and Ghasemipour, Kamyar and Gontijo Lopes, Raphael and Karagol Ayan, Burcu and Salimans, Tim and others},
  journal={Advances in neural information processing systems},
  volume={35},
  pages={36479--36494},
  year={2022}
}

@article{salimans2022progressive,
  title={Progressive distillation for fast sampling of diffusion models},
  author={Salimans, Tim and Ho, Jonathan},
  journal={arXiv preprint arXiv:2202.00512},
  year={2022}
}

@article{schuhmann2021laion,
  title={Laion-400m: Open dataset of clip-filtered 400 million image-text pairs},
  author={Schuhmann, Christoph and Vencu, Richard and Beaumont, Romain and Kaczmarczyk, Robert and Mullis, Clayton and Katta, Aarush and Coombes, Theo and Jitsev, Jenia and Komatsuzaki, Aran},
  journal={arXiv preprint arXiv:2111.02114},
  year={2021}
}

@article{schuhmann2022laion,
  title={Laion-5b: An open large-scale dataset for training next generation image-text models},
  author={Schuhmann, Christoph and Beaumont, Romain and Vencu, Richard and Gordon, Cade and Wightman, Ross and Cherti, Mehdi and Coombes, Theo and Katta, Aarush and Mullis, Clayton and Wortsman, Mitchell and others},
  journal={Advances in Neural Information Processing Systems},
  volume={35},
  pages={25278--25294},
  year={2022}
}

@article{singer2022make,
  title={Make-a-video: Text-to-video generation without text-video data},
  author={Singer, Uriel and Polyak, Adam and Hayes, Thomas and Yin, Xi and An, Jie and Zhang, Songyang and Hu, Qiyuan and Yang, Harry and Ashual, Oron and Gafni, Oran and others},
  journal={arXiv preprint arXiv:2209.14792},
  year={2022}
}

@inproceedings{sohl2015deep,
  title={Deep unsupervised learning using nonequilibrium thermodynamics},
  author={Sohl-Dickstein, Jascha and Weiss, Eric and Maheswaranathan, Niru and Ganguli, Surya},
  booktitle={International conference on machine learning},
  pages={2256--2265},
  year={2015},
  organization={PMLR}
}

@article{song2020denoising,
  title={Denoising diffusion implicit models},
  author={Song, Jiaming and Meng, Chenlin and Ermon, Stefano},
  journal={arXiv preprint arXiv:2010.02502},
  year={2020}
}

@article{song2020score,
  title={Score-based generative modeling through stochastic differential equations},
  author={Song, Yang and Sohl-Dickstein, Jascha and Kingma, Diederik P and Kumar, Abhishek and Ermon, Stefano and Poole, Ben},
  journal={arXiv preprint arXiv:2011.13456},
  year={2020}
}

@article{sun2024diffusion,
  title={Diffusion Model-Based Video Editing: A Survey},
  author={Sun, Wenhao and Tu, Rong-Cheng and Liao, Jingyi and Tao, Dacheng},
  journal={arXiv preprint arXiv:2407.07111},
  year={2024}
}

@article{tang2023emergent,
  title={Emergent correspondence from image diffusion},
  author={Tang, Luming and Jia, Menglin and Wang, Qianqian and Phoo, Cheng Perng and Hariharan, Bharath},
  journal={Advances in Neural Information Processing Systems},
  volume={36},
  pages={1363--1389},
  year={2023}
}

@inproceedings{tang2024semantic,
  title={Semantic Lens: Instance-Centric Semantic Alignment for Video Super-resolution},
  author={Tang, Qi and Zhao, Yao and Liu, Meiqin and Jin, Jian and Yao, Chao},
  booktitle={Proceedings of the AAAI Conference on Artificial Intelligence},
  volume={38},
  number={6},
  pages={5154--5161},
  year={2024}
}

@article{tewel2024training,
  title={Training-free consistent text-to-image generation},
  author={Tewel, Yoad and Kaduri, Omri and Gal, Rinon and Kasten, Yoni and Wolf, Lior and Chechik, Gal and Atzmon, Yuval},
  journal={ACM Transactions on Graphics (TOG)},
  volume={43},
  number={4},
  pages={1--18},
  year={2024},
  publisher={ACM New York, NY, USA}
}

@inproceedings{tumanyan2023plug,
  title={Plug-and-play diffusion features for text-driven image-to-image translation},
  author={Tumanyan, Narek and Geyer, Michal and Bagon, Shai and Dekel, Tali},
  booktitle={Proceedings of the IEEE/CVF Conference on Computer Vision and Pattern Recognition},
  pages={1921--1930},
  year={2023}
}

@article{wang2023internvid,
  title={Internvid: A large-scale video-text dataset for multimodal understanding and generation},
  author={Wang, Yi and He, Yinan and Li, Yizhuo and Li, Kunchang and Yu, Jiashuo and Ma, Xin and Li, Xinhao and Chen, Guo and Chen, Xinyuan and Wang, Yaohui and others},
  journal={arXiv preprint arXiv:2307.06942},
  year={2023}
}

@article{wang2023zero,
  title={Zero-shot video editing using off-the-shelf image diffusion models},
  author={Wang, Wen and Jiang, Yan and Xie, Kangyang and Liu, Zide and Chen, Hao and Cao, Yue and Wang, Xinlong and Shen, Chunhua},
  journal={arXiv preprint arXiv:2303.17599},
  year={2023}
}

@article{wang2024cove,
  title={COVE: Unleashing the Diffusion Feature Correspondence for Consistent Video Editing},
  author={Wang, Jiangshan and Ma, Yue and Guo, Jiayi and Xiao, Yicheng and Huang, Gao and Li, Xiu},
  journal={arXiv preprint arXiv:2406.08850},
  year={2024}
}

@article{wang2024videocomposer,
  title={Videocomposer: Compositional video synthesis with motion controllability},
  author={Wang, Xiang and Yuan, Hangjie and Zhang, Shiwei and Chen, Dayou and Wang, Jiuniu and Zhang, Yingya and Shen, Yujun and Zhao, Deli and Zhou, Jingren},
  journal={Advances in Neural Information Processing Systems},
  volume={36},
  year={2024}
}

@inproceedings{wu2023exploring,
  title={Exploring video quality assessment on user generated contents from aesthetic and technical perspectives},
  author={Wu, Haoning and Zhang, Erli and Liao, Liang and Chen, Chaofeng and Hou, Jingwen and Wang, Annan and Sun, Wenxiu and Yan, Qiong and Lin, Weisi},
  booktitle={Proceedings of the IEEE/CVF International Conference on Computer Vision},
  pages={20144--20154},
  year={2023}
}

@inproceedings{wu2023tune,
  title={Tune-a-video: One-shot tuning of image diffusion models for text-to-video generation},
  author={Wu, Jay Zhangjie and Ge, Yixiao and Wang, Xintao and Lei, Stan Weixian and Gu, Yuchao and Shi, Yufei and Hsu, Wynne and Shan, Ying and Qie, Xiaohu and Shou, Mike Zheng},
  booktitle={Proceedings of the IEEE/CVF International Conference on Computer Vision},
  pages={7623--7633},
  year={2023}
}

@article{wu2024customcrafter,
  title={CustomCrafter: Customized Video Generation with Preserving Motion and Concept Composition Abilities},
  author={Wu, Tao and Zhang, Yong and Wang, Xintao and Zhou, Xianpan and Zheng, Guangcong and Qi, Zhongang and Shan, Ying and Li, Xi},
  journal={arXiv preprint arXiv:2408.13239},
  year={2024}
}

@inproceedings{yang2023rerender,
  title={Rerender a video: Zero-shot text-guided video-to-video translation},
  author={Yang, Shuai and Zhou, Yifan and Liu, Ziwei and Loy, Chen Change},
  booktitle={SIGGRAPH Asia 2023 Conference Papers},
  pages={1--11},
  year={2023}
}

@inproceedings{yang2024fresco,
  title={FRESCO: Spatial-Temporal Correspondence for Zero-Shot Video Translation},
  author={Yang, Shuai and Zhou, Yifan and Liu, Ziwei and Loy, Chen Change},
  booktitle={Proceedings of the IEEE/CVF Conference on Computer Vision and Pattern Recognition},
  pages={8703--8712},
  year={2024}
}

@inproceedings{yu2023video,
  title={Video probabilistic diffusion models in projected latent space},
  author={Yu, Sihyun and Sohn, Kihyuk and Kim, Subin and Shin, Jinwoo},
  booktitle={Proceedings of the IEEE/CVF conference on computer vision and pattern recognition},
  pages={18456--18466},
  year={2023}
}

@inproceedings{zhangfast,
  title={Fast Text-to-3D-Aware Face Generation and Manipulation via Direct Cross-modal Mapping and Geometric Regularization},
  author={Zhang, Jinlu and Zhou, Yiyi and Zheng, Qiancheng and Du, Xiaoxiong and Luo, Gen and Peng, Jun and Sun, Xiaoshuai and Ji, Rongrong},
  booktitle={Forty-first International Conference on Machine Learning},
  year={2024}
}

@article{zhou2019plenty,
  title={Plenty is plague: Fine-grained learning for visual question answering},
  author={Zhou, Yiyi and Ji, Rongrong and Sun, Xiaoshuai and Su, Jinsong and Meng, Deyu and Gao, Yue and Shen, Chunhua},
  journal={IEEE transactions on pattern analysis and machine intelligence},
  volume={44},
  number={2},
  pages={697--709},
  year={2019},
  publisher={IEEE}
}

@inproceedings{zou2024towards,
  title={Towards Efficient Diffusion-Based Image Editing with Instant Attention Masks},
  author={Zou, Siyu and Tang, Jiji and Zhou, Yiyi and He, Jing and Zhao, Chaoyi and Zhang, Rongsheng and Hu, Zhipeng and Sun, Xiaoshuai},
  booktitle={Proceedings of the AAAI Conference on Artificial Intelligence},
  volume={38},
  number={7},
  pages={7864--7872},
  year={2024}
}