@inproceedings{blattmann2023align,
  title={Align your latents: High-resolution video synthesis with latent diffusion models},
  author={Blattmann, Andreas and Rombach, Robin and Ling, Huan and Dockhorn, Tim and Kim, Seung Wook and Fidler, Sanja and Kreis, Karsten},
  booktitle={Proceedings of the IEEE/CVF Conference on Computer Vision and Pattern Recognition},
  pages={22563--22575},
  year={2023}
}

@article{cheng2023consistent,
  title={Consistent video-to-video transfer using synthetic dataset},
  author={Cheng, Jiaxin and Xiao, Tianjun and He, Tong},
  journal={arXiv preprint arXiv:2311.00213},
  year={2023}
}

@article{cohen2024slicedit,
  title={Slicedit: Zero-Shot Video Editing With Text-to-Image Diffusion Models Using Spatio-Temporal Slices},
  author={Cohen, Nathaniel and Kulikov, Vladimir and Kleiner, Matan and Huberman-Spiegelglas, Inbar and Michaeli, Tomer},
  journal={arXiv preprint arXiv:2405.12211},
  year={2024}
}

@article{cong2023flatten,
  title={Flatten: optical flow-guided attention for consistent text-to-video editing},
  author={Cong, Yuren and Xu, Mengmeng and Simon, Christian and Chen, Shoufa and Ren, Jiawei and Xie, Yanping and Perez-Rua, Juan-Manuel and Rosenhahn, Bodo and Xiang, Tao and He, Sen},
  journal={arXiv preprint arXiv:2310.05922},
  year={2023}
}

@article{croitoru2023diffusion,
  title={Diffusion models in vision: A survey},
  author={Croitoru, Florinel-Alin and Hondru, Vlad and Ionescu, Radu Tudor and Shah, Mubarak},
  journal={IEEE Transactions on Pattern Analysis and Machine Intelligence},
  volume={45},
  number={9},
  pages={10850--10869},
  year={2023},
  publisher={IEEE}
}

@article{dhariwal2021diffusion,
  title={Diffusion models beat gans on image synthesis},
  author={Dhariwal, Prafulla and Nichol, Alexander},
  journal={Advances in neural information processing systems},
  volume={34},
  pages={8780--8794},
  year={2021}
}

@inproceedings{esser2024scaling,
  title={Scaling rectified flow transformers for high-resolution image synthesis},
  author={Esser, Patrick and Kulal, Sumith and Blattmann, Andreas and Entezari, Rahim and M{\"u}ller, Jonas and Saini, Harry and Levi, Yam and Lorenz, Dominik and Sauer, Axel and Boesel, Frederic and others},
  booktitle={Forty-first International Conference on Machine Learning},
  year={2024}
}

@article{geyer2023tokenflow,
  title={Tokenflow: Consistent diffusion features for consistent video editing},
  author={Geyer, Michal and Bar-Tal, Omer and Bagon, Shai and Dekel, Tali},
  journal={arXiv preprint arXiv:2307.10373},
  year={2023}
}

@inproceedings{gu2024videoswap,
  title={Videoswap: Customized video subject swapping with interactive semantic point correspondence},
  author={Gu, Yuchao and Zhou, Yipin and Wu, Bichen and Yu, Licheng and Liu, Jia-Wei and Zhao, Rui and Wu, Jay Zhangjie and Zhang, David Junhao and Shou, Mike Zheng and Tang, Kevin},
  booktitle={Proceedings of the IEEE/CVF Conference on Computer Vision and Pattern Recognition},
  pages={7621--7630},
  year={2024}
}

@inproceedings{guo2023zero,
  title={Zero-shot generative model adaptation via image-specific prompt learning},
  author={Guo, Jiayi and Wang, Chaofei and Wu, You and Zhang, Eric and Wang, Kai and Xu, Xingqian and Song, Shiji and Shi, Humphrey and Huang, Gao},
  booktitle={Proceedings of the IEEE/CVF Conference on Computer Vision and Pattern Recognition},
  pages={11494--11503},
  year={2023}
}

@article{ho2020denoising,
  title={Denoising diffusion probabilistic models},
  author={Ho, Jonathan and Jain, Ajay and Abbeel, Pieter},
  journal={Advances in neural information processing systems},
  volume={33},
  pages={6840--6851},
  year={2020}
}

@article{ho2022imagen,
  title={Imagen video: High definition video generation with diffusion models},
  author={Ho, Jonathan and Chan, William and Saharia, Chitwan and Whang, Jay and Gao, Ruiqi and Gritsenko, Alexey and Kingma, Diederik P and Poole, Ben and Norouzi, Mohammad and Fleet, David J and others},
  journal={arXiv preprint arXiv:2210.02303},
  year={2022}
}

@article{ho2022video,
  title={Video diffusion models},
  author={Ho, Jonathan and Salimans, Tim and Gritsenko, Alexey and Chan, William and Norouzi, Mohammad and Fleet, David J},
  journal={Advances in Neural Information Processing Systems},
  volume={35},
  pages={8633--8646},
  year={2022}
}

@inproceedings{liu2024video,
  title={Video-p2p: Video editing with cross-attention control},
  author={Liu, Shaoteng and Zhang, Yuechen and Li, Wenbo and Lin, Zhe and Jia, Jiaya},
  booktitle={Proceedings of the IEEE/CVF Conference on Computer Vision and Pattern Recognition},
  pages={8599--8608},
  year={2024}
}

@inproceedings{ma2024follow,
  title={Follow your pose: Pose-guided text-to-video generation using pose-free videos},
  author={Ma, Yue and He, Yingqing and Cun, Xiaodong and Wang, Xintao and Chen, Siran and Li, Xiu and Chen, Qifeng},
  booktitle={Proceedings of the AAAI Conference on Artificial Intelligence},
  volume={38},
  pages={4117--4125},
  year={2024}
}

@article{nichol2021glide,
  title={Glide: Towards photorealistic image generation and editing with text-guided diffusion models},
  author={Nichol, Alex and Dhariwal, Prafulla and Ramesh, Aditya and Shyam, Pranav and Mishkin, Pamela and McGrew, Bob and Sutskever, Ilya and Chen, Mark},
  journal={arXiv preprint arXiv:2112.10741},
  year={2021}
}

@inproceedings{nichol2021improved,
  title={Improved denoising diffusion probabilistic models},
  author={Nichol, Alexander Quinn and Dhariwal, Prafulla},
  booktitle={International conference on machine learning},
  pages={8162--8171},
  year={2021},
  organization={PMLR}
}

@inproceedings{peng2024conditionvideo,
  title={ConditionVideo: Training-Free Condition-Guided Video Generation},
  author={Peng, Bo and Chen, Xinyuan and Wang, Yaohui and Lu, Chaochao and Qiao, Yu},
  booktitle={Proceedings of the AAAI Conference on Artificial Intelligence},
  volume={38},
  pages={4459--4467},
  year={2024}
}

@inproceedings{qi2023fatezero,
  title={Fatezero: Fusing attentions for zero-shot text-based video editing},
  author={Qi, Chenyang and Cun, Xiaodong and Zhang, Yong and Lei, Chenyang and Wang, Xintao and Shan, Ying and Chen, Qifeng},
  booktitle={Proceedings of the IEEE/CVF International Conference on Computer Vision},
  pages={15932--15942},
  year={2023}
}

@inproceedings{rombach2022high,
  title={High-resolution image synthesis with latent diffusion models},
  author={Rombach, Robin and Blattmann, Andreas and Lorenz, Dominik and Esser, Patrick and Ommer, Bj{\"o}rn},
  booktitle={Proceedings of the IEEE/CVF conference on computer vision and pattern recognition},
  pages={10684--10695},
  year={2022}
}

@article{song2020denoising,
  title={Denoising diffusion implicit models},
  author={Song, Jiaming and Meng, Chenlin and Ermon, Stefano},
  journal={arXiv preprint arXiv:2010.02502},
  year={2020}
}

@article{wang2023zero,
  title={Zero-shot video editing using off-the-shelf image diffusion models},
  author={Wang, Wen and Jiang, Yan and Xie, Kangyang and Liu, Zide and Chen, Hao and Cao, Yue and Wang, Xinlong and Shen, Chunhua},
  journal={arXiv preprint arXiv:2303.17599},
  year={2023}
}

@article{wang2024videocomposer,
  title={Videocomposer: Compositional video synthesis with motion controllability},
  author={Wang, Xiang and Yuan, Hangjie and Zhang, Shiwei and Chen, Dayou and Wang, Jiuniu and Zhang, Yingya and Shen, Yujun and Zhao, Deli and Zhou, Jingren},
  journal={Advances in Neural Information Processing Systems},
  volume={36},
  year={2024}
}

@inproceedings{wu2023tune,
  title={Tune-a-video: One-shot tuning of image diffusion models for text-to-video generation},
  author={Wu, Jay Zhangjie and Ge, Yixiao and Wang, Xintao and Lei, Stan Weixian and Gu, Yuchao and Shi, Yufei and Hsu, Wynne and Shan, Ying and Qie, Xiaohu and Shou, Mike Zheng},
  booktitle={Proceedings of the IEEE/CVF International Conference on Computer Vision},
  pages={7623--7633},
  year={2023}
}

