@article{albu2007dlr,
  title={The DLR lightweight robot: design and control concepts for robots in human environments},
  author={Albu-Sch{\"a}ffer, Alin and Haddadin, Sami and Ott, Ch and Stemmer, Andreas and Wimb{\"o}ck, Thomas and Hirzinger, Gerhard},
  journal={Industrial Robot: an international journal},
  volume={34},
  number={5},
  pages={376--385},
  year={2007},
  publisher={Emerald Group Publishing Limited}
}

@inproceedings{allshire2022transferring,
  title={Transferring dexterous manipulation from gpu simulation to a remote real-world trifinger},
  author={Allshire, Arthur and MittaI, Mayank and Lodaya, Varun and Makoviychuk, Viktor and Makoviichuk, Denys and Widmaier, Felix and W{\"u}thrich, Manuel and Bauer, Stefan and Handa, Ankur and Garg, Animesh},
  booktitle={2022 IEEE/RSJ International Conference on Intelligent Robots and Systems (IROS)},
  pages={11802--11809},
  year={2022},
  organization={IEEE}
}

@article{andrychowicz2020learning,
  title={Learning dexterous in-hand manipulation},
  author={Andrychowicz, OpenAI: Marcin and Baker, Bowen and Chociej, Maciek and Jozefowicz, Rafal and McGrew, Bob and Pachocki, Jakub and Petron, Arthur and Plappert, Matthias and Powell, Glenn and Ray, Alex and others},
  journal={The International Journal of Robotics Research},
  volume={39},
  number={1},
  pages={3--20},
  year={2020},
  publisher={SAGE Publications Sage UK: London, England}
}

@inproceedings{batz2010dynamic,
  title={Dynamic manipulation: Nonprehensile ball catching},
  author={B{\"a}tz, Georg and Yaqub, Arhan and Wu, Haiyan and K{\"u}hnlenz, Kolja and Wollherr, Dirk and Buss, Martin},
  booktitle={18th Mediterranean Conference on Control and Automation, MED'10},
  pages={365--370},
  year={2010},
  organization={IEEE}
}

@incollection{beecher1979puma,
  title={Puma: Programmable universal machine for assembly},
  author={Beecher, RC},
  booktitle={Computer vision and sensor-based robots},
  pages={141--152},
  year={1979},
  publisher={Springer}
}

@inproceedings{bledt2018cheetah,
  title={Mit cheetah 3: Design and control of a robust, dynamic quadruped robot},
  author={Bledt, Gerardo and Powell, Matthew J and Katz, Benjamin and Di Carlo, Jared and Wensing, Patrick M and Kim, Sangbae},
  booktitle={2018 IEEE/RSJ International Conference on Intelligent Robots and Systems (IROS)},
  pages={2245--2252},
  year={2018},
  organization={IEEE}
}

@inproceedings{chen2022system,
  title={A system for general in-hand object re-orientation},
  author={Chen, Tao and Xu, Jie and Agrawal, Pulkit},
  booktitle={Conference on Robot Learning (CoRL)},
  pages={297--307},
  year={2022},
  organization={PMLR}
}

@inproceedings{cheng2024extreme,
  title={Extreme parkour with legged robots},
  author={Cheng, Xuxin and Shi, Kexin and Agarwal, Ananye and Pathak, Deepak},
  booktitle={2024 IEEE International Conference on Robotics and Automation (ICRA)},
  pages={11443--11450},
  year={2024},
  organization={IEEE}
}

@article{cho2024corn,
  title={CORN: Contact-based Object Representation for Nonprehensile Manipulation of General Unseen Objects},
  author={Cho, Yoonyoung and Han, Junhyek and Cho, Yoontae and Kim, Beomjoon},
  booktitle={The Twelfth International Conference on Learning Representations (ICLR)},
  year={2024}
}

@article{choi2023learning,
  title={Learning quadrupedal locomotion on deformable terrain},
  author={Choi, Suyoung and Ji, Gwanghyeon and Park, Jeongsoo and Kim, Hyeongjun and Mun, Juhyeok and Lee, Jeong Hyun and Hwangbo, Jemin},
  journal={Science Robotics},
  volume={8},
  number={74},
  pages={eade2256},
  year={2023},
  publisher={American Association for the Advancement of Science}
}

@misc{devol1961programmed,
  title={Programmed article transfer},
  author={Devol, Jr George C},
  year={1961},
  month=jun # "~13",
  publisher={Google Patents},
  note={US Patent 2,988,237}
}

@INPROCEEDINGS{dppt,
  author={Ghadirzadeh, Ali and Maki, Atsuto and Kragic, Danica and Björkman, Mårten},
  booktitle={2017 IEEE/RSJ International Conference on Intelligent Robots and Systems (IROS)}, 
  title={Deep predictive policy training using reinforcement learning}, 
  year={2017},
  pages={2351-2358}
}

@article{free_flying,
    title = {Estimating the non-linear dynamics of free-flying objects},
    journal = {Robotics and Autonomous Systems},
    volume = {60},
    number = {9},
    pages = {1108-1122},
    year = {2012},
    author = {Seungsu Kim and Aude Billard},
}

@inproceedings{garabini2011optimality,
  title={Optimality principles in variable stiffness control: The VSA hammer},
  author={Garabini, Manolo and Passaglia, Andrea and Belo, Felipe and Salaris, Paolo and Bicchi, Antonio},
  booktitle={2011 IEEE/RSJ International Conference on Intelligent Robots and Systems},
  pages={3770--3775},
  year={2011},
  organization={IEEE}
}

@inproceedings{gealy2019quasi,
  title={Quasi-direct drive for low-cost compliant robotic manipulation},
  author={Gealy, David V and McKinley, Stephen and Yi, Brent and Wu, Philipp and Downey, Phillip R and Balke, Greg and Zhao, Allan and Guo, Menglong and Thomasson, Rachel and Sinclair, Anthony and others},
  booktitle={2019 International Conference on Robotics and Automation (ICRA)},
  pages={437--443},
  year={2019},
  organization={IEEE}
}

@inproceedings{guist2024safe,
  title={Safe \& Accurate at Speed with Tendons: A Robot Arm for Exploring Dynamic Motion},
  author={Guist, Simon and Schneider, Jan and Ma, Hao and Chen, Le and Berenz, Vincent and Martus, Julian and Ott, Heiko and Gr{\"u}ninger, Felix and Muehlebach, Michael and Fiene, Jonathan and others},
  year={2024},
  booktitle={RSS 2024 Workshop: Data Generation for Robotics}
}

@article{h2o,
  title={Learning Human-to-Humanoid Real-Time Whole-Body Teleoperation},
  author={Tairan He and Zhengyi Luo and Wenli Xiao and Chong Zhang and Kris Kitani and Changliu Liu and Guanya Shi},
  journal={2024 IEEE/RSJ International Conference on Intelligent Robots and Systems (IROS)},
  year={2024},
}

@article{haddadin2022franka,
  title={The franka emika robot: A reference platform for robotics research and education},
  author={Haddadin, Sami and Parusel, Sven and Johannsmeier, Lars and Golz, Saskia and Gabl, Simon and Walch, Florian and Sabaghian, Mohamadreza and J{\"a}hne, Christoph and Hausperger, Lukas and Haddadin, Simon},
  journal={IEEE Robotics \& Automation Magazine},
  volume={29},
  number={2},
  pages={46--64},
  year={2022},
  publisher={IEEE}
}

@article{hamer,
  title={Reconstructing Hands in 3D with Transformers},
  author={Georgios Pavlakos and Dandan Shan and Ilija Radosavovic and Angjoo Kanazawa and David F. Fouhey and Jitendra Malik},
  journal={2024 IEEE/CVF Conference on Computer Vision and Pattern Recognition (CVPR)},
  year={2023},
}

@inproceedings{handa2023dextreme,
  title={Dextreme: Transfer of agile in-hand manipulation from simulation to reality},
  author={Handa, Ankur and Allshire, Arthur and Makoviychuk, Viktor and Petrenko, Aleksei and Singh, Ritvik and Liu, Jingzhou and Makoviichuk, Denys and Van Wyk, Karl and Zhurkevich, Alexander and Sundaralingam, Balakumar and others},
  booktitle={2023 IEEE International Conference on Robotics and Automation (ICRA)},
  pages={5977--5984},
  year={2023},
  organization={IEEE}
}

@inproceedings{high_speed_batting,
  title={Ball control in high-speed batting motion using hybrid trajectory generator},
  author={Senoo, Taku and Namiki, Akio and Ishikawa, Masatoshi},
  booktitle={Proceedings 2006 IEEE International Conference on Robotics and Automation, 2006. ICRA 2006.},
  pages={1762--1767},
  year={2006},
  organization={IEEE}
}

@INPROCEEDINGS{high_speed_throwing,
  author={Senoo, Taku and Namiki, Akio and Ishikawa, Masatoshi},
  booktitle={2008 IEEE/RSJ International Conference on Intelligent Robots and Systems}, 
  title={High-speed throwing motion based on kinetic chain approach}, 
  year={2008},
  volume={},
  number={},
  pages={3206-3211},
  keywords={Joints;Mathematical model;Robots;Force;Equations;Fingers;Torque},
  doi={10.1109/IROS.2008.4651142}}

@inproceedings{hirzinger2001new,
  title={On a new generation of torque controlled light-weight robots},
  author={Hirzinger, Gerd and Albu-Schaffer, A and Hahnle, M and Schaefer, Ingo and Sporer, Norbert},
  booktitle={Proceedings 2001 ICRA. IEEE International Conference on Robotics and Automation (Cat. No. 01CH37164)},
  volume={4},
  pages={3356--3363},
  year={2001},
  organization={IEEE}
}

@inproceedings{hirzinger2002dlr,
  title={DLR's torque-controlled light weight robot III-are we reaching the technological limits now?},
  author={Hirzinger, Gerd and Sporer, Norbert and Albu-Schaffer, Alin and Hahnle, M and Krenn, Rainer and Pascucci, Antonio and Schedl, Markus},
  booktitle={Proceedings 2002 IEEE International Conference on Robotics and Automation (Cat. No. 02CH37292)},
  volume={2},
  pages={1710--1716},
  year={2002},
  organization={IEEE}
}

@article{humanplus,
    title={HumanPlus: Humanoid Shadowing and Imitation from Humans},
    author={Zipeng Fu and Qingqing Zhao and Qi Wu and Gordon Wetzstein and Chelsea Finn},
    journal={Conference on Robot Learning (CoRL)},
    year={2024},
}

@inproceedings{hybrik,
  title={Hybrik: A hybrid analytical-neural inverse kinematics solution for 3d human pose and shape estimation},
  author={Li, Jiefeng and Xu, Chao and Chen, Zhicun and Bian, Siyuan and Yang, Lixin and Lu, Cewu},
  booktitle={Proceedings of the IEEE/CVF conference on computer vision and pattern recognition},
  pages={3383--3393},
  year={2021}
}

@inproceedings{imran2016impulse,
  title={Impulse modeling and analysis of dual arm hammering task: Human-like manipulator},
  author={Imran, Abid and Yi, Byung-Ju},
  booktitle={2016 IEEE/RSJ International Conference on Intelligent Robots and Systems (IROS)},
  pages={362--367},
  year={2016},
  organization={IEEE}
}

@article{izumi1993control,
  title={Control of a hitting velocity and direction for a hammering robot using a flexible link},
  author={IZUMI, Teruyuki and HITAKA, Yoshikazu},
  journal={Journal of the Robotics Society of Japan},
  volume={11},
  number={3},
  pages={436--443},
  year={1993},
  publisher={The Robotics Society of Japan}
}

@article{jia2019batting,
  title={Batting an in-flight object to the target},
  author={Jia, Yan-Bin and Gardner, Matthew and Mu, Xiaoqian},
  journal={The International Journal of Robotics Research},
  volume={38},
  number={4},
  pages={451--485},
  year={2019},
  publisher={SAGE Publications Sage UK: London, England}
}

@article{kim2014catching,
  title={Catching objects in flight},
  author={Kim, Seungsu and Shukla, Ashwini and Billard, Aude},
  journal={IEEE Transactions on Robotics},
  volume={30},
  number={5},
  pages={1049--1065},
  year={2014},
  publisher={IEEE}
}

@inproceedings{kim2015design,
  title={Design of low inertia manipulator with high stiffness and strength using tension amplifying mechanisms},
  author={Kim, Yong-Jae},
  booktitle={2015 IEEE/RSJ International Conference on Intelligent Robots and Systems (IROS)},
  pages={5850--5856},
  year={2015},
  organization={IEEE}
}

@article{kim2017anthropomorphic,
  title={Anthropomorphic low-inertia high-stiffness manipulator for high-speed safe interaction},
  author={Kim, Yong-Jae},
  journal={IEEE Transactions on robotics},
  volume={33},
  number={6},
  pages={1358--1374},
  year={2017},
  publisher={IEEE}
}

@inproceedings{kim2023pre,
  title={Pre-and post-contact policy decomposition for non-prehensile manipulation with zero-shot sim-to-real transfer},
  author={Kim, Minchan and Han, Junhyek and Kim, Jaehyung and Kim, Beomjoon},
  booktitle={2023 IEEE/RSJ International Conference on Intelligent Robots and Systems (IROS)},
  pages={10644--10651},
  year={2023},
  organization={IEEE}
}

@ARTICLE{kuka_grabbing_tossing,
  author={Bombile, Michael and Billard, Aude},
  journal={IEEE Robotics \& Automation Magazine}, 
  title={Dual-Arm Control for Coordinated Fast Grabbing and Tossing of an Object: Proposing a New Approach}, 
  year={2022},
  volume={29},
  number={3},
  pages={127-138},
}

@inproceedings{liu2008development,
  title={Development of modular and reconfigurable robot with multiple working modes},
  author={Liu, Guangjun and He, Xiaojia and Yuan, Jing and Abdul, Sajan and Goldenberg, Andrew A},
  booktitle={2008 IEEE International Conference on Robotics and Automation},
  pages={3502--3507},
  year={2008},
  organization={IEEE}
}

@inproceedings{makino1980selective,
  title       = {Selective compliance assembly robot arm},
  author      = {Makino, H and Furuya, N},
  booktitle   = {1st International Conference on Assembly Automation (ICAA)},
  pages       = {77--86},
  year        = {1980},
  address     = {Brighton},
  month       = {mar},
}

@inproceedings{nishii2023ultra,
  title={Ultra-Low Inertia 6-DOF Manipulator Arm for Touching the World},
  author={Nishii, Kazutoshi and Hatano, Akira and Okumatsu, Yoshihiro},
  booktitle={2023 IEEE/RSJ International Conference on Intelligent Robots and Systems (IROS)},
  pages={432--438},
  year={2023},
  organization={IEEE}
}

@inproceedings{okami,
  title={Okami: Teaching humanoid robots manipulation skills through single video imitation},
  author={Li, Jinhan and Zhu, Yifeng and Xie, Yuqi and Jiang, Zhenyu and Seo, Mingyo and Pavlakos, Georgios and Zhu, Yuke},
  booktitle={Conference on Robot Learning (CoRL)},
  year={2024}
}

@article{omnih2o,
      title={OmniH2O: Universal and Dexterous Human-to-Humanoid Whole-Body Teleoperation and Learning},
      author={He, Tairan and Luo, Zhengyi and He, Xialin and Xiao, Wenli and Zhang, Chong and Zhang, Weinan and Kitani, Kris and Liu, Changliu and Shi, Guanya},
      journal={arXiv preprint arXiv:2406.08858},
      year={2024}
    }

@inproceedings{peng2018sim,
  title={Sim-to-real transfer of robotic control with dynamics randomization},
  author={Peng, Xue Bin and Andrychowicz, Marcin and Zaremba, Wojciech and Abbeel, Pieter},
  booktitle={2018 IEEE international conference on robotics and automation (ICRA)},
  pages={3803--3810},
  year={2018},
  organization={IEEE}
}

@software{pink,
  title = {{Pink: Python inverse kinematics based on Pinocchio}},
  author = {Caron, Stéphane and De Mont-Marin, Yann and Budhiraja, Rohan and Bang, Seung Hyeon and Domrachev, Ivan and Nedelchev, Simeon},
  license = {Apache-2.0},
  version = {3.1.0},
  year = {2024}
}

@INPROCEEDINGS{planning_for_catching,
  author={Lampariello, Roberto and Nguyen-Tuong, Duy and Castellini, Claudio and Hirzinger, Gerd and Peters, Jan},
  booktitle={2011 IEEE International Conference on Robotics and Automation}, 
  title={Trajectory planning for optimal robot catching in real-time}, 
  year={2011},
  pages={3719-3726},
}

@inproceedings{quigley2011low,
  title={A low-cost compliant 7-DOF robotic manipulator},
  author={Quigley, Morgan and Asbeck, Alan and Ng, Andrew},
  booktitle={2011 IEEE International Conference on Robotics and Automation},
  pages={6051--6058},
  year={2011},
  organization={IEEE}
}

@inproceedings{romanyuk2019multiple,
  title={A multiple working mode approach to hammering with a modular reconfigurable robot},
  author={Romanyuk, Vladyslav and Soleymanpour, Sina and Liu, Guangjun},
  booktitle={2019 IEEE International Conference on Mechatronics and Automation (ICMA)},
  pages={774--779},
  year={2019},
  organization={IEEE}
}

@article{rooks2006harmonious,
  title={The harmonious robot},
  author={Rooks, Brian},
  journal={Industrial Robot: An International Journal},
  volume={33},
  number={2},
  pages={125--130},
  year={2006},
  publisher={Emerald Group Publishing Limited}
}

@article{salehian2016dynamical,
  title={A dynamical system approach for softly catching a flying object: Theory and experiment},
  author={Salehian, Seyed Sina Mirrazavi and Khoramshahi, Mahdi and Billard, Aude},
  journal={IEEE Transactions on Robotics},
  volume={32},
  number={2},
  pages={462--471},
  year={2016},
  publisher={IEEE}
}

@inproceedings{shin2022design,
  title={Design of KAIST HOUND, a quadruped robot platform for fast and efficient locomotion with mixed-integer nonlinear optimization of a gear train},
  author={Shin, Young-Ha and Hong, Seungwoo and Woo, Sangyoung and Choe, JongHun and Son, Harim and Kim, Gijeong and Kim, Joon-Ha and Lee, KangKyu and Hwangbo, Jemin and Park, Hae-Won},
  booktitle={2022 International Conference on Robotics and Automation (ICRA)},
  pages={6614--6620},
  year={2022},
  organization={IEEE}
}

@inproceedings{slahmr,
  title={Decoupling human and camera motion from videos in the wild},
  author={Ye, Vickie and Pavlakos, Georgios and Malik, Jitendra and Kanazawa, Angjoo},
  booktitle={Proceedings of the IEEE/CVF conference on computer vision and pattern recognition},
  year={2023}
}

@inproceedings{song2018development,
  title={Development of low-inertia high-stiffness manipulator lims2 for high-speed manipulation of foldable objects},
  author={Song, Hansol and Kim, Yun-Soo and Yoon, Junsuk and Yun, Seong-Ho and Seo, Jiwon and Kim, Yong-Jae},
  booktitle={2018 IEEE/RSJ International Conference on Intelligent Robots and Systems (IROS)},
  pages={4145--4151},
  year={2018},
  organization={IEEE}
}

@INPROCEEDINGS{throwing_visual_feedback,
  author={Hu, Jwu-Sheng and Chien, Ming-Chih and Chang, Yung-Jung and Su, Shyh-Haur and Kai, Chen-Yu},
  booktitle={2010 IEEE/RSJ International Conference on Intelligent Robots and Systems}, 
  title={A ball-throwing robot with visual feedback}, 
  year={2010},
  pages={2511-2512}
}

@inproceedings{tobin2017domain,
  title={Domain randomization for transferring deep neural networks from simulation to the real world},
  author={Tobin, Josh and Fong, Rachel and Ray, Alex and Schneider, Jonas and Zaremba, Wojciech and Abbeel, Pieter},
  booktitle={2017 IEEE/RSJ international conference on intelligent robots and systems (IROS)},
  pages={23--30},
  year={2017},
  organization={IEEE}
}

@article{wensing2017proprioceptive,
  title={Proprioceptive actuator design in the mit cheetah: Impact mitigation and high-bandwidth physical interaction for dynamic legged robots},
  author={Wensing, Patrick M and Wang, Albert and Seok, Sangok and Otten, David and Lang, Jeffrey and Kim, Sangbae},
  journal={Ieee transactions on robotics},
  volume={33},
  number={3},
  pages={509--522},
  year={2017},
  publisher={IEEE}
}

@article{wham,
  title={WHAM: Reconstructing World-Grounded Humans with Accurate 3D Motion},
  author={Soyong Shin and Juyong Kim and Eni Halilaj and Michael J. Black},
  journal={2024 IEEE/CVF Conference on Computer Vision and Pattern Recognition (CVPR)},
  year={2023},
}

@article{yan2024impact,
  title={Impact-aware bimanual catching of large-momentum objects},
  author={Yan, Lei and Stouraitis, Theodoros and Moura, Jo{\~a}o and Xu, Wenfu and Gienger, Michael and Vijayakumar, Sethu},
  journal={IEEE Transactions on Robotics},
  year={2024},
  publisher={IEEE}
}

@article{zeng2020tossingbot,
  title={Tossingbot: Learning to throw arbitrary objects with residual physics},
  author={Zeng, Andy and Song, Shuran and Lee, Johnny and Rodriguez, Alberto and Funkhouser, Thomas},
  journal={IEEE Transactions on Robotics},
  volume={36},
  number={4},
  pages={1307--1319},
  year={2020},
  publisher={IEEE}
}

@inproceedings{zhou2023hacman,
  title     = {HACMan: Learning Hybrid Actor-Critic Maps for 6D Non-Prehensile Manipulation},
  author    = {Zhou, Wenxuan and Jiang, Bowen and Yang, Fan and Paxton, Chris and Held, David},
  journal   = {Conference on Robot Learning (CoRL)},
  year      = {2023},
}

@inproceedings{zhou2023learning,
  title={Learning to grasp the ungraspable with emergent extrinsic dexterity},
  author={Zhou, Wenxuan and Held, David},
  booktitle={Conference on Robot Learning (CoRL)},
  pages={150--160},
  year={2023},
  organization={PMLR}
}

@phdthesis{zhu2023design,
  title={Design of a Highly Dynamic Humanoid Robot},
  author={Zhu, Taoyuanmin},
  year={2023},
  school={University of California, Los Angeles},
  type={PhD thesis}
}

@inproceedings{zhuang2023robot,
  author    = {Zhuang, Ziwen and Fu, Zipeng and Wang, Jianren and Atkeson, Christopher and Schwertfeger, Sören and Finn, Chelsea and Zhao, Hang},
  title     = {Robot Parkour Learning},
  booktitle = {Conference on Robot Learning ({CoRL})},
  year      = {2023},
}

