

@inproceedings{song2018development,
  title={Development of low-inertia high-stiffness manipulator lims2 for high-speed manipulation of foldable objects},
  author={Song, Hansol and Kim, Yun-Soo and Yoon, Junsuk and Yun, Seong-Ho and Seo, Jiwon and Kim, Yong-Jae},
  booktitle={2018 IEEE/RSJ International Conference on Intelligent Robots and Systems (IROS)},
  pages={4145--4151},
  year={2018},
  organization={IEEE}
}

@inproceedings{guist2024safe,
  title={Safe \& Accurate at Speed with Tendons: A Robot Arm for Exploring Dynamic Motion},
  author={Guist, Simon and Schneider, Jan and Ma, Hao and Chen, Le and Berenz, Vincent and Martus, Julian and Ott, Heiko and Gr{\"u}ninger, Felix and Muehlebach, Michael and Fiene, Jonathan and others},
  year={2024},
  booktitle={RSS 2024 Workshop: Data Generation for Robotics}
}

@inproceedings{nishii2023ultra,
  title={Ultra-Low Inertia 6-DOF Manipulator Arm for Touching the World},
  author={Nishii, Kazutoshi and Hatano, Akira and Okumatsu, Yoshihiro},
  booktitle={2023 IEEE/RSJ International Conference on Intelligent Robots and Systems (IROS)},
  pages={432--438},
  year={2023},
  organization={IEEE}
}

@article{hoeller2024anymal,
  title={Anymal parkour: Learning agile navigation for quadrupedal robots},
  author={Hoeller, David and Rudin, Nikita and Sako, Dhionis and Hutter, Marco},
  journal={Science Robotics},
  volume={9},
  number={88},
  pages={eadi7566},
  year={2024},
  publisher={American Association for the Advancement of Science}
}

@inproceedings{cheng2024extreme,
  title={Extreme parkour with legged robots},
  author={Cheng, Xuxin and Shi, Kexin and Agarwal, Ananye and Pathak, Deepak},
  booktitle={2024 IEEE International Conference on Robotics and Automation (ICRA)},
  pages={11443--11450},
  year={2024},
  organization={IEEE}
}

@inproceedings{zhuang2023robot,
  author    = {Zhuang, Ziwen and Fu, Zipeng and Wang, Jianren and Atkeson, Christopher and Schwertfeger, Sören and Finn, Chelsea and Zhao, Hang},
  title     = {Robot Parkour Learning},
  booktitle = {Conference on Robot Learning ({CoRL})},
  year      = {2023},
}

@inproceedings{kim2015design,
  title={Design of low inertia manipulator with high stiffness and strength using tension amplifying mechanisms},
  author={Kim, Yong-Jae},
  booktitle={2015 IEEE/RSJ International Conference on Intelligent Robots and Systems (IROS)},
  pages={5850--5856},
  year={2015},
  organization={IEEE}
}

@article{wensing2017proprioceptive,
  title={Proprioceptive actuator design in the mit cheetah: Impact mitigation and high-bandwidth physical interaction for dynamic legged robots},
  author={Wensing, Patrick M and Wang, Albert and Seok, Sangok and Otten, David and Lang, Jeffrey and Kim, Sangbae},
  journal={Ieee transactions on robotics},
  volume={33},
  number={3},
  pages={509--522},
  year={2017},
  publisher={IEEE}
}

@inproceedings{gealy2019quasi,
  title={Quasi-direct drive for low-cost compliant robotic manipulation},
  author={Gealy, David V and McKinley, Stephen and Yi, Brent and Wu, Philipp and Downey, Phillip R and Balke, Greg and Zhao, Allan and Guo, Menglong and Thomasson, Rachel and Sinclair, Anthony and others},
  booktitle={2019 International Conference on Robotics and Automation (ICRA)},
  pages={437--443},
  year={2019},
  organization={IEEE}
}

@article{kim2017anthropomorphic,
  title={Anthropomorphic low-inertia high-stiffness manipulator for high-speed safe interaction},
  author={Kim, Yong-Jae},
  journal={IEEE Transactions on robotics},
  volume={33},
  number={6},
  pages={1358--1374},
  year={2017},
  publisher={IEEE}
}

@article{liao2024berkeley,
  title={Berkeley humanoid: A research platform for learning-based control},
  author={Liao, Qiayuan and Zhang, Bike and Huang, Xuanyu and Huang, Xiaoyu and Li, Zhongyu and Sreenath, Koushil},
  journal={arXiv preprint arXiv:2407.21781},
  year={2024}
}

@inproceedings{bischoff2010kuka,
  title={The KUKA-DLR Lightweight Robot arm-a new reference platform for robotics research and manufacturing},
  author={Bischoff, Rainer and Kurth, Johannes and Schreiber, G{\"u}nter and Koeppe, Ralf and Albu-Sch{\"a}ffer, Alin and Beyer, Alexander and Eiberger, Oliver and Haddadin, Sami and Stemmer, Andreas and Grunwald, Gerhard and others},
  booktitle={ISR 2010 (41st international symposium on robotics) and ROBOTIK 2010 (6th German conference on robotics)},
  pages={1--8},
  year={2010},
  organization={VDE}
}

@inproceedings{kim2023pre,
  title={Pre-and post-contact policy decomposition for non-prehensile manipulation with zero-shot sim-to-real transfer},
  author={Kim, Minchan and Han, Junhyek and Kim, Jaehyung and Kim, Beomjoon},
  booktitle={2023 IEEE/RSJ International Conference on Intelligent Robots and Systems (IROS)},
  pages={10644--10651},
  year={2023},
  organization={IEEE}
}



@inproceedings{stoelen2016co,
  title={Co-exploring actuator antagonism and bio-inspired control in a printable robot arm},
  author={Stoelen, Martin F and Bonsignorio, Fabio and Cangelosi, Angelo},
  booktitle={From Animals to Animats 14: 14th International Conference on Simulation of Adaptive Behavior, SAB 2016, Aberystwyth, UK, August 23-26, 2016, Proceedings 14},
  pages={244--255},
  year={2016},
  organization={Springer}
}

@inproceedings{lens2010biorob,
  title={Biorob-arm: A quickly deployable and intrinsically safe, light-weight robot arm for service robotics applications},
  author={Lens, Thomas and Kunz, J{\"u}rgen and Von Stryk, Oskar and Trommer, Christian and Karguth, Andreas},
  booktitle={ISR 2010 (41st International Symposium on Robotics) and ROBOTIK 2010 (6th German Conference on Robotics)},
  pages={1--6},
  year={2010},
  organization={VDE}
}

@article{hwangbo2019learning,
  title={Learning agile and dynamic motor skills for legged robots},
  author={Hwangbo, Jemin and Lee, Joonho and Dosovitskiy, Alexey and Bellicoso, Dario and Tsounis, Vassilios and Koltun, Vladlen and Hutter, Marco},
  journal={Science Robotics},
  volume={4},
  number={26},
  pages={eaau5872},
  year={2019},
  publisher={American Association for the Advancement of Science}
}

@inproceedings{wen2024foundationpose,
  title={Foundationpose: Unified 6d pose estimation and tracking of novel objects},
  author={Wen, Bowen and Yang, Wei and Kautz, Jan and Birchfield, Stan},
  booktitle={Proceedings of the IEEE/CVF Conference on Computer Vision and Pattern Recognition},
  pages={17868--17879},
  year={2024}
}

@inproceedings{kirillov2023segment,
  title={Segment anything},
  author={Kirillov, Alexander and Mintun, Eric and Ravi, Nikhila and Mao, Hanzi and Rolland, Chloe and Gustafson, Laura and Xiao, Tete and Whitehead, Spencer and Berg, Alexander C and Lo, Wan-Yen and others},
  booktitle={Proceedings of the IEEE/CVF International Conference on Computer Vision},
  pages={4015--4026},
  year={2023}
}

@article{makoviychuk2021isaac,
  title={Isaac gym: High performance gpu-based physics simulation for robot learning},
  author={Makoviychuk, Viktor and Wawrzyniak, Lukasz and Guo, Yunrong and Lu, Michelle and Storey, Kier and Macklin, Miles and Hoeller, David and Rudin, Nikita and Allshire, Arthur and Handa, Ankur and others},
  journal={arXiv preprint arXiv:2108.10470},
  year={2021}
}

@article{jeong2021reliability,
  title={Reliability analysis of a tendon-driven actuation for soft robots},
  author={Jeong, Useok and Kim, Keunsu and Kim, Sang-Hun and Choi, Hyunhee and Youn, Byeng Dong and Cho, Kyu-Jin},
  journal={The International Journal of Robotics Research},
  volume={40},
  number={1},
  pages={494--511},
  year={2021},
  publisher={SAGE Publications Sage UK: London, England}
}

@inproceedings{pratt1995series,
  title={Series elastic actuators},
  author={Pratt, Gill A and Williamson, Matthew M},
  booktitle={Proceedings 1995 IEEE/RSJ international conference on intelligent robots and systems. Human robot interaction and cooperative robots},
  volume={1},
  pages={399--406},
  year={1995},
  organization={IEEE}
}

@phdthesis{zhu2023design,
  title={Design of a Highly Dynamic Humanoid Robot},
  author={Zhu, Taoyuanmin},
  year={2023},
  school={University of California, Los Angeles},
  type={PhD thesis}
}

@inproceedings{kumar2013industrial,
  title={Industrial drive belt tensioning optimization},
  author={Kumar, RR Senthil and Sooryaprakash, K},
  booktitle={2013 International Conference on Current Trends in Engineering and Technology (ICCTET)},
  pages={304--306},
  year={2013},
  organization={IEEE}
}

@article{stojanovic2010friction,
  title={friction and Wear in Timing Belt drives},
  author={Stojanovic, Blaza and Ivanovi{\'c}, Lozica and Blagojevic, Mirko},
  journal={Tribology in industry},
  year={2010}
}

@article{tokoro1997analysis,
  title={Analysis of transverse vibration in engine timing belt},
  author={Tokoro, Hiroharu and Nakamura, Mayu and Sugiura, Noboru and Tani, Hirofumi and Yamamoto, Ken-ichi and Shuku, Tatsuo},
  journal={JSAE review},
  volume={18},
  number={1},
  pages={33--38},
  year={1997},
  publisher={Elsevier}
}

@article{humanplus,
    title={HumanPlus: Humanoid Shadowing and Imitation from Humans},
    author={Zipeng Fu and Qingqing Zhao and Qi Wu and Gordon Wetzstein and Chelsea Finn},
    journal={Conference on Robot Learning (CoRL)},
    year={2024},
}

@article{hamer,
  title={Reconstructing Hands in 3D with Transformers},
  author={Georgios Pavlakos and Dandan Shan and Ilija Radosavovic and Angjoo Kanazawa and David F. Fouhey and Jitendra Malik},
  journal={2024 IEEE/CVF Conference on Computer Vision and Pattern Recognition (CVPR)},
  year={2023},
}
@article{wham,
  title={WHAM: Reconstructing World-Grounded Humans with Accurate 3D Motion},
  author={Soyong Shin and Juyong Kim and Eni Halilaj and Michael J. Black},
  journal={2024 IEEE/CVF Conference on Computer Vision and Pattern Recognition (CVPR)},
  year={2023},
}

@techreport{ISO9283:1998,
  title        = {Manipulating Industrial Robots – Performance Criteria and Related Test Methods},
  institution  = {International Organization for Standardization},
  number       = {ISO 9283:1998},
  year         = {1998}
}

@inproceedings{wang2016apriltag,
  title={AprilTag 2: Efficient and robust fiducial detection},
  author={Wang, John and Olson, Edwin},
  booktitle={2016 IEEE/RSJ International Conference on Intelligent Robots and Systems (IROS)},
  pages={4193--4198},
  year={2016},
  organization={IEEE}
}

@misc{devol1961programmed,
  title={Programmed article transfer},
  author={Devol, Jr George C},
  year={1961},
  month=jun # "~13",
  publisher={Google Patents},
  note={US Patent 2,988,237}
}

@article{asada1983design,
  title={Design of direct-drive mechanical arms},
  author={Asada, Haruhiko and Kanade, Takeo},
  year={1983}
}

@article{asada1984analysis,
  title={Analysis and design of a direct-drive arm with a five-bar-link parallel drive mechanism},
  author={Asada, Haruhiko and Youcef-Toumi, Kamal},
  year={1984}
}

@inproceedings{makino1980selective,
  title       = {Selective compliance assembly robot arm},
  author      = {Makino, H and Furuya, N},
  booktitle   = {1st International Conference on Assembly Automation (ICAA)},
  pages       = {77--86},
  year        = {1980},
  address     = {Brighton},
  month       = {mar},
}

@inproceedings{mason1993dynamic,
  title={Dynamic manipulation},
  author={Mason, Matthew T and Lynch, Kevin M},
  booktitle={Proceedings of 1993 IEEE/RSJ International Conference on Intelligent Robots and Systems (IROS'93)},
  volume={1},
  pages={152--159},
  year={1993},
  organization={IEEE}
}

@article{haddadin2022franka,
  title={The franka emika robot: A reference platform for robotics research and education},
  author={Haddadin, Sami and Parusel, Sven and Johannsmeier, Lars and Golz, Saskia and Gabl, Simon and Walch, Florian and Sabaghian, Mohamadreza and J{\"a}hne, Christoph and Hausperger, Lukas and Haddadin, Simon},
  journal={IEEE Robotics \& Automation Magazine},
  volume={29},
  number={2},
  pages={46--64},
  year={2022},
  publisher={IEEE}
}

@inproceedings{hirzinger2001new,
  title={On a new generation of torque controlled light-weight robots},
  author={Hirzinger, Gerd and Albu-Schaffer, A and Hahnle, M and Schaefer, Ingo and Sporer, Norbert},
  booktitle={Proceedings 2001 ICRA. IEEE International Conference on Robotics and Automation (Cat. No. 01CH37164)},
  volume={4},
  pages={3356--3363},
  year={2001},
  organization={IEEE}
}

@inproceedings{hirzinger2002dlr,
  title={DLR's torque-controlled light weight robot III-are we reaching the technological limits now?},
  author={Hirzinger, Gerd and Sporer, Norbert and Albu-Schaffer, Alin and Hahnle, M and Krenn, Rainer and Pascucci, Antonio and Schedl, Markus},
  booktitle={Proceedings 2002 IEEE International Conference on Robotics and Automation (Cat. No. 02CH37292)},
  volume={2},
  pages={1710--1716},
  year={2002},
  organization={IEEE}
}

@article{albu2007dlr,
  title={The DLR lightweight robot: design and control concepts for robots in human environments},
  author={Albu-Sch{\"a}ffer, Alin and Haddadin, Sami and Ott, Ch and Stemmer, Andreas and Wimb{\"o}ck, Thomas and Hirzinger, Gerhard},
  journal={Industrial Robot: an international journal},
  volume={34},
  number={5},
  pages={376--385},
  year={2007},
  publisher={Emerald Group Publishing Limited}
}

@inproceedings{seok2013design,
  title={Design principles for highly efficient quadrupeds and implementation on the MIT Cheetah robot},
  author={Seok, Sangok and Wang, Albert and Chuah, Meng Yee and Otten, David and Lang, Jeffrey and Kim, Sangbae},
  booktitle={2013 IEEE International Conference on Robotics and Automation},
  pages={3307--3312},
  year={2013},
  organization={IEEE}
}

@inproceedings{shin2022design,
  title={Design of KAIST HOUND, a quadruped robot platform for fast and efficient locomotion with mixed-integer nonlinear optimization of a gear train},
  author={Shin, Young-Ha and Hong, Seungwoo and Woo, Sangyoung and Choe, JongHun and Son, Harim and Kim, Gijeong and Kim, Joon-Ha and Lee, KangKyu and Hwangbo, Jemin and Park, Hae-Won},
  booktitle={2022 International Conference on Robotics and Automation (ICRA)},
  pages={6614--6620},
  year={2022},
  organization={IEEE}
}

@article{choi2023learning,
  title={Learning quadrupedal locomotion on deformable terrain},
  author={Choi, Suyoung and Ji, Gwanghyeon and Park, Jeongsoo and Kim, Hyeongjun and Mun, Juhyeok and Lee, Jeong Hyun and Hwangbo, Jemin},
  journal={Science Robotics},
  volume={8},
  number={74},
  pages={eade2256},
  year={2023},
  publisher={American Association for the Advancement of Science}
}

@book{ahn2023development,
  title={Development and Real-Time Optimization-based Control of a Full-sized Humanoid for Dynamic Walking and Running},
  author={Ahn, Min Sung},
  year={2023},
  publisher={University of California, Los Angeles}
}

@article{rooks2006harmonious,
  title={The harmonious robot},
  author={Rooks, Brian},
  journal={Industrial Robot: An International Journal},
  volume={33},
  number={2},
  pages={125--130},
  year={2006},
  publisher={Emerald Group Publishing Limited}
}

@inproceedings{quigley2011low,
  title={A low-cost compliant 7-DOF robotic manipulator},
  author={Quigley, Morgan and Asbeck, Alan and Ng, Andrew},
  booktitle={2011 IEEE International Conference on Robotics and Automation},
  pages={6051--6058},
  year={2011},
  organization={IEEE}
}

@article{cho2024corn,
  title={CORN: Contact-based Object Representation for Nonprehensile Manipulation of General Unseen Objects},
  author={Cho, Yoonyoung and Han, Junhyek and Cho, Yoontae and Kim, Beomjoon},
  booktitle={The Twelfth International Conference on Learning Representations (ICLR)},
  year={2024}
}

@inproceedings{hietala2022learning,
  title={Learning visual feedback control for dynamic cloth folding},
  author={Hietala, Julius and Blanco--Mulero, David and Alcan, Gokhan and Kyrki, Ville},
  booktitle={2022 IEEE/RSJ International Conference on Intelligent Robots and Systems (IROS)},
  pages={1455--1462},
  year={2022},
  organization={IEEE}
}

@article{zeng2020tossingbot,
  title={Tossingbot: Learning to throw arbitrary objects with residual physics},
  author={Zeng, Andy and Song, Shuran and Lee, Johnny and Rodriguez, Alberto and Funkhouser, Thomas},
  journal={IEEE Transactions on Robotics},
  volume={36},
  number={4},
  pages={1307--1319},
  year={2020},
  publisher={IEEE}
}

@INPROCEEDINGS{throwing_visual_feedback,
  author={Hu, Jwu-Sheng and Chien, Ming-Chih and Chang, Yung-Jung and Su, Shyh-Haur and Kai, Chen-Yu},
  booktitle={2010 IEEE/RSJ International Conference on Intelligent Robots and Systems}, 
  title={A ball-throwing robot with visual feedback}, 
  year={2010},
  pages={2511-2512}
}

@INPROCEEDINGS{dppt,
  author={Ghadirzadeh, Ali and Maki, Atsuto and Kragic, Danica and Björkman, Mårten},
  booktitle={2017 IEEE/RSJ International Conference on Intelligent Robots and Systems (IROS)}, 
  title={Deep predictive policy training using reinforcement learning}, 
  year={2017},
  pages={2351-2358}
}



@inproceedings{okami,
  title={Okami: Teaching humanoid robots manipulation skills through single video imitation},
  author={Li, Jinhan and Zhu, Yifeng and Xie, Yuqi and Jiang, Zhenyu and Seo, Mingyo and Pavlakos, Georgios and Zhu, Yuke},
  booktitle={Conference on Robot Learning (CoRL)},
  year={2024}
}

@inproceedings{hutter2016anymal,
  title={Anymal-a highly mobile and dynamic quadrupedal robot},
  author={Hutter, Marco and Gehring, Christian and Jud, Dominic and Lauber, Andreas and Bellicoso, C Dario and Tsounis, Vassilios and Hwangbo, Jemin and Bodie, Karen and Fankhauser, Peter and Bloesch, Michael and others},
  booktitle={2016 IEEE/RSJ international conference on intelligent robots and systems (IROS)},
  pages={38--44},
  year={2016},
  organization={IEEE}
}

@inproceedings{bledt2018cheetah,
  title={Mit cheetah 3: Design and control of a robust, dynamic quadruped robot},
  author={Bledt, Gerardo and Powell, Matthew J and Katz, Benjamin and Di Carlo, Jared and Wensing, Patrick M and Kim, Sangbae},
  booktitle={2018 IEEE/RSJ International Conference on Intelligent Robots and Systems (IROS)},
  pages={2245--2252},
  year={2018},
  organization={IEEE}
}

@inproceedings{chen2022system,
  title={A system for general in-hand object re-orientation},
  author={Chen, Tao and Xu, Jie and Agrawal, Pulkit},
  booktitle={Conference on Robot Learning (CoRL)},
  pages={297--307},
  year={2022},
  organization={PMLR}
}

@article{andrychowicz2020learning,
  title={Learning dexterous in-hand manipulation},
  author={Andrychowicz, OpenAI: Marcin and Baker, Bowen and Chociej, Maciek and Jozefowicz, Rafal and McGrew, Bob and Pachocki, Jakub and Petron, Arthur and Plappert, Matthias and Powell, Glenn and Ray, Alex and others},
  journal={The International Journal of Robotics Research},
  volume={39},
  number={1},
  pages={3--20},
  year={2020},
  publisher={SAGE Publications Sage UK: London, England}
}

@inproceedings{handa2023dextreme,
  title={Dextreme: Transfer of agile in-hand manipulation from simulation to reality},
  author={Handa, Ankur and Allshire, Arthur and Makoviychuk, Viktor and Petrenko, Aleksei and Singh, Ritvik and Liu, Jingzhou and Makoviichuk, Denys and Van Wyk, Karl and Zhurkevich, Alexander and Sundaralingam, Balakumar and others},
  booktitle={2023 IEEE International Conference on Robotics and Automation (ICRA)},
  pages={5977--5984},
  year={2023},
  organization={IEEE}
}

@inproceedings{allshire2022transferring,
  title={Transferring dexterous manipulation from gpu simulation to a remote real-world trifinger},
  author={Allshire, Arthur and MittaI, Mayank and Lodaya, Varun and Makoviychuk, Viktor and Makoviichuk, Denys and Widmaier, Felix and W{\"u}thrich, Manuel and Bauer, Stefan and Handa, Ankur and Garg, Animesh},
  booktitle={2022 IEEE/RSJ International Conference on Intelligent Robots and Systems (IROS)},
  pages={11802--11809},
  year={2022},
  organization={IEEE}
}

@inproceedings{zhou2023hacman,
  title     = {HACMan: Learning Hybrid Actor-Critic Maps for 6D Non-Prehensile Manipulation},
  author    = {Zhou, Wenxuan and Jiang, Bowen and Yang, Fan and Paxton, Chris and Held, David},
  journal   = {Conference on Robot Learning (CoRL)},
  year      = {2023},
}

@article{braun2013robots,
  title={Robots driven by compliant actuators: Optimal control under actuation constraints},
  author={Braun, David J and Petit, Florian and Huber, Felix and Haddadin, Sami and Van Der Smagt, Patrick and Albu-Sch{\"a}ffer, Alin and Vijayakumar, Sethu},
  journal={IEEE Transactions on Robotics},
  volume={29},
  number={5},
  pages={1085--1101},
  year={2013},
  publisher={IEEE}
}

@article{jia2019batting,
  title={Batting an in-flight object to the target},
  author={Jia, Yan-Bin and Gardner, Matthew and Mu, Xiaoqian},
  journal={The International Journal of Robotics Research},
  volume={38},
  number={4},
  pages={451--485},
  year={2019},
  publisher={SAGE Publications Sage UK: London, England}
}

@inproceedings{high_speed_batting,
  title={Ball control in high-speed batting motion using hybrid trajectory generator},
  author={Senoo, Taku and Namiki, Akio and Ishikawa, Masatoshi},
  booktitle={Proceedings 2006 IEEE International Conference on Robotics and Automation, 2006. ICRA 2006.},
  pages={1762--1767},
  year={2006},
  organization={IEEE}
}

@INPROCEEDINGS{high_speed_throwing,
  author={Senoo, Taku and Namiki, Akio and Ishikawa, Masatoshi},
  booktitle={2008 IEEE/RSJ International Conference on Intelligent Robots and Systems}, 
  title={High-speed throwing motion based on kinetic chain approach}, 
  year={2008},
  volume={},
  number={},
  pages={3206-3211},
  keywords={Joints;Mathematical model;Robots;Force;Equations;Fingers;Torque},
  doi={10.1109/IROS.2008.4651142}}


@article{kim2014catching,
  title={Catching objects in flight},
  author={Kim, Seungsu and Shukla, Ashwini and Billard, Aude},
  journal={IEEE Transactions on Robotics},
  volume={30},
  number={5},
  pages={1049--1065},
  year={2014},
  publisher={IEEE}
}

@article{salehian2016dynamical,
  title={A dynamical system approach for softly catching a flying object: Theory and experiment},
  author={Salehian, Seyed Sina Mirrazavi and Khoramshahi, Mahdi and Billard, Aude},
  journal={IEEE Transactions on Robotics},
  volume={32},
  number={2},
  pages={462--471},
  year={2016},
  publisher={IEEE}
}

@inproceedings{batz2010dynamic,
  title={Dynamic manipulation: Nonprehensile ball catching},
  author={B{\"a}tz, Georg and Yaqub, Arhan and Wu, Haiyan and K{\"u}hnlenz, Kolja and Wollherr, Dirk and Buss, Martin},
  booktitle={18th Mediterranean Conference on Control and Automation, MED'10},
  pages={365--370},
  year={2010},
  organization={IEEE}
}

@article{yan2024impact,
  title={Impact-aware bimanual catching of large-momentum objects},
  author={Yan, Lei and Stouraitis, Theodoros and Moura, Jo{\~a}o and Xu, Wenfu and Gienger, Michael and Vijayakumar, Sethu},
  journal={IEEE Transactions on Robotics},
  year={2024},
  publisher={IEEE}
}

@inproceedings{wang2019impact,
  title={Impact-Friendly Robust Control Design with Task-Space Quadratic Optimization.},
  author={Wang, Yuquan and Kheddar, Abderrahmane},
  booktitle={Robotics: Science and Systems},
  volume={15},
  number={32},
  year={2019}
}

@article{haddadin2009requirements,
  title={Requirements for safe robots: Measurements, analysis and new insights},
  author={Haddadin, Sami and Albu-Sch{\"a}ffer, Alin and Hirzinger, Gerd},
  journal={The International Journal of Robotics Research},
  volume={28},
  number={11-12},
  pages={1507--1527},
  year={2009},
  publisher={SAGE Publications Sage UK: London, England}
}

@article{izumi1993control,
  title={Control of a hitting velocity and direction for a hammering robot using a flexible link},
  author={IZUMI, Teruyuki and HITAKA, Yoshikazu},
  journal={Journal of the Robotics Society of Japan},
  volume={11},
  number={3},
  pages={436--443},
  year={1993},
  publisher={The Robotics Society of Japan}
}

@article{flexible_robotic_arm,
  title     = {Motion Control of a Ball Throwing Robot with a Flexible Robotic Arm},
  author    = {Yizhi Gai and  Yukinori Kobayashi and  Yohei Hoshino and  Takanori Emaru},
    journal   = {International Journal of Computer and Information Engineering},
  volume    = {7},
  number    = {7},
  year      = {2013},
  pages     = {937 - 945},
  publisher = {World Academy of Science, Engineering and Technology},
}

@article{free_flying,
    title = {Estimating the non-linear dynamics of free-flying objects},
    journal = {Robotics and Autonomous Systems},
    volume = {60},
    number = {9},
    pages = {1108-1122},
    year = {2012},
    author = {Seungsu Kim and Aude Billard},
}

@article{1dof,
  title={1-DOF dynamic pitching robot that independently controls velocity, Angular velocity, and direction of a ball: Contact models and motion planning},
  author={Wataru Mori and Jun Ueda and Tsukasa Ogasawara},
  journal={2009 IEEE International Conference on Robotics and Automation},
  year={2009},
  pages={1655-1661},
}

@INPROCEEDINGS{planning_for_catching,
  author={Lampariello, Roberto and Nguyen-Tuong, Duy and Castellini, Claudio and Hirzinger, Gerd and Peters, Jan},
  booktitle={2011 IEEE International Conference on Robotics and Automation}, 
  title={Trajectory planning for optimal robot catching in real-time}, 
  year={2011},
  pages={3719-3726},
}

@ARTICLE{kuka_grabbing_tossing,
  author={Bombile, Michael and Billard, Aude},
  journal={IEEE Robotics \& Automation Magazine}, 
  title={Dual-Arm Control for Coordinated Fast Grabbing and Tossing of an Object: Proposing a New Approach}, 
  year={2022},
  volume={29},
  number={3},
  pages={127-138},
}



@inproceedings{garabini2011optimality,
  title={Optimality principles in variable stiffness control: The VSA hammer},
  author={Garabini, Manolo and Passaglia, Andrea and Belo, Felipe and Salaris, Paolo and Bicchi, Antonio},
  booktitle={2011 IEEE/RSJ International Conference on Intelligent Robots and Systems},
  pages={3770--3775},
  year={2011},
  organization={IEEE}
}

@inproceedings{imran2016impulse,
  title={Impulse modeling and analysis of dual arm hammering task: Human-like manipulator},
  author={Imran, Abid and Yi, Byung-Ju},
  booktitle={2016 IEEE/RSJ International Conference on Intelligent Robots and Systems (IROS)},
  pages={362--367},
  year={2016},
  organization={IEEE}
}

@inproceedings{romanyuk2019multiple,
  title={A multiple working mode approach to hammering with a modular reconfigurable robot},
  author={Romanyuk, Vladyslav and Soleymanpour, Sina and Liu, Guangjun},
  booktitle={2019 IEEE International Conference on Mechatronics and Automation (ICMA)},
  pages={774--779},
  year={2019},
  organization={IEEE}
}

@incollection{beecher1979puma,
  title={Puma: Programmable universal machine for assembly},
  author={Beecher, RC},
  booktitle={Computer vision and sensor-based robots},
  pages={141--152},
  year={1979},
  publisher={Springer}
}

@article{adamec2021biomechanical,
  title={Biomechanical assessment of various punching techniques},
  author={Adamec, Jiri and Hofer, Peter and Pittner, Stefan and Monticelli, Fabio and Graw, Matthias and Sch{\"o}pfer, Jutta},
  journal={International journal of legal medicine},
  volume={135},
  pages={853--859},
  year={2021},
  publisher={Springer}
}

@article{walilko2005biomechanics,
  title={Biomechanics of the head for Olympic boxer punches to the face},
  author={Walilko, Timothy J and Viano, David C and Bir, Cynthia A},
  journal={British journal of sports medicine},
  volume={39},
  number={10},
  pages={710--719},
  year={2005},
  publisher={British Association of Sport and Excercise Medicine}
}

@software{pink,
  title = {{Pink: Python inverse kinematics based on Pinocchio}},
  author = {Caron, Stéphane and De Mont-Marin, Yann and Budhiraja, Rohan and Bang, Seung Hyeon and Domrachev, Ivan and Nedelchev, Simeon},
  license = {Apache-2.0},
  version = {3.1.0},
  year = {2024}
}

@incollection{smpl,
  title={SMPL: A skinned multi-person linear model},
  author={Loper, Matthew and Mahmood, Naureen and Romero, Javier and Pons-Moll, Gerard and Black, Michael J},
  booktitle={Seminal Graphics Papers: Pushing the Boundaries, Volume 2},
  pages={851--866},
  year={2023}
}

@article{opentelevision,
    title={Open-TeleVision: Teleoperation with Immersive Active Visual Feedback},
    author={Cheng, Xuxin and Li, Jialong and Yang, Shiqi and Yang, Ge and Wang, Xiaolong},
    journal={arXiv preprint arXiv:2407.01512},
    year={2024}
}

@article{h2o,
  title={Learning Human-to-Humanoid Real-Time Whole-Body Teleoperation},
  author={Tairan He and Zhengyi Luo and Wenli Xiao and Chong Zhang and Kris Kitani and Changliu Liu and Guanya Shi},
  journal={2024 IEEE/RSJ International Conference on Intelligent Robots and Systems (IROS)},
  year={2024},
}

% Mo-cap suits
@article{avatar_telepresence,
  TITLE = {{A cybernetic avatar system to embody human telepresence for connectivity, exploration, and skill transfer}},
  AUTHOR = {Cisneros-Lim{\'o}n, Rafael and Dallard, Antonin and Benallegue, Mehdi and Kaneko, Kenji and Kaminaga, Hiroshi and Gergondet, Pierre and Tanguy, Arnaud and Singh, Rohan Pratap and Sun, Leyuan and Chen, Yang and Fournier, Carole and Lorthioir, Guillaume and Tsuru, Masato and Chefchaouni-Moussaoui, S{\'e}lim and Osawa, Yukiko and Caron, Guillaume and Chappellet, Kevin and Morisawa, Mitsuharu and Escande, Adrien and Ayusawa, Ko and Houhou, Younes and Kumagai, Iori and Ono, Michio and Shirasaka, Koji and Wada, Shiryu and Wada, Hiroshi and Kanehiro, Fumio and Kheddar, Abderrahmane},
  JOURNAL = {{International Journal of Social Robotics}},
  PUBLISHER = {{Springer}},
  YEAR = {2024},
  MONTH = Jan,
}

@ARTICLE{icub,
  author={Penco, Luigi and Scianca, Nicola and Modugno, Valerio and Lanari, Leonardo and Oriolo, Giuseppe and Ivaldi, Serena},
  journal={IEEE Robotics \& Automation Magazine}, 
  title={A Multimode Teleoperation Framework for Humanoid Loco-Manipulation: An Application for the iCub Robot}, 
  year={2019},
  volume={26},
  number={4},
  pages={73-82}
}

@article{icub3,
  title={iCub3 avatar system: Enabling remote fully immersive embodiment of humanoid robots},
  author={Stefano Dafarra and Kourosh Darvish and Riccardo Grieco and Gianluca Milani and U. Pattacini and Lorenzo Rapetti and Giulio Romualdi and Mattia Salvi and Alessandro Scalzo and Ines Sorrentino and David Tom{\'e} and Silvio Traversaro and Enrico Valli and Paolo Maria Viceconte and Giorgio Metta and Marco Maggiali and Daniele Pucci},
  journal={Science Robotics},
  year={2022},
  volume={9},
}

@INPROCEEDINGS{geometric_retargetting,
  author={Darvish, Kourosh and Tirupachuri, Yeshasvi and Romualdi, Giulio and Rapetti, Lorenzo and Ferigo, Diego and Chavez, Francisco Javier Andrade and Pucci, Daniele},
  booktitle={2019 IEEE-RAS 19th International Conference on Humanoid Robots (Humanoids)}, 
  title={Whole-Body Geometric Retargeting for Humanoid Robots}, 
  year={2019},
}

% Exo-skeleton
@ARTICLE{bilateral_feedback_teleoperation,
  author={Ramos, Joao and Kim, Sangbae},
  journal={IEEE Transactions on Robotics}, 
  title={Humanoid Dynamic Synchronization Through Whole-Body Bilateral Feedback Teleoperation}, 
  year={2018},
  volume={34},
  number={4},
  pages={953-965}
}

@ARTICLE{tablis,
  author={Ishiguro, Yasuhiro and Makabe, Tasuku and Nagamatsu, Yuya and Kojio, Yuta and Kojima, Kunio and Sugai, Fumihito and Kakiuchi, Yohei and Okada, Kei and Inaba, Masayuki},
  journal={IEEE Robotics and Automation Letters}, 
  title={Bilateral Humanoid Teleoperation System Using Whole-Body Exoskeleton Cockpit TABLIS}, 
  year={2020},
  pages={6419-6426},
}

@article{nimbro_avator,
  title={NimbRo Avatar: Interactive Immersive Telepresence with Force-Feedback Telemanipulation},
  author={Max Schwarz and Christian Lenz and Andre Rochow and Michael Schreiber and Sven Behnke},
  journal={2021 IEEE/RSJ International Conference on Intelligent Robots and Systems (IROS)},
  year={2021},
}

@inproceedings{aloha,
  title={Learning Fine-Grained Bimanual Manipulation with Low-Cost Hardware},
  author={Zhao, Tony Z and Kumar, Vikash and Levine, Sergey and Finn, Chelsea},
  booktitle={Robotics: Science and Systems},
  year={2023}
}

@inproceedings{mobile_aloha,
  author    = {Fu, Zipeng and Zhao, Tony Z. and Finn, Chelsea},
  title     = {Mobile ALOHA: Learning Bimanual Mobile Manipulation with Low-Cost Whole-Body Teleoperation},
  booktitle = {{Conference on Robot Learning (CoRL)}},
  year      = {2024},
}

@misc{gello,
    title={GELLO: A General, Low-Cost, and Intuitive Teleoperation Framework for Robot Manipulators},
    author={Philipp Wu and Yide Shentu and Zhongke Yi and Xingyu Lin and Pieter Abbeel},
    year={2023},
}

@inproceedings{ace,
  title={ACE: A Cross-platfrom Visual-Exoskeletons for Low-Cost Dexterous Teleoperation},
  author={Yang, Shiqi and Liu, Minghuan and Qin, Yuzhe and Runyu, Ding and Li Jialong and Cheng, Xuxin and Yang, Ruihan and Yi, Sha and Wang, Xiaolong},
  booktitle   = {Conference on Robot Learning (CoRL)},
  year      = {2024},
}

@INPROCEEDINGS{airexo,
  author={Fang, Hongjie and Fang, Hao-Shu and Wang, Yiming and Ren, Jieji and Chen, Jingjing and Zhang, Ruo and Wang, Weiming and Lu, Cewu},
  booktitle={2024 IEEE International Conference on Robotics and Automation (ICRA)}, 
  title={AirExo: Low-Cost Exoskeletons for Learning Whole-Arm Manipulation in the Wild}, 
  year={2024},
}


@inproceedings{tobin2017domain,
  title={Domain randomization for transferring deep neural networks from simulation to the real world},
  author={Tobin, Josh and Fong, Rachel and Ray, Alex and Schneider, Jonas and Zaremba, Wojciech and Abbeel, Pieter},
  booktitle={2017 IEEE/RSJ international conference on intelligent robots and systems (IROS)},
  pages={23--30},
  year={2017},
  organization={IEEE}
}

@inproceedings{peng2018sim,
  title={Sim-to-real transfer of robotic control with dynamics randomization},
  author={Peng, Xue Bin and Andrychowicz, Marcin and Zaremba, Wojciech and Abbeel, Pieter},
  booktitle={2018 IEEE international conference on robotics and automation (ICRA)},
  pages={3803--3810},
  year={2018},
  organization={IEEE}
}


@inproceedings{slahmr,
  title={Decoupling human and camera motion from videos in the wild},
  author={Ye, Vickie and Pavlakos, Georgios and Malik, Jitendra and Kanazawa, Angjoo},
  booktitle={Proceedings of the IEEE/CVF conference on computer vision and pattern recognition},
  year={2023}
}

% Haptic
@InProceedings{vibrotactile,
    author="Brygo, Anais
    and Sarakoglou, Ioannis
    and Garcia-Hernandez, Nadia
    and Tsagarakis, Nikolaos",
    editor="Auvray, Malika
    and Duriez, Christian",
    title="Humanoid Robot Teleoperation with Vibrotactile Based Balancing Feedback",
    booktitle="Haptics: Neuroscience, Devices, Modeling, and Applications",
    year="2014",
    publisher="Springer Berlin Heidelberg",
    pages="266--275",
}

@article{fullbody_haptic,
    author = {Peternel, Luka and Babič, Jan},
    year = {2013},
    month = {09},
    title = {Learning of compliant human–robot interaction using full-body haptic interface},
    volume = {27},
    journal = {Advanced Robotics},
}

% VR
@inbook{mahru,
    author = {Kim, Doik and You, Bum-Jae and Oh, Sang-Rok},
    year = {2013},
    month = {01},
    pages = {87-98},
    title = {Whole Body Motion Control Framework for Arbitrarily and Simultaneously Assigned Upper-Body Tasks and Walking Motion},
    journal = {Cognitive Systems Monographs},
}

@inproceedings{pushed_carts,
author = {Vaz, Jean and Wallace, Dylan and Oh, Paul},
year = {2021},
month = {11},
title = {Humanoid Loco-Manipulation of Pushed Carts Utilizing Virtual Reality Teleoperation},
}

@article{arcap,
  title={ARCap: Collecting High-quality Human Demonstrations for Robot Learning with Augmented Reality Feedback},
  author={Sirui Chen and Chen Wang and Kaden Nguyen and Fei-Fei Li and C. Karen Liu},
  journal={ArXiv},
  year={2024},
}


@inproceedings{yuan2018rearrangement,
  title={Rearrangement with nonprehensile manipulation using deep reinforcement learning},
  author={Yuan, Weihao and Stork, Johannes A and Kragic, Danica and Wang, Michael Y and Hang, Kaiyu},
  booktitle={2018 IEEE International Conference on Robotics and Automation (ICRA)},
  pages={270--277},
  year={2018},
  organization={IEEE}
}

@article{yuan2019end,
  title={End-to-end nonprehensile rearrangement with deep reinforcement learning and simulation-to-reality transfer},
  author={Yuan, Weihao and Hang, Kaiyu and Kragic, Danica and Wang, Michael Y and Stork, Johannes A},
  journal={Robotics and Autonomous Systems},
  volume={119},
  pages={119--134},
  year={2019},
  publisher={Elsevier}
}

@inproceedings{ferrandis2023nonprehensile,
  title={Nonprehensile planar manipulation through reinforcement learning with multimodal categorical exploration},
  author={Ferrandis, Juan Del Aguila and Moura, Jo{\~a}o and Vijayakumar, Sethu},
  booktitle={2023 IEEE/RSJ International Conference on Intelligent Robots and Systems (IROS)},
  pages={5606--5613},
  year={2023},
  organization={IEEE}
}

@inproceedings{zhou2023learning,
  title={Learning to grasp the ungraspable with emergent extrinsic dexterity},
  author={Zhou, Wenxuan and Held, David},
  booktitle={Conference on Robot Learning (CoRL)},
  pages={150--160},
  year={2023},
  organization={PMLR}
}

@inproceedings{liu2008development,
  title={Development of modular and reconfigurable robot with multiple working modes},
  author={Liu, Guangjun and He, Xiaojia and Yuan, Jing and Abdul, Sajan and Goldenberg, Andrew A},
  booktitle={2008 IEEE International Conference on Robotics and Automation},
  pages={3502--3507},
  year={2008},
  organization={IEEE}
}

@article{omnih2o,
      title={OmniH2O: Universal and Dexterous Human-to-Humanoid Whole-Body Teleoperation and Learning},
      author={He, Tairan and Luo, Zhengyi and He, Xialin and Xiao, Wenli and Zhang, Chong and Zhang, Weinan and Kitani, Kris and Liu, Changliu and Shi, Guanya},
      journal={arXiv preprint arXiv:2406.08858},
      year={2024}
    }

@inproceedings{hybrik,
  title={Hybrik: A hybrid analytical-neural inverse kinematics solution for 3d human pose and shape estimation},
  author={Li, Jiefeng and Xu, Chao and Chen, Zhicun and Bian, Siyuan and Yang, Lixin and Lu, Cewu},
  booktitle={Proceedings of the IEEE/CVF conference on computer vision and pattern recognition},
  pages={3383--3393},
  year={2021}
}