@inproceedings{he2016deep,
  title={Deep residual learning for image recognition},
  author={He, Kaiming and Zhang, Xiangyu and Ren, Shaoqing and Sun, Jian},
  booktitle={Proceedings of the IEEE conference on computer vision and pattern recognition},
  pages={770--778},
  year={2016}
}

@inproceedings{yu2018learning,
  title={Learning with biased complementary labels},
  author={Yu, Xiyu and Liu, Tongliang and Gong, Mingming and Tao, Dacheng},
  booktitle={Proceedings of the European conference on computer vision (ECCV)},
  pages={68--83},
  year={2018}
}

@inproceedings{liu2011noise,
  title={Noise resistant graph ranking for improved web image search},
  author={Liu, Wei and Jiang, Yu-Gang and Luo, Jiebo and Chang, Shih-Fu},
  booktitle={CVPR 2011},
  pages={849--856},
  year={2011},
  organization={IEEE}
}

@inproceedings{zhang2017understanding,
title={Understanding deep learning requires rethinking generalization},
author={Chiyuan Zhang and Samy Bengio and Moritz Hardt and Benjamin Recht and Oriol Vinyals},
booktitle={International Conference on Learning Representations},
year={2017}
}

@inproceedings{nguyen2020self,
  title={SELF: learning to filter noisy labels with self-ensembling},
  author={Nguyen, Tam and Mummadi, C and Ngo, T and Beggel, L and Brox, Thomas},
  booktitle={International Conference on Learning Representations (ICLR)},
  year={2020}
}

@inproceedings{patrini2017making,
  title={Making deep neural networks robust to label noise: A loss correction approach},
  author={Patrini, Giorgio and Rozza, Alessandro and Krishna Menon, Aditya and Nock, Richard and Qu, Lizhen},
  booktitle={Proceedings of the IEEE conference on computer vision and pattern recognition},
  pages={1944--1952},
  year={2017}
}

@inproceedings{lu2023rethinking,
  title={Rethinking label refurbishment: model robustness under label noise},
  author={Lu, Yangdi and Xu, Zhiwei and He, Wenbo},
  booktitle={Proceedings of the AAAI Conference on Artificial Intelligence},
  volume={37},
  number={12},
  pages={15000--15008},
  year={2023}
}

@inproceedings{ghosh2017robust,
  title={Robust loss functions under label noise for deep neural networks},
  author={Ghosh, Aritra and Kumar, Himanshu and Sastry, P Shanti},
  booktitle={Proceedings of the AAAI conference on artificial intelligence},
  volume={31},
  number={1},
  pages={1919--1925},
  year={2017}
}

@article{zhang2018generalized,
  title={Generalized cross entropy loss for training deep neural networks with noisy labels},
  author={Zhang, Zhilu and Sabuncu, Mert},
  journal={Advances in neural information processing systems},
  volume={31},
  pages={8792-8802},
  year={2018}
}

@inproceedings{wang2019symmetric,
  title={Symmetric cross entropy for robust learning with noisy labels},
  author={Wang, Yisen and Ma, Xingjun and Chen, Zaiyi and Luo, Yuan and Yi, Jinfeng and Bailey, James},
  booktitle={Proceedings of the IEEE/CVF international conference on computer vision},
  pages={322--330},
  year={2019}
}

@article{shorten2019survey,
  title={A survey on image data augmentation for deep learning},
  author={Shorten, Connor and Khoshgoftaar, Taghi M},
  journal={Journal of big data},
  volume={6},
  number={1},
  pages={1--48},
  year={2019},
  publisher={Springer}
}

@article{krogh1991simple,
  title={A simple weight decay can improve generalization},
  author={Krogh, Anders and Hertz, John},
  journal={Advances in neural information processing systems},
  volume={4},
  pages={950--957},
  year={1991}
}

@article{srivastava2014dropout,
  title={Dropout: a simple way to prevent neural networks from overfitting},
  author={Srivastava, Nitish and Hinton, Geoffrey and Krizhevsky, Alex and Sutskever, Ilya and Salakhutdinov, Ruslan},
  journal={The journal of machine learning research},
  volume={15},
  number={1},
  pages={1929--1958},
  year={2014},
  publisher={JMLR. org}
}

@inproceedings{szegedy2016rethinking,
  title={Rethinking the inception architecture for computer vision},
  author={Szegedy, Christian and Vanhoucke, Vincent and Ioffe, Sergey and Shlens, Jon and Wojna, Zbigniew},
  booktitle={Proceedings of the IEEE conference on computer vision and pattern recognition},
  pages={2818--2826},
  year={2016}
}

@inproceedings{arpit2017closer,
  title={A Closer Look at Memorization in Deep Networks},
  author={Arpit, Devansh and Jastrz{\k{e}}bski, Stanis{\l}aw and Ballas, Nicolas and Krueger, David and Bengio, Emmanuel and Kanwal, Maxinder S and Maharaj, Tegan and Fischer, Asja and Courville, Aaron and Bengio, Yoshua and others},
  booktitle={International conference on machine learning},
  pages={233--242},
  year={2017},
  organization={PMLR}
}

@article{liu2020early,
  title={Early-learning regularization prevents memorization of noisy labels},
  author={Liu, Sheng and Niles-Weed, Jonathan and Razavian, Narges and Fernandez-Granda, Carlos},
  journal={Advances in neural information processing systems},
  volume={33},
  pages={20331--20342},
  year={2020}
}

@inproceedings{xia2020robust,
  title={Robust early-learning: Hindering the memorization of noisy labels},
  author={Xia, Xiaobo and Liu, Tongliang and Han, Bo and Gong, Chen and Wang, Nannan and Ge, Zongyuan and Chang, Yi},
  booktitle={International conference on learning representations},
  year={2021}
}

@inproceedings{zhou2021learning,
  title={Learning with noisy labels via sparse regularization},
  author={Zhou, Xiong and Liu, Xianming and Wang, Chenyang and Zhai, Deming and Jiang, Junjun and Ji, Xiangyang},
  booktitle={Proceedings of the IEEE/CVF international conference on computer vision},
  pages={72--81},
  year={2021}
}

@inproceedings{yi2022learning,
  title={On learning contrastive representations for learning with noisy labels},
  author={Yi, Li and Liu, Sheng and She, Qi and McLeod, A Ian and Wang, Boyu},
  booktitle={Proceedings of the IEEE/CVF conference on computer vision and pattern recognition},
  pages={16682--16691},
  year={2022}
}

@inproceedings{jiang2018mentornet,
  title={Mentornet: Learning data-driven curriculum for very deep neural networks on corrupted labels},
  author={Jiang, Lu and Zhou, Zhengyuan and Leung, Thomas and Li, Li-Jia and Fei-Fei, Li},
  booktitle={International conference on machine learning},
  pages={2304--2313},
  year={2018},
  organization={PMLR}
}

@inproceedings{gui2021towards,
  author={Gui, Xian-Jin and Wang, Wei and Tian, Zhang-Hao},
  title = {Towards Understanding Deep Learning from Noisy Labels with Small-Loss Criterion},
  booktitle = {Proceedings of the Thirtieth International Joint Conference on Artificial Intelligence},
  pages = {2469--2475},
  year = {2021}
}

@article{shu2019meta,
  title={Meta-weight-net: Learning an explicit mapping for sample weighting},
  author={Shu, Jun and Xie, Qi and Yi, Lixuan and Zhao, Qian and Zhou, Sanping and Xu, Zongben and Meng, Deyu},
  journal={Advances in neural information processing systems},
  volume={32},
  pages={1917--1928},
  year={2019}
}

@article{han2018co,
  title={Co-teaching: Robust training of deep neural networks with extremely noisy labels},
  author={Han, Bo and Yao, Quanming and Yu, Xingrui and Niu, Gang and Xu, Miao and Hu, Weihua and Tsang, Ivor and Sugiyama, Masashi},
  journal={Advances in neural information processing systems},
  volume={31},
  pages={8536--8546},
  year={2018}
}

@inproceedings{yu2019does,
  title={How does disagreement help generalization against label corruption?},
  author={Yu, Xingrui and Han, Bo and Yao, Jiangchao and Niu, Gang and Tsang, Ivor and Sugiyama, Masashi},
  booktitle={International conference on machine learning},
  pages={7164--7173},
  year={2019},
  organization={PMLR}
}

@article{pleiss2020identifying,
  title={Identifying mislabeled data using the area under the margin ranking},
  author={Pleiss, Geoff and Zhang, Tianyi and Elenberg, Ethan and Weinberger, Kilian Q},
  journal={Advances in Neural Information Processing Systems},
  volume={33},
  pages={17044--17056},
  year={2020}
}

@inproceedings{yi2019probabilistic,
  title={Probabilistic end-to-end noise correction for learning with noisy labels},
  author={Yi, Kun and Wu, Jianxin},
  booktitle={Proceedings of the IEEE/CVF conference on computer vision and pattern recognition},
  pages={7017--7025},
  year={2019}
}

@article{lu2022selc,
  title={SELC: Self-Ensemble Label Correction Improves Learning with Noisy Labels},
  author={Lu, Yangdi and He, Wenbo},
  journal={IJCAI},
  pages={3278--3284},
  year={2022}
}

@inproceedings{liu2022robust,
  title={Robust training under label noise by over-parameterization},
  author={Liu, Sheng and Zhu, Zhihui and Qu, Qing and You, Chong},
  booktitle={International Conference on Machine Learning},
  pages={14153--14172},
  year={2022},
  organization={PMLR}
}

@inproceedings{arazo2019unsupervised,
  title={Unsupervised label noise modeling and loss correction},
  author={Arazo, Eric and Ortego, Diego and Albert, Paul and Oâ€™Connor, Noel and McGuinness, Kevin},
  booktitle={International conference on machine learning},
  pages={312--321},
  year={2019},
  organization={PMLR}
}

@inproceedings{
    li2020dividemix,
    title={DivideMix: Learning with Noisy Labels as Semi-supervised Learning},
    author={Junnan Li and Richard Socher and Steven C.H. Hoi},
    booktitle={International Conference on Learning Representations},
    year={2020},
}

@article{cheng2022class,  
  title={Class-dependent label-noise learning with cycle-consistency regularization},
  author={Cheng, De and Ning, Yixiong and Wang, Nannan and Gao, Xinbo and Yang, Heng and Du, Yuxuan and Han, Bo and Liu, Tongliang},
  journal={Advances in Neural Information Processing Systems},
  volume={35},
  pages={11104--11116},
  year={2022}
}

@inproceedings{chen2021boosting, 
  title={Boosting co-teaching with compression regularization for label noise},
  author={Chen, Yingyi and Shen, Xi and Hu, Shell Xu and Suykens, Johan AK},
  booktitle={Proceedings of the IEEE/CVF Conference on Computer Vision and Pattern Recognition},
  pages={2688--2692},
  year={2021}
}

@inproceedings{kim2019nlnl,  
  title={Nlnl: Negative learning for noisy labels},
  author={Kim, Youngdong and Yim, Junho and Yun, Juseung and Kim, Junmo},
  booktitle={Proceedings of the IEEE/CVF international conference on computer vision},
  pages={101--110},
  year={2019}
}

@inproceedings{xia2023combating,  
  title={Combating noisy labels with sample selection by mining high-discrepancy examples},
  author={Xia, Xiaobo and Han, Bo and Zhan, Yibing and Yu, Jun and Gong, Mingming and Gong, Chen and Liu, Tongliang},
  booktitle={Proceedings of the IEEE/CVF international conference on computer vision},
  pages={1833--1843},
  year={2023}
}

@article{jiang2022sparse,   
  title={When sparse neural network meets label noise learning: A multistage learning framework},
  author={Jiang, Runqing and Yan, Yan and Xue, Jing-Hao and Wang, Biao and Wang, Hanzi},
  journal={IEEE Transactions on Neural Networks and Learning Systems},
  volume={35},
  number={2},
  pages={2208--2222},
  year={2022},
  publisher={IEEE}
}

@article{li2023dynamics,
  title={Dynamics-aware loss for learning with label noise},
  author={Li, Xiu-Chuan and Xia, Xiaobo and Zhu, Fei and Liu, Tongliang and Zhang, Xu-Yao and Liu, Cheng-Lin},
  journal={Pattern Recognition},
  volume={144},
  pages={109835},
  year={2023},
  publisher={Elsevier}
}

@article{gong2022class,  
  title={Class-wise denoising for robust learning under label noise},
  author={Gong, Chen and Ding, Yongliang and Han, Bo and Niu, Gang and Yang, Jian and You, Jane and Tao, Dacheng and Sugiyama, Masashi},
  journal={IEEE Transactions on Pattern Analysis and Machine Intelligence},
  volume={45},
  number={3},
  pages={2835--2848},
  year={2022},
  publisher={IEEE}
}

@inproceedings{2015TRAINING, 
  title={TRAINING DEEP NEURAL NETWORKS ON NOISY LABELS WITH BOOTSTRAPPING},
  author={ Reed, Scott E.  and  Lee, Honglak  and  Anguelov, Dragomir  and  Szegedy, Christian  and  Erhan, Dumitru  and  Rabinovich, Andrew },
  booktitle={International Conference on Learning Representations},
  year={2015},
}

@inproceedings{prog_noise_iclr2021,  
  title={Learning with Feature-Dependent Label Noise: A Progressive Approach},
  author={Zhang, Yikai and Zheng, Songzhu and Wu, Pengxiang and Goswami, Mayank and Chen, Chao},
  booktitle={ICLR},
  year={2021}
}

@article{krizhevsky2009learning,
  title={Learning multiple layers of features from tiny images},
  author={Krizhevsky, Alex and Hinton, Geoffrey and others},
  year={2009},
  publisher={Master's thesis, University of Toronto}
}

@inproceedings{song2019selfie,
  title={Selfie: Refurbishing unclean samples for robust deep learning},
  author={Song, Hwanjun and Kim, Minseok and Lee, Jae-Gil},
  booktitle={International conference on machine learning},
  pages={5907--5915},
  year={2019},
  organization={PMLR}
}

@inproceedings{xiao2015learning,
  title={Learning from massive noisy labeled data for image classification},
  author={Xiao, Tong and Xia, Tian and Yang, Yi and Huang, Chang and Wang, Xiaogang},
  booktitle={Proceedings of the IEEE conference on computer vision and pattern recognition},
  pages={2691--2699},
  year={2015}
}

@article{li2017webvision,
  title={Webvision database: Visual learning and understanding from web data},
  author={Li, Wen and Wang, Limin and Li, Wei and Agustsson, Eirikur and Van Gool, Luc},
  journal={arXiv preprint arXiv:1708.02862},
  year={2017}
}

@inproceedings{chen2019understanding,
  title={Understanding and utilizing deep neural networks trained with noisy labels},
  author={Chen, Pengfei and Liao, Ben Ben and Chen, Guangyong and Zhang, Shengyu},
  booktitle={International conference on machine learning},
  pages={1062--1070},
  year={2019},
  organization={PMLR}
}

@article{liang2024nonlocal,
  title={Nonlocal Hybrid Network for Long-tailed Image Classification},
  author={Liang, Rongjiao and Zhang, Shichao and Zhang, Wenzhen and Zhang, Guixian and Tang, Jinyun},
  journal={ACM Transactions on Multimedia Computing, Communications and Applications},
  volume={20},
  number={4},
  pages={1--22},
  year={2024},
  publisher={ACM New York, NY}
}

@inproceedings{yao2023better,
  title={Which is better for learning with noisy labels: the semi-supervised method or modeling label noise?},
  author={Yao, Yu and Gong, Mingming and Du, Yuxuan and Yu, Jun and Han, Bo and Zhang, Kun and Liu, Tongliang},
  booktitle={International conference on machine learning},
  pages={39660--39673},
  year={2023},
  organization={PMLR}
}

@inproceedings{zhu2024robust,
  title={Robust Node Classification on Graph Data with Graph and Label Noise},
  author={Zhu, Yonghua and Feng, Lei and Deng, Zhenyun and Chen, Yang and Amor, Robert and Witbrock, Michael},
  booktitle={Proceedings of the AAAI Conference on Artificial Intelligence},
  volume={38},
  number={15},
  pages={17220--17227},
  year={2024}
}

@article{shi2023self,
  title={Self-paced resistance learning against overfitting on noisy labels},
  author={Shi, Xiaoshuang and Guo, Zhenhua and Li, Kang and Liang, Yun and Zhu, Xiaofeng},
  journal={Pattern Recognition},
  volume={134},
  pages={109080},
  year={2023},
  publisher={Elsevier}
}

@inproceedings{
gong2024does,
title={Does Label Smoothing Help Deep Partial Label Learning?},
author={Xiuwen Gong and Nitin Bisht and Guandong Xu},
booktitle={Forty-first International Conference on Machine Learning},
year={2024}
}

@article{li2024rethinking,
  title={Rethinking the impact of noisy labels in graph classification: A utility and privacy perspective},
  author={De Li and Xianxian Li and Zeming Gan and Qiyu Li and Bin Qu and Jinyan Wang},
  journal={Neural Networks},
  pages={106919},
  year={2024},
  publisher={Elsevier}
}

@article{zhang2024gradient,
  title={Gradient-aware learning for joint biases: Label noise and class imbalance},
  author={Zhang, Shichuan and Zhu, Chenglu and Li, Honglin and Cai, Jiatong and Yang, Lin},
  journal={Neural Networks},
  volume={171},
  pages={374--382},
  year={2024},
  publisher={Elsevier}
}
