@inproceedings{arazo2019unsupervised,
  title={Unsupervised label noise modeling and loss correction},
  author={Arazo, Eric and Ortego, Diego and Albert, Paul and Oâ€™Connor, Noel and McGuinness, Kevin},
  booktitle={International conference on machine learning},
  pages={312--321},
  year={2019},
  organization={PMLR}
}

@inproceedings{arpit2017closer,
  title={A Closer Look at Memorization in Deep Networks},
  author={Arpit, Devansh and Jastrz{\k{e}}bski, Stanis{\l}aw and Ballas, Nicolas and Krueger, David and Bengio, Emmanuel and Kanwal, Maxinder S and Maharaj, Tegan and Fischer, Asja and Courville, Aaron and Bengio, Yoshua and others},
  booktitle={International conference on machine learning},
  pages={233--242},
  year={2017},
  organization={PMLR}
}

@inproceedings{ghosh2017robust,
  title={Robust loss functions under label noise for deep neural networks},
  author={Ghosh, Aritra and Kumar, Himanshu and Sastry, P Shanti},
  booktitle={Proceedings of the AAAI conference on artificial intelligence},
  volume={31},
  number={1},
  pages={1919--1925},
  year={2017}
}

@inproceedings{gui2021towards,
  author={Gui, Xian-Jin and Wang, Wei and Tian, Zhang-Hao},
  title = {Towards Understanding Deep Learning from Noisy Labels with Small-Loss Criterion},
  booktitle = {Proceedings of the Thirtieth International Joint Conference on Artificial Intelligence},
  pages = {2469--2475},
  year = {2021}
}

@article{han2018co,
  title={Co-teaching: Robust training of deep neural networks with extremely noisy labels},
  author={Han, Bo and Yao, Quanming and Yu, Xingrui and Niu, Gang and Xu, Miao and Hu, Weihua and Tsang, Ivor and Sugiyama, Masashi},
  journal={Advances in neural information processing systems},
  volume={31},
  pages={8536--8546},
  year={2018}
}

@inproceedings{jiang2018mentornet,
  title={Mentornet: Learning data-driven curriculum for very deep neural networks on corrupted labels},
  author={Jiang, Lu and Zhou, Zhengyuan and Leung, Thomas and Li, Li-Jia and Fei-Fei, Li},
  booktitle={International conference on machine learning},
  pages={2304--2313},
  year={2018},
  organization={PMLR}
}

@article{krogh1991simple,
  title={A simple weight decay can improve generalization},
  author={Krogh, Anders and Hertz, John},
  journal={Advances in neural information processing systems},
  volume={4},
  pages={950--957},
  year={1991}
}

@article{li2023dynamics,
  title={Dynamics-aware loss for learning with label noise},
  author={Li, Xiu-Chuan and Xia, Xiaobo and Zhu, Fei and Liu, Tongliang and Zhang, Xu-Yao and Liu, Cheng-Lin},
  journal={Pattern Recognition},
  volume={144},
  pages={109835},
  year={2023},
  publisher={Elsevier}
}

@article{liu2020early,
  title={Early-learning regularization prevents memorization of noisy labels},
  author={Liu, Sheng and Niles-Weed, Jonathan and Razavian, Narges and Fernandez-Granda, Carlos},
  journal={Advances in neural information processing systems},
  volume={33},
  pages={20331--20342},
  year={2020}
}

@inproceedings{liu2022robust,
  title={Robust training under label noise by over-parameterization},
  author={Liu, Sheng and Zhu, Zhihui and Qu, Qing and You, Chong},
  booktitle={International Conference on Machine Learning},
  pages={14153--14172},
  year={2022},
  organization={PMLR}
}

@article{lu2022selc,
  title={SELC: Self-Ensemble Label Correction Improves Learning with Noisy Labels},
  author={Lu, Yangdi and He, Wenbo},
  journal={IJCAI},
  pages={3278--3284},
  year={2022}
}

@article{pleiss2020identifying,
  title={Identifying mislabeled data using the area under the margin ranking},
  author={Pleiss, Geoff and Zhang, Tianyi and Elenberg, Ethan and Weinberger, Kilian Q},
  journal={Advances in Neural Information Processing Systems},
  volume={33},
  pages={17044--17056},
  year={2020}
}

@article{shorten2019survey,
  title={A survey on image data augmentation for deep learning},
  author={Shorten, Connor and Khoshgoftaar, Taghi M},
  journal={Journal of big data},
  volume={6},
  number={1},
  pages={1--48},
  year={2019},
  publisher={Springer}
}

@article{shu2019meta,
  title={Meta-weight-net: Learning an explicit mapping for sample weighting},
  author={Shu, Jun and Xie, Qi and Yi, Lixuan and Zhao, Qian and Zhou, Sanping and Xu, Zongben and Meng, Deyu},
  journal={Advances in neural information processing systems},
  volume={32},
  pages={1917--1928},
  year={2019}
}

@article{srivastava2014dropout,
  title={Dropout: a simple way to prevent neural networks from overfitting},
  author={Srivastava, Nitish and Hinton, Geoffrey and Krizhevsky, Alex and Sutskever, Ilya and Salakhutdinov, Ruslan},
  journal={The journal of machine learning research},
  volume={15},
  number={1},
  pages={1929--1958},
  year={2014},
  publisher={JMLR. org}
}

@inproceedings{szegedy2016rethinking,
  title={Rethinking the inception architecture for computer vision},
  author={Szegedy, Christian and Vanhoucke, Vincent and Ioffe, Sergey and Shlens, Jon and Wojna, Zbigniew},
  booktitle={Proceedings of the IEEE conference on computer vision and pattern recognition},
  pages={2818--2826},
  year={2016}
}

@inproceedings{wang2019symmetric,
  title={Symmetric cross entropy for robust learning with noisy labels},
  author={Wang, Yisen and Ma, Xingjun and Chen, Zaiyi and Luo, Yuan and Yi, Jinfeng and Bailey, James},
  booktitle={Proceedings of the IEEE/CVF international conference on computer vision},
  pages={322--330},
  year={2019}
}

@inproceedings{xia2020robust,
  title={Robust early-learning: Hindering the memorization of noisy labels},
  author={Xia, Xiaobo and Liu, Tongliang and Han, Bo and Gong, Chen and Wang, Nannan and Ge, Zongyuan and Chang, Yi},
  booktitle={International conference on learning representations},
  year={2021}
}

@inproceedings{yao2023better,
  title={Which is better for learning with noisy labels: the semi-supervised method or modeling label noise?},
  author={Yao, Yu and Gong, Mingming and Du, Yuxuan and Yu, Jun and Han, Bo and Zhang, Kun and Liu, Tongliang},
  booktitle={International conference on machine learning},
  pages={39660--39673},
  year={2023},
  organization={PMLR}
}

@inproceedings{yi2019probabilistic,
  title={Probabilistic end-to-end noise correction for learning with noisy labels},
  author={Yi, Kun and Wu, Jianxin},
  booktitle={Proceedings of the IEEE/CVF conference on computer vision and pattern recognition},
  pages={7017--7025},
  year={2019}
}

@inproceedings{yi2022learning,
  title={On learning contrastive representations for learning with noisy labels},
  author={Yi, Li and Liu, Sheng and She, Qi and McLeod, A Ian and Wang, Boyu},
  booktitle={Proceedings of the IEEE/CVF conference on computer vision and pattern recognition},
  pages={16682--16691},
  year={2022}
}

@inproceedings{yu2019does,
  title={How does disagreement help generalization against label corruption?},
  author={Yu, Xingrui and Han, Bo and Yao, Jiangchao and Niu, Gang and Tsang, Ivor and Sugiyama, Masashi},
  booktitle={International conference on machine learning},
  pages={7164--7173},
  year={2019},
  organization={PMLR}
}

@article{zhang2018generalized,
  title={Generalized cross entropy loss for training deep neural networks with noisy labels},
  author={Zhang, Zhilu and Sabuncu, Mert},
  journal={Advances in neural information processing systems},
  volume={31},
  pages={8792-8802},
  year={2018}
}

@inproceedings{zhou2021learning,
  title={Learning with noisy labels via sparse regularization},
  author={Zhou, Xiong and Liu, Xianming and Wang, Chenyang and Zhai, Deming and Jiang, Junjun and Ji, Xiangyang},
  booktitle={Proceedings of the IEEE/CVF international conference on computer vision},
  pages={72--81},
  year={2021}
}

