@article{Aldous1992,
    author = {David Aldous},
    title = "{Asymptotics in the random assignment problem}",
    journal = {Probability Theory and Related Fields},
    volume = {93},
    pages = {507--534},
    year = {1992},
}

@article{Aldous2001,
    author = {David Aldous},
    title = "{The $\zeta(2)$ limit in the random assignment problem}",
    journal = {Random Structures and Algorithms},
    volume = {18},
    pages = {381--418},
    year = {2001},
}

@article{Amanatidis2017,
    author = {Georgios Amanatidis and Evangelos Markakis and Afshin Nikzad and Amin Saberi},
    title = "{Approximation algorithms for computing maximin share allocations}",
    journal = {ACM Transactions on Algorithms},
    volume = {13},
    number = {4},
    pages = {1--28},
    year = {2017},
}

@inproceedings{BabaioffEzraFeige2021, 
    title={Fair and truthful mechanisms for dichotomous valuations}, 
    booktitle = proc # {35th} # aaai,
    author={Babaioff, Moshe and Ezra, Tomer and Feige, Uriel}, 
    year={2021}, 
    pages={5119--5126},
}

@inproceedings{BaiEC2022, 
        author = {Bai, Yushi and Feige, Uriel and G\"{o}lz, Paul and Procaccia, Ariel D.}, 
        title = {Fair Allocations for Smoothed Utilities}, 
        year = {2022}, 
        booktitle = proc # {23rd} # acmec,
        pages = {436--465}, 
}

@inproceedings{BaiGolz2022,
    author = {Yushi Bai and Paul G\"{o}lz},
    title = "{Envy-free and Pareto-optimal allocations for agents with asymmetric random valuations}",
    booktitle = proc # {31th} # ijcai,
    pages = {53--59},
    year = {2022},
}

@inproceedings{Benabbou2019,
    author = {Nawal Benabbou and Mithun Chakraborty and Edith Elkind and Yair Zick},
    title = "{Fairness towards groups of agents in the allocation of indivisible items}",
    booktitle = proc # {28th} # ijcai,
    pages = {95--101},
    year = {2019},
}

@article{Benabbou2021,
    author = {Nawal Benabbou and Mithun Chakraborty and Ayumi Igarashi and Yair Zick},
    title = "{Finding fair and efficient allocations for matroid rank valuations}",
    journal = {ACM Transactions on Economics and Computation},
    volume = {9},
    number = {21},
    pages = {1--41},
    year = {2021},
}

@inproceedings{BenadeHalpernPsomasVerma2023,
  author = {Benad\`{e}, Gerdus and Halpern, Daniel and Psomas, Alexandros and Verma, Paritosh},
  title = {On the existence of envy-free allocations beyond additive valuations},
  booktitle = {Proceedings of the 25th ACM Conference on Economics and Computation},
  year = {2024}
}

@article{Caragiannis2019,
    author = {Caragiannis, Ioannis and Kurokawa, David and Moulin, Herv\'{e} and Procaccia, Ariel D. and Shah, Nisarg and Wang, Junxing},
    title = "{The unreasonable fairness of maximum Nash welfare}",
    journal = {ACM Transactions on Economics and Computation},
    volume = {7},
    number = {3},
    pages = {1--12},
    year = {2019},
}

@inproceedings{Dickerson2014,
    author = {John P. Dickerson and Jonathan Goldman and Jeremy Karp and Ariel D. Procaccia and Tuomas Sandholm},
    title = "{The computational rise and fall of fairness}",
    booktitle = proc # {28nd} # aaai,
    pages = {1405--1411},
    year = {2014},
}

@article{Frieze2021,
    author = {Alan M. Frieze},
    title = "{The effect of adding randomly weighted edges.}",
    journal = {SIAM Journal on Discrete Mathematics},
    volume = {35},
    number = {2},
    pages = {1182--1200},
    year = {2021},
}

@article{FriezeJohansson2017,
    author = {Alan M. Frieze and Tony Johansson},
    title = "{Minimum-cost matching in a random graph with random costs}",
    journal = {SIAM Journal on Discrete Mathematics},
    volume = {31},
    number = {1},
    pages = {489--510},
    year = {2017},
}

@article{GanSuksompongVoudouris2019,
    author = {Jiarui Gan and Warut Suksompong and Alexandros A. Voudouris},
    title = "{Envy-freeness in house allocation problems}",
    journal = {Mathematical Social Sciences},
    volume = {101},
    pages = {104--106},
    year = {2019},
}

@inproceedings{Karp1987,
    author = {Richard M. Karp},
    title = "{An upper bound on the expected cost of an optimal assignment}",
    booktitle = {Discrete Algorithm and Complexity:} # proc # {Japan-U.S. Joint Seminar, Academic Press},
    pages = {1--4},
    year = {1987},
}

@inproceedings{Kurokawa2016,
    author = {David Kurokawa and Ariel D. Procaccia and Junxing Wang},
    title = "{When can the maximin share guarantee be guaranteed?}",
    booktitle = proc # {30th} # aaai,
    pages = {523--529},
    year = {2016},
}

@article{KyropoulouSuksompongVoudouris2020,
    author = {Maria Kyropoulou and Warut Suksompong and Alexandros A. Voudouris},
    title = "{Almost envy-freeness in group resource allocation}",
    journal = {Theoretical Computer Science},
    volume = {841},
    pages = {110--123},
    year = {2020},
}

@article{Larsson2021,
    author = {Joel Larsson},
    title = "{The minimum perfect matching in pseudo-dimension $0<q<1$}",
    journal = {Combinatorics, Probability and Computing},
    volume = {30},
    number = {3},
    pages = {374--397},
    year = {2021},
}

@article{Lehmann2006,
    author = {Benny Lehmann and Daniel Lehmann and Noam Nisan},
    title = "{Combinatorial auctions with decreasing marginal utilities}",
    journal = {Games and Economic Behavior},
    volume = {55},
    number = {2},
    pages = {270--296},
    year = {2006},
}

@article{Leme2017,
    author = {Renato P. Leme},
    title = "{Gross substitutability: an algorithmic survey}",
    journal = {Games and Economic Behavior},
    volume = {106},
    pages = {294--316},
    year = {2017},
}

@article{LinussonWastlund2001,
    author = {Svante Linusson and Johan W\"{a}stlund},
    title = "{A proof of Parisi's conjecture on the random assignment problem}",
    journal = {Probability Theory and Related Fields},
    volume = {128},
    pages = {419--440},
    year = {2004},
}

@article{ManurangsiSuksompong2017,
    author = {Pasin Manurangsi and Warut Suksompong},
    title = "{Asymptotic existence of fair divisions for groups}",
    journal = {Mathematical Social Sciences},
    volume = {89 (2017), 100â€“108},
    pages = {100--108},
    year = {2017},
}

@article{ManurangsiSuksompong2020,
    author = {Manurangsi, Pasin and Suksompong, Warut},
    title = "{When do envy-free allocations exist?}",
    journal = {SIAM Journal on Discrete Mathematics},
    volume = {34},
    number = {3},
    pages = {1505--1521},
    year = {2020},
}

@article{ManurangsiSuksompong2021,
    author = {Manurangsi, Pasin and Suksompong, Warut},
    title = "{Closing gaps in asymptotic fair division}",
    journal = {SIAM Journal on Discrete Mathematics},
    volume = {35},
    number = {2},
    pages = {668--706},
    year = {2021},
}

@article{ManurangsiSuksompong_group_2022,
    author = {Manurangsi, Pasin and Suksompong, Warut},
    title = "{Almost envy-freeness for groups: Improved bounds via discrepancy theory}",
    journal = {Theoretical Computer Science},
    volume = {930},
    pages = {179--195},
    year = {2022},
}

@article{MordantSegers2021,
  author    = {Mordant, Gilles. and Segers, Johan},
  title     = {Maxima and near-maxima of a Gaussian random assignment field},
  journal   = {Statistics \& Probability Letters},
  volume    = {173},
  pages     = {109087},
  year      = {2021},
}

@article{NairPrabhakarSharma2006,
    author = {Chandra Nair and Balaji Prabhakar and Mayank Sharma},
    title = "{Proofs of the Parisi and Coppersmith-Sorkin random assignment conjectures}",
    journal = {Random Structures and Algorithms},
    volume = {27},
    number = {4},
    pages = {413--444},
    year = {2006},
}

@article{SegalSuksompong2019,
    author = {Erel Segal-Halevi and Warut Suksompong},
    title = "{Democratic fair allocation of indivisible goods}",
    journal = {Artificial Intelligence},
    volume = {277},
    pages = {103167},
    year = {2019},
}

@article{Suksompong2016,
    author = {Warut Suksompong},
    title = "{Asymptotic existence of proportionally fair allocations}",
    journal = {Mathematical Social Sciences},
    volume = {81},
    pages = {62--65},
    year = {2016},
}

@article{Walkup1979,
    author = {David W. Walkup},
    title = "{On the expected value of a random assignment problem}",
    journal = {SIAM Journal on Computing},
    volume = {8},
    number = {3},
    pages = {440--442},
    year = {1979},
}

@article{Wastlund2009,
    author = {Johan W\"{a}stlund},
    title = "{An easy proof of the $\zeta(2)$ limit in the random assignment problem}",
    journal = {Electronic Communications in Probability},
    volume = {14},
    pages = {261--269},
    year = {2009},
}

@article{Wastlund2012,
    author = {Johan W\"{a}stlund},
    title = "{Replica symmetry of the minimum matching}",
    journal = {Annals of Mathematics},
    volume = {175},
    pages = {1061--1091},
    year = {2012},
}

