%%% ====================================================================
%%%  BibTeX-file{
%%%     author          = "Gerry Murray",
%%%     version         = "1.2",
%%%     date            = "2 April 2012",
%%%     filename        = "acmsmall-sample-bibfile.bib",
%%%     address         = "ACM, NY",
%%%     email           = "murray at hq.acm.org",
%%%     codetable       = "ISO/ASCII",
%%%     keywords        = "ACM Reference Format, bibliography, citation, references",
%%%     supported       = "yes",
%%%     docstring       = "This BibTeX database file contains 'bibdata' entries
%%%                        that 'match' the examples provided in the Specifications Document
%%%                        AND, also, 'legacy'-type bibs. It should assist authors in 
%%%                        choosing the 'correct' at-bibtype and necessary bib-fields
%%%                        so as to obtain the appropriate ACM Reference Format output. 
%%%			   It also contains many 'Standard Abbreviations'. "
%%%  }
%%% ====================================================================

% Journals

% First the Full Name is given, then the abbreviation used in the AMS Math
% Reviews, with an indication if it could not be found there.
% Note the 2nd overwrites the 1st, so swap them if you want the full name.

 %{AMS}
 @String{AMSTrans = "American Mathematical Society Translations" }
 @String{AMSTrans = "Amer. Math. Soc. Transl." }
 @String{BullAMS = "Bulletin of the American Mathematical Society" }
 @String{BullAMS = "Bull. Amer. Math. Soc." }
 @String{ProcAMS = "Proceedings of the American Mathematical Society" }
 @String{ProcAMS = "Proc. Amer. Math. Soc." }
 @String{TransAMS = "Transactions of the American Mathematical Society" }
 @String{TransAMS = "Trans. Amer. Math. Soc." }

 %ACM
 @String{CACM = "Communications of the {ACM}" }
 @String{CACM = "Commun. {ACM}" }
 @String{CompServ = "Comput. Surveys" }
 @String{JACM = "J. ACM" }
 @String{ACMMathSoft = "{ACM} Transactions on Mathematical Software" }
 @String{ACMMathSoft = "{ACM} Trans. Math. Software" }
 @String{SIGNUM = "{ACM} {SIGNUM} Newsletter" }
 @String{SIGNUM = "{ACM} {SIGNUM} Newslett." }

 @String{AmerSocio = "American Journal of Sociology" }
 @String{AmerStatAssoc = "Journal of the American Statistical Association" }
 @String{AmerStatAssoc = "J. Amer. Statist. Assoc." }
 @String{ApplMathComp = "Applied Mathematics and Computation" }
 @String{ApplMathComp = "Appl. Math. Comput." }
 @String{AmerMathMonthly = "American Mathematical Monthly" }
 @String{AmerMathMonthly = "Amer. Math. Monthly" }
 @String{BIT = "{BIT}" }
 @String{BritStatPsych = "British Journal of Mathematical and Statistical
          Psychology" }
 @String{BritStatPsych = "Brit. J. Math. Statist. Psych." }
 @String{CanMathBull = "Canadian Mathematical Bulletin" }
 @String{CanMathBull = "Canad. Math. Bull." }
 @String{CompApplMath = "Journal of Computational and Applied Mathematics" }
 @String{CompApplMath = "J. Comput. Appl. Math." }
 @String{CompPhys = "Journal of Computational Physics" }
 @String{CompPhys = "J. Comput. Phys." }
 @String{CompStruct = "Computers and Structures" }
 @String{CompStruct = "Comput. \& Structures" }
 @String{CompJour = "The Computer Journal" }
 @String{CompJour = "Comput. J." }
 @String{CompSysSci = "Journal of Computer and System Sciences" }
 @String{CompSysSci = "J. Comput. System Sci." }
 @String{Computing = "Computing" }
 @String{ContempMath = "Contemporary Mathematics" }
 @String{ContempMath = "Contemp. Math." }
 @String{Crelle = "Crelle's Journal" }
 @String{GiornaleMath = "Giornale di Mathematiche" }
 @String{GiornaleMath = "Giorn. Mat." } % didn't find in AMS MR., ibid.

 %IEEE
 @String{Computer = "{IEEE} Computer" }
 @String{IEEETransComp = "{IEEE} Transactions on Computers" }
 @String{IEEETransComp = "{IEEE} Trans. Comput." }
 @String{IEEETransAC = "{IEEE} Transactions on Automatic Control" }
 @String{IEEETransAC = "{IEEE} Trans. Automat. Control" }
 @String{IEEESpec = "{IEEE} Spectrum" } % didn't find in AMS MR
 @String{ProcIEEE = "Proceedings of the {IEEE}" }
 @String{ProcIEEE = "Proc. {IEEE}" } % didn't find in AMS MR
 @String{IEEETransAeroElec = "{IEEE} Transactions on Aerospace and Electronic
     Systems" }
 @String{IEEETransAeroElec = "{IEEE} Trans. Aerospace Electron. Systems" }

 @String{IMANumerAna = "{IMA} Journal of Numerical Analysis" }
 @String{IMANumerAna = "{IMA} J. Numer. Anal." }
 @String{InfProcLet = "Information Processing Letters" }
 @String{InfProcLet = "Inform. Process. Lett." }
 @String{InstMathApp = "Journal of the Institute of Mathematics and
     its Applications" }
 @String{InstMathApp = "J. Inst. Math. Appl." }
 @String{IntControl = "International Journal of Control" }
 @String{IntControl = "Internat. J. Control" }
 @String{IntNumerEng = "International Journal for Numerical Methods in
     Engineering" }
 @String{IntNumerEng = "Internat. J. Numer. Methods Engrg." }
 @String{IntSuper = "International Journal of Supercomputing Applications" }
 @String{IntSuper = "Internat. J. Supercomputing Applic." } % didn't find
%% in AMS MR
 @String{Kibernetika = "Kibernetika" }
 @String{JResNatBurStand = "Journal of Research of the National Bureau
     of Standards" }
 @String{JResNatBurStand = "J. Res. Nat. Bur. Standards" }
 @String{LinAlgApp = "Linear Algebra and its Applications" }
 @String{LinAlgApp = "Linear Algebra Appl." }
 @String{MathAnaAppl = "Journal of Mathematical Analysis and Applications" }
 @String{MathAnaAppl = "J. Math. Anal. Appl." }
 @String{MathAnnalen = "Mathematische Annalen" }
 @String{MathAnnalen = "Math. Ann." }
 @String{MathPhys = "Journal of Mathematical Physics" }
 @String{MathPhys = "J. Math. Phys." }
 @String{MathComp = "Mathematics of Computation" }
 @String{MathComp = "Math. Comp." }
 @String{MathScand = "Mathematica Scandinavica" }
 @String{MathScand = "Math. Scand." }
 @String{TablesAidsComp = "Mathematical Tables and Other Aids to Computation" }
 @String{TablesAidsComp = "Math. Tables Aids Comput." }
 @String{NumerMath = "Numerische Mathematik" }
 @String{NumerMath = "Numer. Math." }
 @String{PacificMath = "Pacific Journal of Mathematics" }
 @String{PacificMath = "Pacific J. Math." }
 @String{ParDistComp = "Journal of Parallel and Distributed Computing" }
 @String{ParDistComp = "J. Parallel and Distrib. Comput." } % didn't find
%% in AMS MR
 @String{ParComputing = "Parallel Computing" }
 @String{ParComputing = "Parallel Comput." }
 @String{PhilMag = "Philosophical Magazine" }
 @String{PhilMag = "Philos. Mag." }
 @String{ProcNAS = "Proceedings of the National Academy of Sciences
                    of the USA" }
 @String{ProcNAS = "Proc. Nat. Acad. Sci. U. S. A." }
 @String{Psychometrika = "Psychometrika" }
 @String{QuartMath = "Quarterly Journal of Mathematics, Oxford, Series (2)" }
 @String{QuartMath = "Quart. J. Math. Oxford Ser. (2)" }
 @String{QuartApplMath = "Quarterly of Applied Mathematics" }
 @String{QuartApplMath = "Quart. Appl. Math." }
 @String{RevueInstStat = "Review of the International Statisical Institute" }
 @String{RevueInstStat = "Rev. Inst. Internat. Statist." }

 %SIAM
 @String{JSIAM = "Journal of the Society for Industrial and Applied
     Mathematics" }
 @String{JSIAM = "J. Soc. Indust. Appl. Math." }
 @String{JSIAMB = "Journal of the Society for Industrial and Applied
     Mathematics, Series B, Numerical Analysis" }
 @String{JSIAMB = "J. Soc. Indust. Appl. Math. Ser. B Numer. Anal." }
 @String{SIAMAlgMeth = "{SIAM} Journal on Algebraic and Discrete Methods" }
 @String{SIAMAlgMeth = "{SIAM} J. Algebraic Discrete Methods" }
 @String{SIAMAppMath = "{SIAM} Journal on Applied Mathematics" }
 @String{SIAMAppMath = "{SIAM} J. Appl. Math." }
 @String{SIAMComp = "{SIAM} Journal on Computing" }
 @String{SIAMComp = "{SIAM} J. Comput." }
 @String{SIAMMatrix = "{SIAM} Journal on Matrix Analysis and Applications" }
 @String{SIAMMatrix = "{SIAM} J. Matrix Anal. Appl." }
 @String{SIAMNumAnal = "{SIAM} Journal on Numerical Analysis" }
 @String{SIAMNumAnal = "{SIAM} J. Numer. Anal." }
 @String{SIAMReview = "{SIAM} Review" }
 @String{SIAMReview = "{SIAM} Rev." }
 @String{SIAMSciStat = "{SIAM} Journal on Scientific and Statistical
     Computing" }
 @String{SIAMSciStat = "{SIAM} J. Sci. Statist. Comput." }

 @String{SoftPracExp = "Software Practice and Experience" }
 @String{SoftPracExp = "Software Prac. Experience" } % didn't find in AMS MR
 @String{StatScience = "Statistical Science" }
 @String{StatScience = "Statist. Sci." }
 @String{Techno = "Technometrics" }
 @String{USSRCompMathPhys = "{USSR} Computational Mathematics and Mathematical
     Physics" }
 @String{USSRCompMathPhys = "{U. S. S. R.} Comput. Math. and Math. Phys." }
 @String{VLSICompSys = "Journal of {VLSI} and Computer Systems" }
 @String{VLSICompSys = "J. {VLSI} Comput. Syst." }
 @String{ZAngewMathMech = "Zeitschrift fur Angewandte Mathematik und
     Mechanik" }
 @String{ZAngewMathMech = "Z. Angew. Math. Mech." }
 @String{ZAngewMathPhys = "Zeitschrift fur Angewandte Mathematik und Physik" }
 @String{ZAngewMathPhys = "Z. Angew. Math. Phys." }

% Publishers % ================================================= |

 @String{Academic = "Academic Press" }
 @String{ACMPress = "{ACM} Press" }
 @String{AdamHilger = "Adam Hilger" }
 @String{AddisonWesley = "Addison-Wesley" }
 @String{AllynBacon = "Allyn and Bacon" }
 @String{AMS = "American Mathematical Society" }
 @String{Birkhauser = "Birkha{\"u}ser" }
 @String{CambridgePress = "Cambridge University Press" }
 @String{Chelsea = "Chelsea" }
 @String{ClaredonPress = "Claredon Press" }
 @String{DoverPub = "Dover Publications" }
 @String{Eyolles = "Eyolles" }
 @String{HoltRinehartWinston = "Holt, Rinehart and Winston" }
 @String{Interscience = "Interscience" }
 @String{JohnsHopkinsPress = "The Johns Hopkins University Press" }
 @String{JohnWileySons = "John Wiley and Sons" }
 @String{Macmillan = "Macmillan" }
 @String{MathWorks = "The Math Works Inc." }
 @String{McGrawHill = "McGraw-Hill" }
 @String{NatBurStd = "National Bureau of Standards" }
 @String{NorthHolland = "North-Holland" }
 @String{OxfordPress = "Oxford University Press" }  %address Oxford or London?
 @String{PergamonPress = "Pergamon Press" }
 @String{PlenumPress = "Plenum Press" }
 @String{PrenticeHall = "Prentice-Hall" }
 @String{SIAMPub = "{SIAM} Publications" }
 @String{Springer = "Springer-Verlag" }
 @String{TexasPress = "University of Texas Press" }
 @String{VanNostrand = "Van Nostrand" }
 @String{WHFreeman = "W. H. Freeman and Co." }



%Entries
@article{kidneyexchange,
 author = {Tayfun S\"{o}nmez and M. Utku \"{U}nver},
 journal = {Oxford Review of Economic Policy},
 number = {4},
 pages = {pp. 676--704},
 publisher = {Oxford University Press},
 title = {Market design for living-donor organ exchanges: an economic policy perspective},
 urldate = {2024-02-10},
 volume = {33},
 year = {2017}
}



@article{Sonmez1998,
  journal = {Econometrica},
 number = {3},
 pages = {689--701},
 publisher = {[Wiley, Econometric Society]},
 title = {Random serial dictatorship and the core from random endowments in house allocation problems},
author = {Atila Abdulkadiro\v{g}lu and Tayfun S\"{o}nmez},
 volume = {66},
 year = {1998},
}



@article{ZHOU1990,
title = {On a conjecture by gale about one-sided matching problems},
journal = {Journal of Economic Theory},
volume = {52},
number = {1},
pages = {123-135},
year = {1990},
author = {Lin Zhou},
}


@article{Hylland1979,
author = {Hylland, Aanund and Zeckhauser, Richard},
title = {The efficient allocation of individuals to positions},
journal = {Journal of Political Economy},
volume = {87},
number = {2},
pages = {293-314},
year = {1979},
}





@incollection{banerjee2019ride,
  title={Ride sharing},
  author={Banerjee, Siddhartha and Johari, Ramesh},
  booktitle={Sharing economy},
  pages={73--97},
  year={2019},
  publisher={Springer}
}


@article{BOGOMOLNAIA2001,
title = {A new solution to the random assignment problem},
journal = {Journal of Economic Theory},
volume = {100},
number = {2},
pages = {295-328},
year = {2001},
author = {Anna Bogomolnaia and Herv\'{e} Moulin},
}


@Article{Abril07,
  author 	= "Patricia S. Abril and Robert Plant",
  title 	= "The patent holder's dilemma: Buy, sell, or troll?",
  journal 	= "Communications of the ACM",
  volume 	= "50",
  number 	= "1",
  month 	= jan,
  year 		= "2007",
  pages 	= "36--44",
  doi 		= "10.1145/1188913.1188915",
  url		= "http://doi.acm.org/10.1145/1219092.1219093",
  note		= "",
}

@Article{Cohen07,
  author 	=	"Sarah Cohen and Werner Nutt and Yehoshua Sagic",
  title		=	"Deciding equivalances among conjunctive aggregate queries",
  journal 	=	JACM,
  articleno	=	"5",
  numpages	=	"50",
  volume 	=	"54",
  number 	= 	"2",
  month 	=	apr,
  year 		=	"2007",
  doi 		=	"10.1145/1219092.1219093",
  url 		=	"http://doi.acm.org/10.1145/1219092.1219093",
  acmid		=	"1219093",
  note 		= 	"",
}


@periodical{JCohen96,
  key = 	 "Cohen",
  editor =       "Jacques Cohen",
  title =        "Special issue: Digital Libraries",
  journal =      CACM,
  volume =       "39",
  number = 	 "11",
  month =	 nov,
  year = 	 "1996",
}


@Book{Kosiur01,
  author =       "David Kosiur",
  title =        "Understanding Policy-Based Networking",
  publisher =    "Wiley",
  year =         "2001",
  address =      "New York, NY",
  edition =      "2nd.",
  editor = 	 "",
  volume = 	 "",
  number = 	 "",
  series = 	 "",
  month = 	 "",
  note = 	 "",
}


@Book{Harel79,
  author =       "David Harel",
  year =         "1979",
  title =        "First-Order Dynamic Logic",
  series =       "Lecture Notes in Computer Science",
  volume =       "68",
  address =      "New York, NY",
  publisher =    "Springer-Verlag",
  doi = 	 "10.1007/3-540-09237-4",
  url = 	 "http://dx.doi.org/10.1007/3-540-09237-4",
  editor = 	 "",
  number = 	 "",
  month = 	 "",
  note = 	 "",
}


@Inbook{Editor00,
  author = 	 "",
  editor =       "Ian Editor",
  title =        "The title of book one",
  subtitle =     "The book subtitle",
  series =       "The name of the series one",
  year =         "2007",
  volume = 	 "9",
  address =      "Chicago",
  edition =      "1st.",
  publisher =    "University of Chicago Press",
  doi = 	 "10.1007/3-540-09237-4",
  url = 	 "http://dx.doi.org/10.1007/3-540-09456-9",
  chapter = 	 "",
  pages = 	 "",
  number = 	 "",
  type = 	 "",
  month = 	 "",
  note = 	 "",
}

%
@InBook{Editor00a,
  author = 	 "",
  editor =       "Ian Editor",
  title =        "The title of book two",
  subtitle =     "The book subtitle",
  series =       "The name of the series two",
  year =         "2008",
  address =      "Chicago",
  edition =      "2nd.",
  publisher =    "University of Chicago Press",
  doi = 	 "10.1007/3-540-09237-4",
  url = 	 "http://dx.doi.org/10.1007/3-540-09456-9",
  volume = 	 "",
  chapter = 	 "100",
  pages = 	 "",
  number = 	 "",
  type = 	 "",
  month = 	 "",
  note = 	 "",
}


% incollection (has an editor, title, and possibly a booktitle)
@Incollection{Spector90,
  author =       "Asad Z. Spector",
  title =        "Achieving application requirements",
  booktitle =    "Distributed Systems",
  publisher =    "ACM Press",
  address =      "New York, NY",
  year =         "1990",
  edition =      "2nd.",
  chapter =      "",
  editor = 	 "Sape Mullender",
  pages =        "19--33",
  doi = 	 "10.1145/90417.90738",
  url = 	 "http://doi.acm.org/10.1145/90417.90738",
  volume =	 "",
  number = 	 "",
  series =	 "",
  type = 	 "",
  month = 	 "",
  note = 	 "",
}


% incollection (has an editor, title, and possibly a booktitle)
@Incollection{Douglass98,
  author =       "Bruce P. Douglass and David Harel and Mark B. Trakhtenbrot",
  title =        "Statecarts in use: structured analysis and object-orientation",
  series =       "Lecture Notes in Computer Science",
  booktitle =    "Lectures on Embedded Systems",
  publisher =    "Springer-Verlag",
  address =      "London",
  volume = 	 "1494",
  year =         "1998",
  chapter =      "",
  editor = 	 "Grzegorz Rozenberg and Frits W. Vaandrager",
  pages =        "368--394",
  doi = 	 "10.1007/3-540-65193-4_29",
  url = 	 "http://dx.doi.org/10.1007/3-540-65193-4_29",
  edition = 	 "",
  number = 	 "",
  type = 	 "",
  month = 	 "",
  note = 	 "",
}


@Book{Knuth97,
  author =       "Donald E. Knuth",
  title =        "The Art of Computer Programming, Vol. 1: Fundamental Algorithms (3rd. ed.)",
  publisher =    "Addison Wesley Longman Publishing Co., Inc.",
  year =         "1997",
  address =      "",
  edition =      "",
  editor = 	 "",
  volume = 	 "",
  number = 	 "",
  series = 	 "",
  month = 	 "",
  note = 	 "",
}


@Book{Knuth98,
  author =       "Donald E. Knuth",
  year =         "1998",
  title =        "The Art of Computer Programming",
  series =       "Fundamental Algorithms",
  volume =       "1",
  edition =      "3rd",
  address =      "",
  publisher =    "Addison Wesley Longman Publishing Co., Inc.",
  doi = 	 "",
  url = 	 "",
  editor = 	 "",
  number = 	 "",
  month = 	 "",
  note = 	 "(book)",
}

%Inbook{Knuth97,
%  author = 	 "Donald E. Knuth",
%  title = 	 "The Art of Computer Programming",
%  booktitle =    "the booktitle",
%  edition =      "3",
%  volume =       "1",
%  year =         "1997",
%  publisher =    "Addison Wesley Longman Publishing Co., Inc.",
%  editor = 	 "",
%  number = 	 "",
%  series = 	 "Fundamental Algorithms",
%  type = 	 "",
%  chapter = 	 "",
%  pages = 	 "",
%  address = 	 "",
%  month = 	 "",
%  note = 	 "(inbook)",
%}

%INBOOK{DK:73-inbook-full,
%   author = "Donald E. Knuth",
%   title = "Fundamental Algorithms (inbook w series)",
%   volume = 1,
%   series = "The Art of Computer Programming",
%   publisher = "Addison-Wesley",
%   address = "Reading, Massachusetts",
%   edition = "Second",
%   month = "10~" # jan,
%   year = "1973",
%   type = "Section",
%   chapter = "1.2",
%   pages = "10--119",
%   note = "Full INBOOK entry (w series)",
%}

%INcollection{DK:74-incoll,
%   author = "Donald E. Knuth",
%   title = "Fundamental Algorithms (incoll)",
%   volume = 1,
%   booktitle = "The Art of Computer Programming",
%   publisher = "Addison-Wesley",
%   address = "Reading, Massachusetts",
%   month = "10~" # jan,
%   year = "1974",
%   pages = "10--119",
%   editor = 	 "Bernard Rous",
%   note = "This is a full incoll entry with an editor",
%}

%INcollection{DK:75-incollws,
%   author = "Donald E. Knuth",
%   title = "Fundamental Algorithms (incoll w series)",
%   volume = 1,
%   booktitle = "The Art of Computer Programming",
%   series = "The Art of Computer Programming",
%   publisher = "Addison-Wesley",
%   address = "Reading, Massachusetts",
%   month = "10~" # jan,
%   year = "1975",
%   pages = "10--119",
%   editor = "Bernard Rous",
%   note = "This is a full incoll entry with an editor and series",
%}


@incollection{GM05,
Author= "Dan Geiger and Christopher Meek",
Title= "Structured Variational Inference Procedures and their Realizations (as incol)",
Year= 2005,
Booktitle="Proceedings of Tenth International Workshop on Artificial Intelligence and Statistics, {\rm The Barbados}",
Publisher="The Society for Artificial Intelligence and Statistics",
Month= jan,
Editors= "Z. Ghahramani and R. Cowell"
}

@Inproceedings{Smith10,
  author =       "Stan W. Smith",
  title =        "An experiment in bibliographic mark-up: Parsing metadata for XML export",
  booktitle =    "Proceedings of the 3rd. annual workshop on Librarians and Computers",
  series = 	 "LAC '10",
  editor = 	 "Reginald N. Smythe and Alexander Noble",
  volume = 	  "3",
  year =         "2010",
  publisher =    "Paparazzi Press",
  address = 	 "Milan Italy",
  pages =        "422--431",
  doi = 	 "99.9999/woot07-S422",
  url = 	 "http://dx.doi.org/99.0000/woot07-S422",
  number =	 "",
  month = 	 "",
  organization = "",
  note = 	 "",
}

@Inproceedings{VanGundy07,
  author =       "Matthew Van Gundy and Davide Balzarotti and Giovanni Vigna",
  year =         "2007",
  title =        "Catch me, if you can: Evading network signatures with web-based polymorphic worms",
  booktitle =    "Proceedings of the first USENIX workshop on Offensive Technologies",
  series = 	 "WOOT '07",
  publisher =    "USENIX Association",
  address = 	 "Berkley, CA",
  articleno = 	 "7",
  numpages = 	 "9",
  editor = 	 "",
  volume = 	 "",
  number = 	 "",
  pages = 	 "",
  month = 	 "",
  organization = "",
  note = 	 "",
}

@Inproceedings{VanGundy08,
  author =       "Matthew Van Gundy and Davide Balzarotti and Giovanni Vigna",
  year =         "2008",
  title =        "Catch me, if you can: Evading network signatures with web-based polymorphic worms",
  booktitle =    "Proceedings of the first USENIX workshop on Offensive Technologies",
  series = 	 "WOOT '08",
  publisher =    "USENIX Association",
  address = 	 "Berkley, CA",
  articleno = 	 "7",
  numpages = 	 "2",
  editor = 	 "",
  volume = 	 "",
  number = 	 "",
  pages = 	 "99-100",
  month = 	 "",
  organization = "",
  note = 	 "",
}

@Inproceedings{VanGundy09,
  author =       "Matthew Van Gundy and Davide Balzarotti and Giovanni Vigna",
  year =         "2009",
  title =        "Catch me, if you can: Evading network signatures with web-based polymorphic worms",
  booktitle =    "Proceedings of the first USENIX workshop on Offensive Technologies",
  series = 	 "WOOT '09",
  publisher =    "USENIX Association",
  address = 	 "Berkley, CA",
  articleno = 	 "",
  numpages = 	 "",
  editor = 	 "",
  volume = 	 "",
  number = 	 "",
  pages = 	 "90--100",
  month = 	 "",
  organization = "",
  note = 	 "",
}

@Inproceedings{Andler79,
  author =       "Sten Andler",
  title =        "Predicate Path expressions",
  booktitle =    "Proceedings of the 6th. ACM SIGACT-SIGPLAN symposium on Principles of Programming Languages",
  series = 	 "POPL '79",
  year =         "1979",
  publisher =    "ACM Press",
  address = 	 "New York, NY",
  pages =        "226--236",
  doi = 	 "10.1145/567752.567774",
  url = 	 "http://doi.acm.org/10.1145/567752.567774",
  editor = 	 "",
  volume = 	 "",
  number = 	 "",
  month = 	 "",
  organization = "",
  note = 	 "",
}

@Techreport{Harel78,
  author =       "David Harel",
  year =         "1978",
  title =        "LOGICS of Programs: AXIOMATICS and DESCRIPTIVE POWER",
  institution =  "Massachusetts Institute of Technology",
  type =         "MIT Research Lab Technical Report",
  number =       "TR-200",
  address =      "Cambridge, MA",
  month = 	 "",
  note = 	 "",
}

@MASTERSTHESIS{anisi03,
author = {David A. Anisi},
title = {Optimal Motion Control of a Ground Vehicle},
school = {Royal Institute of Technology (KTH), Stockholm, Sweden},
intitution = {FOI-R-0961-SE, Swedish Defence Research Agency (FOI)},
year = {2003},
}


@Phdthesis{Clarkson85,
  author =       "Kenneth L. Clarkson",
  year =         "1985",
  title =        "Algorithms for Closest-Point Problems (Computational Geometry)",
  school =       "Stanford University",
  address =      "Palo Alto, CA",
  note =         "UMI Order Number: AAT 8506171",
  type = 	 "",
  month = 	 "",
}


@online{Thornburg01,
  author =       "Harry Thornburg",
  year =         "2001",
  title =        "Introduction to Bayesian Statistics",
  url =           "http://ccrma.stanford.edu/~jos/bayes/bayes.html",
  month = 	 mar,
  lastaccessed = "March 2, 2005",
}


@online{Ablamowicz07,
  author =       "Rafal Ablamowicz and Bertfried Fauser",
  year =         "2007",
  title =        "CLIFFORD: a Maple 11 Package for Clifford Algebra Computations, version 11",
  url =          "http://math.tntech.edu/rafal/cliff11/index.html",
  lastaccessed = "February 28, 2008",
}


@misc{Poker06,
  author =       "Poker-Edge.Com",
  year =         "2006",
  month 	= mar,
  title =        "Stats and Analysis",
  lastaccessed = "June 7, 2006",
  url =          "http://www.poker-edge.com/stats.php",
}

@misc{Obama08,
  author 	= "Barack Obama",
  year 		= "2008",
  title		= "A more perfect union",
  howpublished  = "Video",
  day 		= "5",
  url 		= "http://video.google.com/videoplay?docid=6528042696351994555",
  month 	= mar,
  lastaccessed  = "March 21, 2008",
  note		=  "",
}

@misc{JoeScientist001,
  author =       "Joseph Scientist",
  year =         "2009",
  title =        "The fountain of youth",
  note =         "Patent No. 12345, Filed July 1st., 2008, Issued Aug. 9th., 2009",
  url =           "",
  howpublished = "",
  month = 	 aug,
  lastaccessed = "",
}


@Inproceedings{Novak03,
  author =       "Dave Novak",
  title =        "Solder man",
  booktitle =    "ACM SIGGRAPH 2003 Video Review on Animation theater Program: Part I - Vol. 145 (July 27--27, 2003)",
  year =         "2003",
  publisher = 	 "ACM Press",
  address = 	 "New York, NY",
  pages =        "4",
  month = 	 "March 21, 2008",
  doi = 	 "99.9999/woot07-S422",
  url = 	 "http://video.google.com/videoplay?docid=6528042696351994555",
  note = 	 "",
  howpublished = "Video",
  editor = 	 "",
  volume = 	 "",
  number = 	 "",
  series = 	 "",
  organization = "",
}


@article{Lee05,
  author =       "Newton Lee",
  year = 	 "2005",
  title =        "Interview with Bill Kinder: January 13, 2005",
  journal = 	 "Comput. Entertain.",
  articleno =     "4",
  volume =       "3",
  number = 	 "1",
  month =  	 "Jan.-March",
  doi = 	 "10.1145/1057270.1057278",
  url = 	 "http://doi.acm.org/10.1145/1057270.1057278",
  howpublished = "Video",
  note =	 "",
}

@article{Rous08,
  author =       "Bernard Rous",
  year = 	 "2008",
  title =        "The Enabling of Digital Libraries",
  journal = 	 "Digital Libraries",
  volume =       "12",
  number = 	 "3",
  month =  	 jul,
  articleno = 	 "5",
  doi = 	 "",
  url = 	 "",
  howpublished = "",
  note =	 "To appear",
}

@article{384253,
 author = {Werneck,, Renato and Setubal,, Jo\~{a}o and da Conceic\~{a}o,, Arlindo},
 title = {(old) Finding minimum congestion spanning trees},
 journal = {J. Exp. Algorithmics},
 volume = {5},
 year = {2000},
 issn = {1084-6654},
 pages = {11},
 doi = {http://doi.acm.org/10.1145/351827.384253},
 publisher = {ACM},
 address = {New York, NY, USA},
 }


@article{Werneck:2000:FMC:351827.384253,
 author = {Werneck, Renato and Setubal, Jo\~{a}o and da Conceic\~{a}o, Arlindo},
 title = {(new) Finding minimum congestion spanning trees},
 journal = {J. Exp. Algorithmics},
 volume = {5},
 month = dec,
 year = {2000},
 issn = {1084-6654},
 articleno = {11},
 url = {http://portal.acm.org/citation.cfm?id=351827.384253},
 doi = {10.1145/351827.384253},
 acmid = {384253},
 publisher = {ACM},
 address = {New York, NY, USA},
}

@article{1555162,
 author = {Conti, Mauro and Di Pietro, Roberto and Mancini, Luigi V. and Mei, Alessandro},
 title = {(old) Distributed data source verification in wireless sensor networks},
 journal = {Inf. Fusion},
 volume = {10},
 number = {4},
 year = {2009},
 issn = {1566-2535},
 pages = {342--353},
 doi = {http://dx.doi.org/10.1016/j.inffus.2009.01.002},
 publisher = {Elsevier Science Publishers B. V.},
 address = {Amsterdam, The Netherlands, The Netherlands},
 }

@article{Conti:2009:DDS:1555009.1555162,
 author = {Conti, Mauro and Di Pietro, Roberto and Mancini, Luigi V. and Mei, Alessandro},
 title = {(new) Distributed data source verification in wireless sensor networks},
 journal = {Inf. Fusion},
 volume = {10},
 number = {4},
 month = oct,
 year = {2009},
 issn = {1566-2535},
 pages = {342--353},
 numpages = {12},
 url = {http://portal.acm.org/citation.cfm?id=1555009.1555162},
 doi = {10.1016/j.inffus.2009.01.002},
 acmid = {1555162},
 publisher = {Elsevier Science Publishers B. V.},
 address = {Amsterdam, The Netherlands, The Netherlands},
 keywords = {Clone detection, Distributed protocol, Securing data fusion, Wireless sensor networks},
}

@inproceedings{Li:2008:PUC:1358628.1358946,
 author = {Li, Cheng-Lun and Buyuktur, Ayse G. and Hutchful, David K. and Sant, Natasha B. and Nainwal, Satyendra K.},
 title = {Portalis: using competitive online interactions to support aid initiatives for the homeless},
 booktitle = {CHI '08 extended abstracts on Human factors in computing systems},
 year = {2008},
 isbn = {978-1-60558-012-X},
 location = {Florence, Italy},
 pages = {3873--3878},
 numpages = {6},
 url = {http://portal.acm.org/citation.cfm?id=1358628.1358946},
 doi = {10.1145/1358628.1358946},
 acmid = {1358946},
 publisher = {ACM},
 address = {New York, NY, USA},
 keywords = {cscw, distributed knowledge acquisition, incentive design, online games, recommender systems, reputation systems, user studies, virtual community},
}

@book{Hollis:1999:VBD:519964,
 author = {Hollis, Billy S.},
 title = {Visual Basic 6: Design, Specification, and Objects with Other},
 year = {1999},
 isbn = {0130850845},
 edition = {1st},
 publisher = {Prentice Hall PTR},
 address = {Upper Saddle River, NJ, USA},
 }


@book{Goossens:1999:LWC:553897,
 author = {Goossens, Michel and Rahtz, S. P. and Moore, Ross and Sutor, Robert S.},
 title = {The  Latex Web Companion: Integrating TEX, HTML, and XML},
 year = {1999},
 isbn = {0201433117},
 edition = {1st},
 publisher = {Addison-Wesley Longman Publishing Co., Inc.},
 address = {Boston, MA, USA},
 }

% need to test genres for errant isbn output

% techreport
@techreport{897367,
 author = {Buss, Jonathan F. and Rosenberg, Arnold L. and Knott, Judson D.},
 title = {Vertex Types in Book-Embeddings},
 year = {1987},
 source = {http://www.ncstrl.org:8900/ncstrl/servlet/search?formname=detail\&id=oai%3Ancstrlh%3Aumass_cs%3Ancstrl.umassa_cs%2F%2FUM-CS-1987-018},
 publisher = {University of Massachusetts},
 address = {Amherst, MA, USA},
 }

@techreport{Buss:1987:VTB:897367,
 author = {Buss, Jonathan F. and Rosenberg, Arnold L. and Knott, Judson D.},
 title = {Vertex Types in Book-Embeddings},
 year = {1987},
 source = {http://www.ncstrl.org:8900/ncstrl/servlet/search?formname=detail\&id=oai%3Ancstrlh%3Aumass_cs%3Ancstrl.umassa_cs%2F%2FUM-CS-1987-018},
 publisher = {University of Massachusetts},
 address = {Amherst, MA, USA},
 }

% whole proceedings

@proceedings{Czerwinski:2008:1358628,
 author = {},
 note = {General Chair-Czerwinski, Mary and General Chair-Lund, Arnie and Program Chair-Tan, Desney},
 title = {CHI '08: CHI '08 extended abstracts on Human factors in computing systems},
 year = {2008},
 isbn = {978-1-60558-012-X},
 location = {Florence, Italy},
 order_no = {608085},
 publisher = {ACM},
 address = {New York, NY, USA},
 }

% phdthesis

@phdthesis{Clarkson:1985:ACP:911891,
 author = {Clarkson, Kenneth Lee},
 advisor = {Yao, Andrew C.},
 title = {Algorithms for Closest-Point Problems (Computational Geometry)},
 year = {1985},
 note = {AAT 8506171},
 school = {Stanford University},
 address = {Stanford, CA, USA},
 }
% school is being picked up -- but not publisher (which is OK)
% Also -- the title is NOT being output in italics !!! Arrrrgh! - I fixed it. :-)


%%% compare with 'old' 
%%% atsign-Phdthesis{Clarkson85,
%%%  author =       "Kenneth L. Clarkson",
%%%  year =         "1985",
%%%  title =        "Algorithms for Closest-Point Problems (Computational Geometry)",
%%%  school =       "Stanford University",
%%%  address =      "Palo Alto, CA",
%%%  note =         "UMI Order Number: AAT 8506171",
%%%  type = 	 "",
%%%  month = 	 "",
%%%}

% A bibliography
@Article{1984:1040142,
 key = {{$\!\!$}},
 journal = {SIGCOMM Comput. Commun. Rev.},
 year = {1984},
 issn = {0146-4833},
 volume = {13-14},
 number = {5-1},
 issue_date = {January/April 1984},
 publisher = {ACM},
 address = {New York, NY, USA},
 }


% grinder
@inproceedings{2004:ITE:1009386.1010128,
 title = {IEEE TCSC Executive Committee},
 booktitle = {Proceedings of the IEEE International Conference on Web Services},
 series = {ICWS '04},
 year = {2004},
 isbn = {0-7695-2167-3},
 pages = {.21--},
 url = {http://dx.doi.org/10.1109/ICWS.2004.64},
 doi = {http://dx.doi.org/10.1109/ICWS.2004.64},
 acmid = {1010128},
 publisher = {IEEE Computer Society},
 address = {Washington, DC, USA},
key = {{$\!\!$}} ,
}

% div book
@book{Mullender:1993:DS(:302430,
 editor = {Mullender, Sape},
 title = {Distributed systems (2nd Ed.)},
 year = {1993},
 isbn = {0-201-62427-3},
 publisher = {ACM Press/Addison-Wesley Publishing Co.},
 address = {New York, NY, USA},
 }

% master thesis (as techreport and thesis)

@techreport{Petrie:1986:NAD:899644,
 author = {Petrie, Charles J.},
 title = {New Algorithms for Dependency-Directed Backtracking (Master's thesis)},
 year = {1986},
 source = {http://www.ncstrl.org:8900/ncstrl/servlet/search?formname=detail\&id=oai%3Ancstrlh%3Autexas_cs%3AUTEXAS_CS%2F%2FAI86-33},
 publisher = {University of Texas at Austin},
 address = {Austin, TX, USA},
 }

@MASTERSTHESIS{Petrie:1986:NAD:12345,
 author = {Petrie, Charles J.},
 title = {New Algorithms for Dependency-Directed Backtracking (Master's thesis)},
 year = {1986},
 source = {http://www.ncstrl.org:8900/ncstrl/servlet/search?formname=detail\&id=oai%3Ancstrlh%3Autexas_cs%3AUTEXAS_CS%2F%2FAI86-33},
 school = {University of Texas at Austin},
 address = {Austin, TX, USA},
 }




@BOOK{book-minimal,
   author = "Donald E. Knuth",
   title = "Seminumerical Algorithms",
   publisher = "Addison-Wesley",
   year = "1981",
}

% incollection (has an editor, title, and possibly a booktitle)
@INcollection{KA:2001,
 author = {Kong, Wei-Chang},
 Title = {The implementation of electronic commerce in SMEs in Singapore (as Incoll)},
 booktitle = {E-commerce and cultural values},
 year = {2001},
 isbn = {1-59140-056-2},
 pages = {51--74},
 numpages = {24},
 url = {http://portal.acm.org/citation.cfm?id=887006.887010},
 acmid = {887010},
 publisher = {IGI Publishing},
 address = {Hershey, PA, USA},
}


% with bibfield 'type' before chapter (note no editor)
@INBOOK{KAGM:2001,
 author = {Kong, Wei-Chang},
 type = {Name of Chapter:},
 chapter = {The implementation of electronic commerce in SMEs in Singapore (Inbook-w-chap-w-type)},
 title = {E-commerce and cultural values},
 year = {2001},
 isbn = {1-59140-056-2},
 pages = {51--74},
 numpages = {24},
 url = {http://portal.acm.org/citation.cfm?id=887006.887010},
 acmid = {887010},
 publisher = {IGI Publishing},
 address = {Hershey, PA, USA},
}

%%% Notes! This is because the atsign-INBOOK citation type specifies EITHER
%%% editor or author, but not both. In my experiments with the harvard/dcu
%%% bibtex style (and presumably this applies to other styles too), bibtex
%%% ignores the editor information if author information exists in an
%%% atsign-INBOOK entry. atsign-INCOLLECTION is far more commonly used in my references,
%%% and in the absence of an editor I believe most bibtex styles will just
%%% ommit the editor from the reference - the chapter information will not
%%% end up in the in-text citation as you suggest it should be but at least
%%% there is a place to put the editor if necessary.



% was 'Inbook' -- changed to incollection - (editor is different to author) - need to tell Asad to codify as such.
@incollection{Kong:2002:IEC:887006.887010,
  author = 	{Kong, Wei-Chang},
  editor =	{Theerasak Thanasankit},
  title =	{Chapter 9},
  booktitle =	{E-commerce and cultural values (Incoll-w-text (chap 9) 'title')},
  year =	{2002},
  address =	{Hershey, PA, USA},
  publisher =	{IGI Publishing},
  url =		{http://portal.acm.org/citation.cfm?id=887006.887010},
  pages =	{51--74},
  numpages =	{24},
  acmid =	{887010},
  isbn =	{1-59140-056-2},
  number = 	 "",
  type = 	 "",
  month = 	 "",
  note = 	 "",
}

% incol when the chapter is 'text' - due to presence of editor (different to author)
@incollection{Kong:2003:IEC:887006.887011,
 author = {Kong, Wei-Chang},
 title = {The implementation of electronic commerce in SMEs in Singapore (Incoll)},
 booktitle = {E-commerce and cultural values},
 editor = {Thanasankit, Theerasak},
 year = {2003},
 isbn = {1-59140-056-2},
 pages = {51--74},
 numpages = {24},
 url = {http://portal.acm.org/citation.cfm?id=887006.887010},
 acmid = {887010},
 publisher = {IGI Publishing},
 address = {Hershey, PA, USA},
}

% ------ test
%incollection{Kong:2003:IEC:887006.887010,
% author = {Kong, Wei-Chang},
% chapter = {The implementation of electronic commerce in SMEs in Singapore (Incoll-text-in-chap)},
% booktitle = {booktitle E-commerce and cultural values},
% title =   {The title},
% editor = {Thanasankit, Theerasak},
% year = {2003},
% isbn = {1-59140-056-2},
% pages = {51--74},
% numpages = {24},
% url = {http://portal.acm.org/citation.cfm?id=887006.887010},
% acmid = {887010},
% publisher = {IGI Publishing},
% address = {Hershey, PA, USA},
%}


% ---------





% Need inbook with num in chapter

% and inbook with number in chapter
@InBook{Kong:2004:IEC:123456.887010,
  author = 	{Kong, Wei-Chang},
  editor =	{Theerasak Thanasankit},
  title =	{E-commerce and cultural values - (InBook-num-in-chap)},
  chapter =	{9},
  year =	{2004},
  address =	{Hershey, PA, USA},
  publisher =	{IGI Publishing},
  url =		{http://portal.acm.org/citation.cfm?id=887006.887010},
  pages =	{51--74},
  numpages =	{24},
  acmid =	{887010},
  isbn =	{1-59140-056-2},
  number = 	 "",
  type = 	 "",
  month = 	 "",
  note = 	 "",
}


% and inbook with text in chapter
@Inbook{Kong:2005:IEC:887006.887010,
  author = 	{Kong, Wei-Chang},
  editor =	{Theerasak Thanasankit},
  title =	{E-commerce and cultural values (Inbook-text-in-chap)},
  chapter =	{The implementation of electronic commerce in SMEs in Singapore},
  year =	{2005},
  address =	{Hershey, PA, USA},
  publisher =	{IGI Publishing},
  url =		{http://portal.acm.org/citation.cfm?id=887006.887010},
  type =        {Chapter:},
  pages =	{51--74},
  numpages =	{24},
  acmid =	{887010},
  isbn =	{1-59140-056-2},
  number = 	 "",
  month = 	 "",
  note = 	 "",
}


% and inbook with a num and type field
@Inbook{Kong:2006:IEC:887006.887010,
  author = 	{Kong, Wei-Chang},
  editor =	{Theerasak Thanasankit},
  title =	{E-commerce and cultural values (Inbook-num chap)},
  chapter =	{22},
  year =	{2006},
  address =	{Hershey, PA, USA},
  publisher =	{IGI Publishing},
  url =		{http://portal.acm.org/citation.cfm?id=887006.887010},
  type =        {Chapter (in type field)},
  pages =	{51--74},
  numpages =	{24},
  acmid =	{887010},
  isbn =	{1-59140-056-2},
  number = 	 "",
  month = 	 "",
  note = 	 "",
}


% and incol coz we have a BLANK chapter - due to presence of editor
%atIncollection{Kong:2006:IEC:887006.887011,
%  author = 	{Kong, Wei-Chang},
%  editor =	{Theerasak Thanasankit},
%  title =       "The title"
%  booktitle =	{E-commerce and cultural values (Incol-coz-blank-chap)},
%  year =	{2006},
%  address =	{Hershey, PA, USA},
%  publisher =	{IGI Publishing},
%  url =		{http://portal.acm.org/citation.cfm?id=887006.887010},
%  type =        {Type!},
%  chapter =	{},
%  pages =	{51--74},
%  numpages =	{24},
%  acmid =	{887010},
%  isbn =	{1-59140-056-2},
%  number = 	 "",
%  month = 	 "",
%  note = 	 "",
%}

@article{SaeediMEJ10,
            author = {Mehdi Saeedi and Morteza Saheb Zamani and Mehdi Sedighi},
            title = {A library-based synthesis methodology for reversible logic},
            journal = {Microelectron. J.},
            volume = {41},
            number = {4},
            month = apr,
            year = {2010},
            pages = {185--194},
}

@ARTICLE{SaeediJETC10,
            author = {Mehdi Saeedi and Morteza Saheb Zamani and Mehdi Sedighi and Zahra Sasanian},
            title = {Synthesis of Reversible Circuit Using Cycle-Based Approach},
            journal = {J. Emerg. Technol. Comput. Syst.},
            volume = {6},
            number = {4},
            month = dec,
            year = {2010}
            }

% Asad's new version
@article{Kirschmer:2010:AEI:1958016.1958018,
 author = {Kirschmer, Markus and Voight, John},
 title = {Algorithmic Enumeration of Ideal Classes for Quaternion Orders},
 journal = {SIAM J. Comput.},
 issue_date = {January 2010},
 volume = {39},
 number = {5},
 month = jan,
 year = {2010},
 issn = {0097-5397},
 pages = {1714--1747},
 numpages = {34},
 url = {http://dx.doi.org/10.1137/080734467},
 doi = {http://dx.doi.org/10.1137/080734467},
 acmid = {1958018},
 publisher = {Society for Industrial and Applied Mathematics},
 address = {Philadelphia, PA, USA},
 keywords = {ideal classes, maximal orders, number theory, quaternion algebras},
}


% incol due to presence of booktitle
@incollection{Hoare:1972:CIN:1243380.1243382,
 author = {Hoare, C. A. R.},
 title = {Chapter II: Notes on data structuring},
 booktitle = {Structured programming (incoll)},
 editor = {Dahl, O. J. and Dijkstra, E. W. and Hoare, C. A. R.},
 year = {1972},
 isbn = {0-12-200550-3},
 pages = {83--174},
 numpages = {92},
 url = {http://portal.acm.org/citation.cfm?id=1243380.1243382},
 acmid = {1243382},
 publisher = {Academic Press Ltd.},
 address = {London, UK, UK},
} 

% incol due to presence of booktitle
@incollection{Lee:1978:TQA:800025.1198348,
 author = {Lee, Jan},
 title = {Transcript of question and answer session},
 booktitle = {History of programming languages I (incoll)},
 editor = {Wexelblat, Richard L.},
 year = {1981},
 isbn = {0-12-745040-8},
 pages = {68--71},
 numpages = {4},
 url = {http://doi.acm.org/10.1145/800025.1198348},
 doi = {http://doi.acm.org/10.1145/800025.1198348},
 acmid = {1198348},
 publisher = {ACM},
 address = {New York, NY, USA},
}

% incol due to booktitle
@incollection{Dijkstra:1979:GSC:1241515.1241518,
 author = {Dijkstra, E.},
 title = {Go to statement considered harmful},
 booktitle = {Classics in software engineering (incoll)},
 year = {1979},
 isbn = {0-917072-14-6},
 pages = {27--33},
 numpages = {7},
 url = {http://portal.acm.org/citation.cfm?id=1241515.1241518},
 acmid = {1241518},
 publisher = {Yourdon Press},
 address = {Upper Saddle River, NJ, USA},
} 

% incol due to booktitle
@incollection{Wenzel:1992:TVA:146022.146089,
 author = {Wenzel, Elizabeth M.},
 title = {Three-dimensional virtual acoustic displays},
 booktitle = {Multimedia interface design (incoll)},
 year = {1992},
 isbn = {0-201-54981-6},
 pages = {257--288},
 numpages = {32},
 url = {http://portal.acm.org/citation.cfm?id=146022.146089},
 doi = {10.1145/146022.146089},
 acmid = {146089},
 publisher = {ACM},
 address = {New York, NY, USA},
}

% incol due to booktitle
@incollection{Mumford:1987:MES:54905.54911,
 author = {Mumford, E.},
 title = {Managerial expert systems and organizational change: some critical research issues},
 booktitle = {Critical issues in information systems research (incoll)},
 year = {1987},
 isbn = {0-471-91281-6},
 pages = {135--155},
 numpages = {21},
 url = {http://portal.acm.org/citation.cfm?id=54905.54911},
 acmid = {54911},
 publisher = {John Wiley \& Sons, Inc.},
 address = {New York, NY, USA},
} 

@book{McCracken:1990:SSC:575315,
 author = {McCracken, Daniel D. and Golden, Donald G.},
 title = {Simplified Structured COBOL with Microsoft/MicroFocus COBOL},
 year = {1990},
 isbn = {0471514071},
 publisher = {John Wiley \& Sons, Inc.},
 address = {New York, NY, USA},
} 

% Let's include Boris / BBeeton entries  (multi-volume works)

@book {MR781537,
    AUTHOR = {H{\"o}rmander, Lars},
     TITLE = {The analysis of linear partial differential operators. {III}},
    SERIES = {Grundlehren der Mathematischen Wissenschaften [Fundamental
              Principles of Mathematical Sciences]},
    VOLUME = {275},
      NOTE = {Pseudodifferential operators},  
PUBLISHER = {Springer-Verlag},
   ADDRESS = {Berlin, Germany},
      YEAR = {1985},
     PAGES = {viii+525},
      ISBN = {3-540-13828-5},
   MRCLASS = {35-02 (35Sxx 47G05 58G15)},
  MRNUMBER = {781536 (87d:35002a)},
MRREVIEWER = {Min You Qi},
}

@book {MR781536,
    AUTHOR = {H{\"o}rmander, Lars},
     TITLE = {The analysis of linear partial differential operators. {IV}},
    SERIES = {Grundlehren der Mathematischen Wissenschaften [Fundamental
              Principles of Mathematical Sciences]},
    VOLUME = {275},
      NOTE = {Fourier integral operators},  
PUBLISHER = {Springer-Verlag},
   ADDRESS = {Berlin, Germany},
      YEAR = {1985},
     PAGES = {vii+352},
      ISBN = {3-540-13829-3},
   MRCLASS = {35-02 (35Sxx 47G05 58G15)},
  MRNUMBER = {781537 (87d:35002b)},
MRREVIEWER = {Min You Qi},
}

%%%%%%%%%%%%%%%%%%%%%% Start of Aptara sample bib entries

% acmsmall-sam.bib
@InProceedings{Adya-01,
  author        = {A. Adya and P. Bahl and J. Padhye and A.Wolman and L. Zhou},
  title         = {A multi-radio unification protocol for {IEEE} 802.11 wireless networks},
  booktitle     = {Proceedings of the IEEE 1st International Conference on Broadnets Networks (BroadNets'04)},
  publisher     = "IEEE",
  address       = "Los Alamitos, CA",		  
  year          = {2004},
  pages         = "210--217"
}

@article{Akyildiz-01,
  author        = {I. F. Akyildiz and W. Su and Y. Sankarasubramaniam and E. Cayirci},
  title         = {Wireless Sensor Networks: A Survey},
  journal       = {Comm. ACM},
  volume        = 38,
  number        = "4",
  year          = {2002},
  pages         = "393--422"
}

@article{Akyildiz-02,
  author        = {I. F. Akyildiz and T. Melodia and K. R. Chowdhury},
  title         = {A Survey on Wireless Multimedia Sensor Networks},
  journal       = {Computer Netw.},
  volume        = 51,
  number        = "4",
  year          = {2007},
  pages         = "921--960"
}

@InProceedings{Bahl-02,
  author        = {P. Bahl and R. Chancre and J. Dungeon},
  title         = {{SSCH}: Slotted Seeded Channel Hopping for Capacity Improvement in {IEEE} 802.11 Ad-Hoc Wireless Networks},
  booktitle     = {Proceeding of the 10th International Conference on Mobile Computing and Networking (MobiCom'04)},
  publisher     = "ACM",
  address       = "New York, NY",		  
  year          = {2004},
  pages         = "112--117"
}

@misc{CROSSBOW,
  key       = {CROSSBOW},
  title     = {{XBOW} Sensor Motes Specifications},
  note      = {http://www.xbow.com},
  year      = 2008
}

@article{Culler-01,
  author        = {D. Culler and D. Estrin and M. Srivastava},
  title         = {Overview of Sensor Networks},
  journal       = {IEEE Comput.},
  volume        = 37,
  number        = "8 (Special Issue on Sensor Networks)",
  publisher     = "IEEE",
  address       = "Los Alamitos, CA",		  
  year          = {2004},
  pages         = "41--49"
}

@misc{Harvard-01,
    key         = {Harvard CodeBlue},
    title       = {{CodeBlue}: Sensor Networks for Medical Care},
    note        = {http://www.eecs.harvard.edu/mdw/ proj/codeblue/},
    year        = 2008
}

@InProceedings{Natarajan-01,
    author      = {A. Natarajan and M. Motani and B. de Silva and K. Yap and K. C. Chua},
    title       = {Investigating Network Architectures for Body Sensor Networks},
    booktitle   = {Network Architectures},
    editor      = {G. Whitcomb and P. Neece},
    publisher   = "Keleuven Press",
    address     = "Dayton, OH",		  
    year        = {2007},
    pages       = "322--328",
    eprint      = "960935712",
    primaryclass = "cs",
}

@techreport{Tzamaloukas-01,
  author        = {A. Tzamaloukas and J. J. Garcia-Luna-Aceves},
  title         = {Channel-Hopping Multiple Access},
  number =        {I-CA2301},
  institution =   {Department of Computer Science, University of California},
  address =       {Berkeley, CA},
  year          = {2000}
}

@BOOK{Zhou-06,
  author        = {G. Zhou and J. Lu and C.-Y. Wan and M. D. Yarvis and J. A. Stankovic},
  title         = {Body Sensor Networks},
  publisher     = "MIT Press",
  address       = "Cambridge, MA",		  
  year          = {2008}
}

@mastersthesis{ko94,
author = "Jacob Kornerup",
title = "Mapping Powerlists onto Hypercubes",
school = "The University of Texas at Austin",
note = "(In preparation)",
year = "1994"}
%month = "dec",}

@PhdThesis{gerndt:89,
  author =       "Michael Gerndt",
  title =        "Automatic Parallelization for Distributed-Memory
                  Multiprocessing Systems",
  school =       "University of Bonn",
  year =         1989,
  address =      "Bonn, Germany",
  month =        dec
}

@article{6:1:1,
author = "J. E. {Archer, Jr.} and R. Conway and F. B. Schneider",
title = "User recovery and reversal in interactive systems",
journal = "ACM Trans. Program. Lang. Syst.",
volume =  "6",
number = "1",
month = jan,
year = 1984,
pages = "1--19"}

@article{7:1:137,
author = "D. D. Dunlop and V. R. Basili",
title = "Generalizing specifications for uniformly implemented loops",
journal = "ACM Trans. Program. Lang. Syst.",
volume =  "7",
number = "1",
month = jan,
year = 1985,
pages = "137--158"}

@article{7:2:183,
author = "J. Heering and P. Klint",
title = "Towards monolingual programming environments",
journal = "ACM Trans. Program. Lang. Syst.",
volume =  "7",
number = "2",
month = apr,
year = 1985,
pages = "183--213"}

@book{knuth:texbook,
author = "Donald E. Knuth",
title = "The {\TeX{}book}",
publisher = "Addison-Wesley",
address = "Reading, MA.",
year = 1984}

@article{6:3:380,
author = "E. Korach and D.  Rotem and N. Santoro",
title = "Distributed algorithms for finding centers and medians in networks",
journal = "ACM Trans. Program. Lang. Syst.",
volume =  "6",
number = "3",
month = jul,
year = 1984,
pages = "380--401"}

@book{lamport:latex,
author = "Leslie Lamport",
title = "\it {\LaTeX}: A Document Preparation System",
publisher = "Addison-Wesley",
address = "Reading, MA.",
year = 1986}

@article{7:3:359,
author = "F. Nielson",
title = "Program transformations in a denotational setting",
journal = "ACM Trans. Program. Lang. Syst.",
volume =  "7",
number = "3",
month = jul,
year = 1985,
pages = "359--379"}

%testing
@BOOK{test,
   author = "Donald E. Knuth",
   title = "Seminumerical Algorithms",
   volume = 2,
   series = "The Art of Computer Programming",
   publisher = "Addison-Wesley",
   address = "Reading, MA",
   edition = "2nd",
   month = "10~" # jan,
   year = "1981",
}

@inproceedings{reid:scribe,
author = "Brian K. Reid",
title = "A high-level approach to computer document formatting",
booktitle = "Proceedings of the 7th Annual Symposium on Principles of
  Programming Languages",
month = jan,
year = 1980,
publisher = "ACM",
address = "New York",		  
pages = "24--31"}

@article{Zhou:2010:MMS:1721695.1721705,
 author = {Zhou, Gang and Wu, Yafeng and Yan, Ting and He, Tian and Huang, Chengdu and Stankovic, John A. and Abdelzaher, Tarek F.},
 title = {A multifrequency MAC specially designed for wireless sensor network applications},
 journal = {ACM Trans. Embed. Comput. Syst.},
 issue_date = {March 2010},
 volume = {9},
 number = {4},
 month = {April},
 year = {2010},
 issn = {1539-9087},
 pages = {39:1--39:41},
 articleno = {39},
 numpages = {41},
 url = {http://doi.acm.org/10.1145/1721695.1721705},
 doi = {10.1145/1721695.1721705},
 acmid = {1721705},
 publisher = {ACM},
 address = {New York, NY, USA},
 keywords = {Wireless sensor networks, media access control, multi-channel, radio interference, time synchronization},
}







@STRING{tum = {Department for Computer Science, Technical University of Munich (TUM)}}
@STRING{lncs = {Lecture Notes in Computer Science (LNCS)}}
@STRING{lnai = {Lecture Notes in Artificial Intelligence (LNAI)}}
@STRING{proc = {Proceedings of the }}
@STRING{cryptadv = {Advances in Cryptology - Proceedings of the }}
@STRING{ijcai = { International Joint Conference on Artificial Intelligence}}
@STRING{stoc = { Annual ACM Symposium on Theory of Computing (STOC)}}
@STRING{focs = { Symposium on Foundations of Computer Science (FOCS)}}
@STRING{soda = { Annual ACM-SIAM Symposium on Discrete Algorithms (SODA)}}
@STRING{eurocrypt = { Eurocrypt Conference}}
@STRING{crypto = { Annual International Cryptology Conference (CRYPTO)}}
@STRING{asiacrypt = { Asiacrypt Conference}}
@STRING{aamas = { International Conference on Autonomous Agents and Multiagent Systems (AAMAS)}}
@STRING{aaai = { AAAI Conference on Artificial Intelligence }}
@STRING{aaaiold = { National Conference on Artificial Intelligence}}
@STRING{fc = { Annual Conference on Financial Cryptography (FC)}}

@STRING{colt = { Conference on Computational Learning Theory (COLT)}}

@STRING{fcds = { International Conference on Financial Cryptography and Data Security (FC)}}
@STRING{pkc = { International Workshop on Practice and Theory in Public Key Cryptography (PKC)}}
@STRING{acmecold = { ACM Conference on Electronic Commerce}}
@STRING{acmec = { ACM Conference on Economics and Computation}}
@STRING{stacs = { International Symposium on Theoretical Aspects of Computer Science (STACS)}}
@STRING{uai = { Annual Conference on Uncertainty in Artificial Intelligence (UAI)}}
@STRING{tark = { Conference on Theoretical Aspects of Rationality and Knowledge (TARK)}}
@STRING{ccc = { Annual IEEE Conference on Computational Complexity (CCC)}}
@STRING{sagt = { International Symposium on Algorithmic Game Theory (SAGT)}}
@STRING{wine = { International Workshop on Internet and Network Economics (WINE)}}
@STRING{ciac = { International Conference on Algorithms and Complexity (CIAC)}}
@STRING{ecai = { European Conference on Artificial Intelligence (ECAI)}}
@STRING{kr = { International Conference on Principles of Knowledge Representation and Reasoning (KR)}}
@STRING{cocoon = { Annual International Computing and Combinatorics Conference (COCOON)}}
@STRING{isaim = { International Symposium on Artificial Intelligence and Mathematics (ISAIM)}}
@STRING{isaac = { International Symposium on Algorithms and Computation (ISAAC)}}
@STRING{icml = { International Conference on Machine Learning (ICML)}}
@STRING{adt = { International Conference on Algorithmic Decision Theory (ADT)}}
@STRING{icalp = { International Colloquium on Automata, Languages, and Programming (ICALP)}}
@STRING{comsoc = { International Workshop on Computational Social Choice (COMSOC)}}
@STRING{fsttcs = { IARCS Annual Conference on Foundations of Software Technology and Theoretical Computer Science (FSTTCS)}}

@STRING{springer = {Springer-Verlag}}
@STRING{acm = {ACM Press}}
@STRING{ieee = {IEEE Computer Society Press}}
	
@STRING{ip = {In preparation}}
@STRING{ur = {Working paper}}
@STRING{ta = {Forthcoming}}

@STRING{wp = {Working paper}}
@STRING{sb = {Submitted}}

@STRING{path ={http://dss.in.tum.de/files/brandt-research/}}







@article{DubinsSpanier1961,
    author={Dubins, L. E. and Spanier, E. H.},
    title={How to cut a cake fairly},
    journal={The American Mathematical Monthly},
    volume={68},
    number={1},
    pages={1--17},
    year={1961},
}

@article{Shapley1962,
    author = {Shapley, L. S.},
    title = "{Complements and substitutes in the optimal assignment problem}",
    journal = {Naval Research Logistics Quarterly},
    volume={9},
    number={1},
    pages={45--48},
    year = {1962},
}




@article{ErdosRenyi1964,
    author = {Erd\"os, P. and R\'enyi, A.},
    title = "{On random matrices}",
    journal = {Publications of the Mathematical Institute of the Hungarian Academy of Sciences},
    volume = {8},
    pages = {455--461},
    year = {1964},
}

@article{Foley1967,
    author = {Duncan K. Foley},
    title = "{Resource allocation and the public sector}",
    journal = {Yale Economic Essays},
    volume = {7},
    pages = {45--98},
    year = {1967},
}

@article{Walkup1979,
    author = {David W. Walkup},
    title = "{On the expected value of a random assignment problem}",
    journal = {SIAM Journal on Computing},
    volume = {8},
    number = {3},
    pages = {440--442},
    year = {1979},
}

@article{MezardParisi1985,
    author = {M\'ezard, M. and Parisi, G.},
    title = "{Replicas and optimization}",
    journal = {Journal de Physique Lettres},
    volume = {46},
    pages = {771--778},
    year = {1985},
}


@inproceedings{Karp1987,
    author = {Richard M. Karp},
    title = "{An upper bound on the expected cost of an optimal assignment}",
    booktitle = {Discrete Algorithm and Complexity:} # proc # {Japan-U.S. Joint Seminar, Academic Press},
    pages = {1--4},
    year = {1987},
}

@article{MulmuleyVaziraniVazirani1987,
    author = {Ketan Mulmuley and Umesh Vazirani and Vijay Vazirani},
    title = "{Matching is as easy as matrix inversion}",
    journal = {Combinatorica},
    volume = {7},
    number = {1},
    pages = {105--113},
    year = {1987},
}

@article{Talagrand1995,
    author = {Michel Talagrand},
    title = "{Concentration of measure and isoperimetric inequalities in product spaces}",
    journal = {Publications Mathmatiques de L'IH\'ES},
    year = {1995},
}

@article{Aldous1992,
    author = {David Aldous},
    title = "{Asymptotics in the random assignment problem}",
    journal = {Probability Theory and Related Fields},
    volume = {93},
    pages = {507--534},
    year = {1992},
}


@article{DressTerhalle1995,
    author = {Andreas Dress and Werner Terhalle},
    title = "{Well-layered maps-a class of greedily optimizable set functions}",
    journal = {Applied Mathematics Letters},
    volume = {8},
    number = {5},
    pages = {77--80},
    year = {1995},
}


@book{ConwayGuy1996,
  title={The Book of Numbers},
  author={John H. Conway and Richard Guy},
  year={1996},
  publisher={Springer},
}

@incollection{Spencer1996,
    author = {Joel Spencer},
    title = {Probabilistic methods},
    chapter = {33},
    year = {1996},
    publisher = {MIT Press},
    booktitle = {Handbook of Combinatorics (Vol. 2)},
    pages = {1785–1817},
}

@book{Steele1997,
  title={Probability Theory and Combinatorial Optimization},
  author={Steele, J. M.},
  year={1997},
  publisher={Society for Industrial and Applied Mathematics},
  series={CBMS-NSF Regional Conference Series in Applied Mathematics},
  number={69},
  address={Philadelphia},
}

@misc{Parisi1998,
    author = {Parisi, G.},
    title = "{A conjecture on random bipartite matching}",
    note = {arXiv: \href{https://arxiv.org/abs/cond-mat/9801176v1}{\texttt{9801176v1}}},
    year = {1998},
}

@article{CoppersmithSorkin1999,
    author = {Don Coppersmith and Gregory B. Sorkin},
    title = "{Constructive bounds and exact expectations for the random assignment problem}",
    journal = {Random Structures and Algorithms},
    volume = {15},
    pages = {133--144},
    year = {1999},
}

@article{RothPeranson1999,
    author = {Roth, A. E. and Peranson, E.},
    title = "{The Redesign of the Matching Market for American Physicians: Some Engineering Aspects of Economic Design}",
    journal = {American Economic Review},
    volume = {89},
    number = {4},
    pages = {748--780},
    year = {1999},
}

@article{Aldous2001,
    author = {David Aldous},
    title = "{The $\zeta(2)$ limit in the random assignment problem}",
    journal = {Random Structures and Algorithms},
    volume = {18},
    pages = {381--418},
    year = {2001},
}

@book{Jukna2001,
  title={Extremal combinatorics: with applications in computer science},
  author={Stasys Jukna},
  year={2011},
  publisher={Springer Publishing Company, Incorporated},
  edition={2nd}
}

@article{BuckChanRobbins2002,
    author = {Marshall W. Buck and Clara S. Chan and David P. Robbins},
    title = "{On the expected value of the minimum assignment}",
    journal = {Random Structures and Algorithms},
    volume = {21},
    number = {1},
    pages = {33--58},
    year = {2002},
}

@article{LinussonWastlund2001,
    author = {Svante Linusson and Johan W\"{a}stlund},
    title = "{A proof of Parisi's conjecture on the random assignment problem}",
    journal = {Probability Theory and Related Fields},
    volume = {128},
    pages = {419--440},
    year = {2004},
}


@book{Schrijver,
  title={Combinatorial Optimization: Polyhedra and Efficiency},
  author={Alexander Schrijver},
  year={2003},
  publisher={volume 24. Springer Science \& Business Media},
}



@inproceedings{Lipton2004,
    author = {Richard J. Lipton and Evangelos Markakis and Elchanan Mossel and Amin Saberi},
    title = "{On approximately fair allocations of indivisible goods}",
    booktitle = proc # {5th} # acmecold,
    pages = {125--131},
    year = {2004},
}


@article{Wastlund2005,
    author = {Johan W\"{a}stlund},
    title = "{A simple proof of the Parisi and Coppersmith-Sorkin formulas for the random assignment problem}",
    journal = {Link\"oping Studies in Mathematics},
    volume = {6},
    year = {2005},
}

@article{Wastlund2005-2,
    author = {Johan W\"{a}stlund},
    title = "{The variance and higher moments in the random assignment problem}",
    journal = {Link\"oping Studies in Mathematics},
    volume = {8},
    year = {2005},
}


@article{Lehmann2006,
    author = {Benny Lehmann and Daniel Lehmann and Noam Nisan},
    title = "{Combinatorial auctions with decreasing marginal utilities}",
    journal = {Games and Economic Behavior},
    volume = {55},
    number = {2},
    pages = {270--296},
    year = {2006},
}


@article{NairPrabhakarSharma2006,
    author = {Chandra Nair and Balaji Prabhakar and Mayank Sharma},
    title = "{Proofs of the Parisi and Coppersmith-Sorkin random assignment conjectures}",
    journal = {Random Structures and Algorithms},
    volume = {27},
    number = {4},
    pages = {413--444},
    year = {2006},
}

@book{LovaszPlummer2009,
  title={Matching Theory},
  author={L\'{a}szl\'{o} Lov\'{a}sz and Michael D. Plummer},
  year={2009},
  publisher={American Mathematical Society},
}



@article{Wastlund2009,
    author = {Johan W\"{a}stlund},
    title = "{An easy proof of the $\zeta(2)$ limit in the random assignment problem}",
    journal = {Electronic Communications in Probability},
    volume = {14},
    pages = {261--269},
    year = {2009},
}

@article{Budish2011,
    author = {Eric Budish},
    title = "{The combinatorial assignment problem: approximate competitive equilibrium from equal incomes}",
    journal = {Journal of Political Economy},
    volume = {119},
    number = {4},
    pages = {1061--1103},
    year = {2011},
}


@inproceedings{Balcan2012,
    author = {Balcan, M. F. and Constantin, F. and Iwata, S. and Wang, L.},
    title = "{Learning valuation functions}",
    booktitle = proc # {5th} #colt,
    pages = {1--24},
    year = {2012},
}

@article{Wastlund2012,
    author = {Johan W\"{a}stlund},
    title = "{Replica symmetry of the minimum matching}",
    journal = {Annals of Mathematics},
    volume = {175},
    pages = {1061--1091},
    year = {2012},
}

@article{Kojima2013,
    author = {Kojima, F. and Pathak, P. A. and Roth, A. E.},
    title = "{Matching with Couples: Stability and Incentives in Large Markets}",
    journal = {The Quarterly Journal of Economics},
    volume = {128},
    number = {4},
    pages = {1585--1632},
    year = {2013},
}

@article{Ashlagi2014,
    author = {Itai Ashlagi and Mark Braverman and Avinatan Hassidim},
    title = "{Stability in large matching markets with complementarities}",
    journal = {Operations Research},
    volume = {62},
    number = {4},
    pages = {713--732},
    year = {2014},
}



@inproceedings{Dickerson2014,
    author = {John P. Dickerson and Jonathan Goldman and Jeremy Karp and Ariel D. Procaccia and Tuomas Sandholm},
    title = "{The computational rise and fall of fairness}",
    booktitle = proc # {28nd} # aaai,
    pages = {1405--1411},
    year = {2014},
}



@article{Nguyen2014,
    author = {Nhan-Tam Nguyen and Trung T. Nguyen and Magnus Roos and J\"{o}rg Rothe},
    title = "{Computational complexity and approximability of social welfare optimization in multiagent resource allocation}",
    journal = {Autonomous Agents and Multi-agent Systems},
    volume = {28},
    number = {2},
    pages = {256--289},
    year = {2014},
}

@book{FreizeKaronski2015,
  title={Introduction to Random Graphs},
  author={Alan M. Frieze and Micha\l{} Karo{\'n}ski},
  year={2015},
  publisher={Cambridge University Press},
  address={Cambridge}
}





 

@inproceedings{Kurokawa2016,
    author = {David Kurokawa and Ariel D. Procaccia and Junxing Wang},
    title = "{When can the maximin share guarantee be guaranteed?}",
    booktitle = proc # {30th} # aaai,
    pages = {523--529},
    year = {2016},
}

@article{Suksompong2016,
    author = {Warut Suksompong},
    title = "{Asymptotic existence of proportionally fair allocations}",
    journal = {Mathematical Social Sciences},
    volume = {81},
    pages = {62--65},
    year = {2016},
}

@article{Amanatidis2017,
    author = {Georgios Amanatidis and Evangelos Markakis and Afshin Nikzad and Amin Saberi},
    title = "{Approximation algorithms for computing maximin share allocations}",
    journal = {ACM Transactions on Algorithms},
    volume = {13},
    number = {4},
    pages = {1--28},
    year = {2017},
}

@article{FriezeJohansson2017,
    author = {Alan M. Frieze and Tony Johansson},
    title = "{Minimum-cost matching in a random graph with random costs}",
    journal = {SIAM Journal on Discrete Mathematics},
    volume = {31},
    number = {1},
    pages = {489--510},
    year = {2017},
}

@article{Lee2017,
    author = {Lee, E.},
    title = "{APX-hardness of maximizing Nash social welfare with indivisible items}",
    journal = {Information Processing Letters},
    volume = {122},
    pages = {17--20},
    year = {2017},
}

@article{Leme2017,
    author = {Renato P. Leme},
    title = "{Gross substitutability: an algorithmic survey}",
    journal = {Games and Economic Behavior},
    volume = {106},
    pages = {294--316},
    year = {2017},
}

@article{ManurangsiSuksompong2017,
    author = {Pasin Manurangsi and Warut Suksompong},
    title = "{Asymptotic existence of fair divisions for groups}",
    journal = {Mathematical Social Sciences},
    volume = {89 (2017), 100–108},
    pages = {100--108},
    year = {2017},
}


@inproceedings{Ghodsi2018,
    author = {Ghodsi, M. and Hajiaghayi, M. T. and Seddighin, M. and Seddighin, S. and Yami, H.},
    title = "{Fair allocation of indivisible goods: improvements and generalization}",
    booktitle = proc # {5th} # acmecold,
    pages = {539--556},
    year = {2018},
}

@inproceedings{Benabbou2018,
    author = {Benabbou, N. and Chakraborty, M. and Ho, X.V. and Sliwinski, J. and Zick, Y.},
    title = "{Diversity constraints in public housing allocation}",
    booktitle = proc # {17th} # aamas,
    pages = {973--981},
    year = {2018},
}

@article{WuRoth2018,
    author = {Wu, Q. and Roth, E.},
    title = "{The lattice of envy-free matching}",
    journal = {Games and Economics Behavior},
    volume = {109},
    pages = {201--211},
    year = {2018},
}


@inproceedings{Benabbou2019,
    author = {Nawal Benabbou and Mithun Chakraborty and Edith Elkind and Yair Zick},
    title = "{Fairness towards groups of agents in the allocation of indivisible items}",
    booktitle = proc # {28th} # ijcai,
    pages = {95--101},
    year = {2019},
}


@article{Beynier2019,
    author = {Aur\'elie Beynier and Yann Chevaleyre and Laurent Gourv\'es and Ararat Harutyunyan and Julien Lesca and Nicolas Maudet and Ana\"{e}lle Wilczynski},
    title = "{ Local envy-freeness in house allocation problems}",
    journal = {Autonomous Agents and Multi-Agent Systems},
    volume = {33},
    number = {5},
    pages = {591--627},
    year = {2019},
}

@article{Caragiannis2019,
    author = {Caragiannis, Ioannis and Kurokawa, David and Moulin, Herv\'{e} and Procaccia, Ariel D. and Shah, Nisarg and Wang, Junxing},
    title = "{The unreasonable fairness of maximum Nash welfare}",
    journal = {ACM Transactions on Economics and Computation},
    volume = {7},
    number = {3},
    pages = {1--12},
    year = {2019},
}

@inproceedings{Conitzer2019,
    author = {Conitzer, V. and Freeman, R. and Shah, N. and Vaughan, J. W.},
    title = "{Group fairness for the allocation of indivisible goods}",
    booktitle = proc # {33rd} # aaai,
    pages = {1853--1860},
    year = {2019},
}

@article{Farhadi2019,
    author = {Farhadi, A. and Ghodsi, M. and Hajiaghayi, M. and Lahaie, S. and Pennock, D. and Seddighin, M. and Seddighin, S. and Yami, H.},
    title = "{Fair allocation of indivisible goods to asymmetric agents}",
    journal = {Journal of Artificial Intelligence Research},
    volume = {64},
    pages = {1--20},
    year = {2019},
}


@article{GanSuksompongVoudouris2019,
    author = {Jiarui Gan and Warut Suksompong and Alexandros A. Voudouris},
    title = "{Envy-freeness in house allocation problems}",
    journal = {Mathematical Social Sciences},
    volume = {101},
    pages = {104--106},
    year = {2019},
}

@article{SegalSuksompong2019,
    author = {Erel Segal-Halevi and Warut Suksompong},
    title = "{Democratic fair allocation of indivisible goods}",
    journal = {Artificial Intelligence},
    volume = {277},
    pages = {103167},
    year = {2019},
}

@book{Wainwright2019,
	author = {Martin J. Wainwright},
	publisher = {Cambridge University Press},
    volume = {48},
	title = {High-dimensional statistics: A non-asymptotic viewpoint},
	year = {2019}
 }


@article{KyropoulouSuksompongVoudouris2020,
    author = {Maria Kyropoulou and Warut Suksompong and Alexandros A. Voudouris},
    title = "{Almost envy-freeness in group resource allocation}",
    journal = {Theoretical Computer Science},
    volume = {841},
    pages = {110--123},
    year = {2020},
}


@inproceedings{Halpern2020,
    author = {Daniel Halpern and Ariel D. Procaccia and Alexandros Psomas and Nisarg Shah},
    title = "{Fair division with binary valuations: One rule to rule them all}",
    booktitle = proc # {33rd} # wine,
    pages = {370--383},
    year = {2020},
}


@article{ManurangsiSuksompong2020,
    author = {Manurangsi, Pasin and Suksompong, Warut},
    title = "{When do envy-free allocations exist?}",
    journal = {SIAM Journal on Discrete Mathematics},
    volume = {34},
    number = {3},
    pages = {1505--1521},
    year = {2020},
}

@article{Yokoi2020,
    author = {Yu Yokoi},
    title = "{Envy-free matchings with lower quotas}",
    journal = {Algorithmica},
    volume = {82},
    pages = {188--211},
    year = {2020},
}

 

@article{Benabbou2021,
    author = {Nawal Benabbou and Mithun Chakraborty and Ayumi Igarashi and Yair Zick},
    title = "{Finding fair and efficient allocations for matroid rank valuations}",
    journal = {ACM Transactions on Economics and Computation},
    volume = {9},
    number = {21},
    pages = {1--41},
    year = {2021},
}



@inproceedings{BabaioffEzraFeige2021, 
    title={Fair and truthful mechanisms for dichotomous valuations}, 
    booktitle = proc # {35th} # aaai,
    author={Babaioff, Moshe and Ezra, Tomer and Feige, Uriel}, 
    year={2021}, 
    pages={5119--5126},
}


@article{Frieze2021,
    author = {Alan M. Frieze},
    title = "{The effect of adding randomly weighted edges.}",
    journal = {SIAM Journal on Discrete Mathematics},
    volume = {35},
    number = {2},
    pages = {1182--1200},
    year = {2021},
}

@article{KamiyamaManurangsiSuksompong2021,
    author = {Naoyuki Kamiyama and Pasin Manurangsi and Warut Suksompong},
    title = "{ On the Complexity of Fair House Allocation.}",
    journal = {Operations Research Letters},
    volume = {49},
    number = {4},
    pages = {572--577},
    year = {2021},
}

@article{Larsson2021,
    author = {Joel Larsson},
    title = "{The minimum perfect matching in pseudo-dimension $0<q<1$}",
    journal = {Combinatorics, Probability and Computing},
    volume = {30},
    number = {3},
    pages = {374--397},
    year = {2021},
}


@article{ManurangsiSuksompong2021,
    author = {Manurangsi, Pasin and Suksompong, Warut},
    title = "{Closing gaps in asymptotic fair division}",
    journal = {SIAM Journal on Discrete Mathematics},
    volume = {35},
    number = {2},
    pages = {668--706},
    year = {2021},
}

@misc{Chazottes2022,
    author = {Jean-Ren\'{e} Chazottes},
    title = "{Notes on means, medians and Gaussian tails}",
    note = {\href{https://hal.science/hal-03636138v2}{\texttt{hal-03636138v2}}},
    year = {2022},
}


@article{HorevHalevi2022,
    author = {Horev, E. A. and Halevi, E. S.},
    title = "{Envy-free matchings in bipartite graphs and their applications to fair division}",
    journal = {Information Sciences},
    volume = {587},
    pages = {164--187},
    year = {2022},
}

@inproceedings{BaiGolz2022,
    author = {Yushi Bai and Paul G\"{o}lz},
    title = "{Envy-free and Pareto-optimal allocations for agents with asymmetric random valuations}",
    booktitle = proc # {31th} # ijcai,
    pages = {53--59},
    year = {2022},
}

@inproceedings{BaiFeige2022,
    author = {Yushi Bai and Feige, U. and Paul G\"{o}lz and Procaccia, A. D.},
    title = {Fair allocations for smoothed utilities},
    year = {2022},
    booktitle = proc # {23rd} # acmecold,
    pages = {436–465},
    numpages = {30},
}



@article{HosseiniHuangIgarashiShah2022,
  title={Class fairness in online matching},
  author={Hosseini, Hadi and Huang, Zhiyi and Igarashi, Ayumi and Shah, Nisarg},
  journal={Artificial Intelligence},
  volume={335},
  pages={104177},
  year={2024},
}

@article{ManurangsiSuksompong_group_2022,
    author = {Manurangsi, Pasin and Suksompong, Warut},
    title = "{Almost envy-freeness for groups: Improved bounds via discrepancy theory}",
    journal = {Theoretical Computer Science},
    volume = {930},
    pages = {179--195},
    year = {2022},
}




@book{Rot15,
	date-added = {2023-01-23 14:29:05 +0200},
	date-modified = {2023-01-23 14:29:05 +0200},
	editor = {J{\"o}rg Rothe},
	publisher = {Springer},
	title = {Economics and Computation},
	year = {2015}}

@book{End17,
	date-added = {2023-01-23 10:49:42 +0200},
	date-modified = {2023-01-23 10:49:42 +0200},
	editor = {Ulle Endriss},
	publisher = {AI Access},
	title = {Trends in Computational Social Choice},
	year = {2017}}

@book{Mei18,
	author = {Reshef Meir},
	date-added = {2023-01-23 10:49:26 +0200},
	date-modified = {2023-01-23 10:49:26 +0200},
	publisher = {Morgan and Claypool},
	series = {Synthesis Lectures on Artificial Intelligence and Machine Learning},
	title = {Strategic Voting},
	year = {2018}}

@inproceedings{FHHR09,
	author = {Piotr Faliszewski and Edith Hemaspaandra and Lane A. Hemaspaandra and J{\"o}rg Rothe},
	booktitle = {Fundamental Problems in Computing: {Essays} in Honor of {Professor} {Daniel} {J.} {Rosenkrantz}},
	date-added = {2023-01-23 10:44:01 +0200},
	date-modified = {2023-01-23 10:54:20 +0200},
	editor = {S. S. Ravi and Sandeep K. Shukla},
	pages = {375-406},
	publisher = {Springer},
	title = {A richer understanding of the complexity of election systems},
	year = {2009}}

@article{FP10,
	author = {Piotr Faliszewski and Ariel D. Procaccia},
	date-added = {2023-01-23 10:42:40 +0200},
	date-modified = {2023-01-23 10:43:22 +0200},
	journal = {AI Magazine},
	number = {4},
	pages = {52-64},
	title = {AI's war on manipulation: Are we winning?},
	volume = {31},
	year = {2010}}

@article{FHH10,
	author = {Piotr Faliszewski and Edith Hemaspaandra and Lane A. Hemaspaandra},
	date-added = {2023-01-23 10:41:07 +0200},
	date-modified = {2023-01-23 10:41:53 +0200},
	journal = {Communications of the ACM},
	month = {November},
	number = {11},
	pages = {74-82},
	title = {Using Complexity to Protect Elections},
	volume = {53},
	year = {2010}}

@article{Con10,
	author = {Vincent Conitzer},
	date-added = {2023-01-23 10:39:29 +0200},
	date-modified = {2023-01-23 10:40:16 +0200},
	journal = {Communications of the ACM},
	month = {March},
	number = {3},
	pages = {84-94},
	title = {Making decisions based on the preferences of multiple agents},
	volume = {53},
	year = {2010}}

@inproceedings{CELM07,
	address = {Harrachov, Czech Republic},
	author = {Yann Chevaleyre and Ulle Endriss and J{\'e}r{\^o}me Lang and Nicolas Maudet},
	booktitle = {Proceedings of the 33rd Conference on Current Trends in Theory and Practice of Computer Science (SOFSEM)},
	date-added = {2023-01-23 10:36:31 +0200},
	date-modified = {2023-01-23 10:38:56 +0200},
	month = {January},
	pages = {51-69},
	series = {Lecture Notes in Computer Science},
	title = {A Short Introduction to Computational Social Choice},
	volume = {4362},
	year = {2007}}

@article{Pro11,
	author = {Ariel D. Procaccia},
	date-added = {2023-01-23 10:34:44 +0200},
	date-modified = {2023-01-23 10:36:16 +0200},
	journal = {XRDS: Crossroads, The ACM Magazine for Students},
	number = {2},
	pages = {31-34},
	title = {Computational social choice: the first four centuries},
	volume = {18},
	year = {2011}}

@book{BCELP16,
	date-added = {2023-01-23 10:33:25 +0200},
	date-modified = {2023-01-23 10:33:25 +0200},
	editor = {Felix Brandt and Vincent Conitzer and Ulle Endriss and J{\'e}r{\^o}me Lang and Ariel D. Procaccia},
	month = {March},
	publisher = {Cambridge University Press},
	title = {Handbook of Computational Social Choice},
	year = {2016}}

@inproceedings{BaiEC2022, 
        author = {Bai, Yushi and Feige, Uriel and G\"{o}lz, Paul and Procaccia, Ariel D.}, 
        title = {Fair Allocations for Smoothed Utilities}, 
        year = {2022}, 
        booktitle = proc # {23rd} # acmec,
        pages = {436--465}, 
}


@inproceedings{Amanatidis2023,
        author = {Amanatidis, Georgios and Birmpas, Georgios and Lazos, Philip and Leonardi, Stefano and Reiffenh\"{a}user, Rebecca},
        title = {Round-Robin Beyond Additive Agents: Existence and Fairness of Approximate Equilibria},
        year = {2023},
        booktitle = proc # {24th} # acmec,
        pages = {67--87},
        numpages = {21},
}

@article{Efron_Stein,
    author = {Bradley Efron and Charles Stein},
    title = {{The jackknife estimate of variance}},
    volume = {9},
    journal = {The Annals of Statistics},
    number = {3},
    publisher = {Institute of Mathematical Statistics},
    pages = {586 -- 596},
    year = {1981},
}

@book{BoucheronBook,
    author = {Boucheron, St\'ephane and Lugosi, G\'abor and Massart, Pascal},
    title = "{Concentration Inequalities: A Nonasymptotic Theory of Independence}",
    publisher = {Oxford University Press},
    year = {2013},
    month = {02},
}


@article{DevroyeLugosi2008,
	author = {Luc Devroye and G\'abor Lugosi},
	journal = {Annals of Probability},
	number = {1},
	pages = {143–159},
	title = {Local tail bounds for functions of independent random variables},
	volume = {36},
	year = {2008}}


@inproceedings{Montanari2024,
        title={Weighted envy-freeness for submodular valuations}, 
        author={Luisa Montanari and Ulrike Schmidt-Kraepelin and Warut Suksompong and Nicholas Teh},
        volume = {38},
        number = {9},
        pages = {9865--9873},
        year = {2024},
        booktitle = proc # {38th} # aaai,
}


@inproceedings{BenadeHalpernPsomasVerma2023,
  author = {Benad\`{e}, Gerdus and Halpern, Daniel and Psomas, Alexandros and Verma, Paritosh},
  title = {On the existence of envy-free allocations beyond additive valuations},
  booktitle = {Proceedings of the 25th ACM Conference on Economics and Computation},
  year = {2024}
}


@article{young1991euler,
  author    = {Robert M. Young},
  title     = {Euler's constant},
  journal   = {Mathematical Gazette},
  volume    = {75},
  year      = {1991},
  pages     = {187-190}
}


@article{hofbauer2002simple,
  author    = {Josef Hofbauer},
  title     = {A simple proof of \(1 + \frac{1}{2^2} + \frac{1}{3^2} + \cdots = \frac{\pi^2}{6}\) and related identities},
  journal   = {American Mathematical Monthly},
  volume    = {109},
  year      = {2002},
  pages     = {196-200}
}


@article{KPR13a,
  title={Matching with couples: Stability and incentives in large markets},
  author={Fuhito Kojima and Parag A. Pathak and Alvin E. Roth},
  journal={The Quarterly Journal of Economics},
  volume={128},
  number={4},
  pages={1585--1632},
  year={2013},
  publisher={MIT Press}
}


@article{kojima2009incentives,
  title={Incentives and stability in large two-sided matching markets},
  author={Kojima, Fuhito and Pathak, Parag A.},
  journal={American Economic Review},
  volume={99},
  number={3},
  pages={608--627},
  year={2009},
}

@inproceedings{xia2020smoothed,
  author = {Xia, Lirong},
  title = {The smoothed possibility of social choice},
  booktitle = {Proceedings of the 33rd Annual Conference on Neural Information Processing Systems (NeurIPS)},
  year = {2020},
  pages = {11044--11055},
}

@inproceedings{xia2023impact,
  author = {Xia, Lirong},
  title = {The impact of a coalition: Assessing the likelihood of voter influence in large elections},
  booktitle = {Proceedings of the 24th ACM Conference on Economics and Computation},
  year = {2023},
  pages = {1156--1156},
  publisher = {ACM},
  series = {EC'23},
}

@article{slinko2002asymptotic,
  author = {Arkadii Slinko},
  title = {On asymptotic strategy-proofness of the plurality and the run-off rules},
  journal = {Social Choice and Welfare},
  year = {2002},
  volume = {19},
  number = {2},
  pages = {313--324},
}



@article{MordantSegers2021,
  author    = {Mordant, Gilles. and Segers, Johan},
  title     = {Maxima and near-maxima of a Gaussian random assignment field},
  journal   = {Statistics \& Probability Letters},
  volume    = {173},
  pages     = {109087},
  year      = {2021},
}