@article{DayanSPH23,
  author       = {Dror Dayan and
                  Kiril Solovey and
                  Marco Pavone and
                  Dan Halperin},
  title        = {Near-Optimal Multi-Robot Motion Planning with Finite Sampling},
  journal      = {{IEEE} Trans. Robotics},
  volume       = {39},
  number       = {5},
  pages        = {3422--3436},
  year         = {2023}
}

@article{Koptev2022,
  author    = {Mikhail Koptev and Nadia Figueroa and Aude Billard},
  title     = {Neural Joint Space Implicit Signed Distance Functions for Reactive Robot Manipulator Control},
  journal   = {IEEE Robotics and Automation Letters},
  volume    = {8},
  number    = {2},
  pages     = {480--487},
  year      = {2022}
}

@inproceedings{Li2024,
  author    = {Yiming Li and others},
  title     = {Configuration Space Distance Fields for Manipulation Planning},
  booktitle = {Proceedings of the Robotics: Science and Systems Conference (RSS)},
  year      = {2024}
}

@inproceedings{TsaoSP20,
  author       = {Matthew Tsao and
                  Kiril Solovey and
                  Marco Pavone},
  title        = {Sample Complexity of Probabilistic Roadmaps via {\(\epsilon\)}-nets},
  booktitle    = {{IEEE} International Conference on Robotics and Automation},
  pages        = {2196--2202},
  publisher    = {{IEEE}},
  year         = {2020},
}

@article{das2020forward,
  author={Das, Nikhil and Yip, Michael C.},
  journal=ral, 
  title={Forward Kinematics Kernel for Improved Proxy Collision Checking}, 
  year={2020},
  volume={5},
  number={2},
  pages={2349-2356},
  doi={10.1109/LRA.2020.2970645}
}

@article{das2020learning,
  title={Learning-based Proxy Collision Detection for Robot Motion Planning Applications},
  author={Das, Nikhil and Yip, Michael},
  journal=tro,
  year={2020},
  publisher={IEEE}
}

@article{garrett2021integrated,
  title={Integrated Task and Motion Planning},
  author={Garrett, Caelan Reed and Chitnis, Rohan and Holladay, Rachel M and Kim, Beomjoon and Silver, Tom and Kaelbling, Leslie Pack and Lozano-P{\'e}rez, Tom{\'a}s},
  journal={Annual Review of Control, Robotics, and Autonomous Systems},
  volume={4},
  pages={265--293},
  year={2021},
  publisher={Annual Reviews}
}

@article{kavraki1996probabilistic,
  title={Probabilistic roadmaps for path planning in high-dimensional configuration spaces},
  author={Kavraki, Lydia E and Svestka, Petr and Latombe, Jean-Claude and Overmars, Mark H},
  journal=tro,
  volume={12},
  number={4},
  pages={566--580},
  year={1996},
  publisher={IEEE}
}

@article{settles2009active,
  title={Active learning literature survey},
  author={Settles, Burr},
  year={2009},
  publisher={University of Wisconsin-Madison Department of Computer Sciences}
}

@book{shalev2014understanding,
  title={Understanding machine learning: From theory to algorithms},
  author={Shalev-Shwartz, Shai and Ben-David, Shai},
  year={2014},
  publisher={Cambridge university press}
}

@article{shaw2024practicalfinitesamplebounds,
  author       = {Seiji Shaw and
                  Aidan Curtis and
                  Leslie Pack Kaelbling and
                  Tom{\'{a}}s Lozano{-}P{\'{e}}rez and
                  Nicholas Roy},
  title        = {Towards Practical Finite Sample Bounds for Motion Planning in {TAMP}},
  journal      = {CoRR},
  volume       = {abs/2407.17394},
  year         = {2024}
}

@book{vapnik2015uniform,
  title={Uniform convergence of relative frequencies of events to their probabilities},
  author={Vapnik, Vladimir N},
  booktitle={Measures of Complexity},
  pages={11--30},
  year={2015},
  publisher={Springer, Cham}
}

@inproceedings{yu2021reducing,
 author = {Yu, Chenning and Gao, Sicun},
 booktitle = neurips,
 pages = {4274--4289},
 title = {Reducing Collision Checking for Sampling-Based Motion Planning Using Graph Neural Networks},
 volume = {34},
 year = {2021}
}

@inproceedings{zhang2022learning,
 author = {Zhang, Ruipeng and Yu, Chenning and Chen, Jingkai and Fan, Chuchu and Gao, Sicun},
 booktitle = {Advances in Neural Information Processing Systems},
 editor = {S. Koyejo and S. Mohamed and A. Agarwal and D. Belgrave and K. Cho and A. Oh},
 pages = {30003--30015},
 publisher = {Curran Associates, Inc.},
 title = {Learning-based Motion Planning in Dynamic Environments Using {GNN}s and Temporal Encoding},
 volume = {35},
 year = {2022}
}

@article{zhou2020graph,
  title={Graph neural networks: A review of methods and applications},
  author={Zhou, Jie and Cui, Ganqu and Hu, Shengding and Zhang, Zhengyan and Yang, Cheng and Liu, Zhiyuan and Wang, Lifeng and Li, Changcheng and Sun, Maosong},
  journal={AI open},
  volume={1},
  pages={57--81},
  year={2020},
  publisher={Elsevier}
}

