% IEEE abbreviations
@string{icra = "{{IEEE} Int. Conf. Robotics and Automation ({ICRA})}"}
@string{iros = "{IEEE/RSJ Int. Conf. Intelligent Robots and Systems (IROS)}"}
@string{rss = "{Robotics: Science and Systems (RSS)}"}
@string{ijrr = "{Int. J. Robotics Research (IJRR)}"}
@string{tro = "{{IEEE} Trans. Robotics (TRO)}"}
@string{ral = "{IEEE Robotics and Automation Letters (RAL)}"}
@string{neurips = "{Neural Information Processing Systems (NEURIPS)}"}
@string{wafr = "{Workshop on the Algorithmic Foundations of Robotics (WAFR)}"}
@string{icaps = "{Int. Conf. on Automated Planning and Scheduling (ICAPS)}"}


% Entries from your provided BibTeX file
@book{lavalle2006planning,
  title={Planning algorithms},
  author={LaValle, Steven M},
  year={2006},
  publisher={Cambridge university press}
}

@article{elbanhawi2014sampling,
  title={Sampling-based robot motion planning: A review},
  author={Elbanhawi, Mohamed and Simic, Milan},
  journal={IEEE Access},
  volume={2},
  pages={56--77},
  year={2014},
  publisher={IEEE}
}


@article{lavalle2001randomized,
  title={Randomized Kinodynamic Planning},
  author={LaValle, Steven M and Kuffner Jr, James J},
  journal=ijrr,
  volume={20},
  number={5},
  pages={378--400},
  year={2001},
  publisher={SAGE Publications}
}

@article{kavraki1996probabilistic,
  title={Probabilistic roadmaps for path planning in high-dimensional configuration spaces},
  author={Kavraki, Lydia E and Svestka, Petr and Latombe, Jean-Claude and Overmars, Mark H},
  journal=tro,
  volume={12},
  number={4},
  pages={566--580},
  year={1996},
  publisher={IEEE}
}

@article{karaman2011sampling,
  title={Sampling-based algorithms for optimal motion planning},
  author={Karaman, Sertac and Frazzoli, Emilio},
  journal=ijrr,
  volume={30},
  number={7},
  pages={846--894},
  year={2011},
  publisher={SAGE Publications Sage UK: London, England}
}

@inproceedings{ichter2018learning,
  title={Learning sampling distributions for robot motion planning},
  author={Ichter, Brian and Harrison, James and Pavone, Marco},
  booktitle=icra, 
  pages={7087--7094},
  year={2018},
  organization={IEEE}
}

@article{cortes1995support,
  title={Support-vector networks},
  author={Cortes, Corinna and Vapnik, Vladimir},
  journal={Machine Learning},
  volume={20},
  number={3},
  pages={273--297},
  year={1995},
  publisher={Springer}
}

@article{das2020learning,
  title={Learning-based Proxy Collision Detection for Robot Motion Planning Applications},
  author={Das, Nikhil and Yip, Michael},
  journal=tro,
  year={2020},
  publisher={IEEE}
}

@book{shalev2014understanding,
  title={Understanding machine learning: From theory to algorithms},
  author={Shalev-Shwartz, Shai and Ben-David, Shai},
  year={2014},
  publisher={Cambridge university press}
}

@inproceedings{yu2021reducing,
 author = {Yu, Chenning and Gao, Sicun},
 booktitle = neurips,
 pages = {4274--4289},
 title = {Reducing Collision Checking for Sampling-Based Motion Planning Using Graph Neural Networks},
 volume = {34},
 year = {2021}
}

@inproceedings{zhang2022learning,
 author = {Zhang, Ruipeng and Yu, Chenning and Chen, Jingkai and Fan, Chuchu and Gao, Sicun},
 booktitle = {Advances in Neural Information Processing Systems},
 editor = {S. Koyejo and S. Mohamed and A. Agarwal and D. Belgrave and K. Cho and A. Oh},
 pages = {30003--30015},
 publisher = {Curran Associates, Inc.},
 title = {Learning-based Motion Planning in Dynamic Environments Using {GNN}s and Temporal Encoding},
 volume = {35},
 year = {2022}
}

@article{das2020forward,
  author={Das, Nikhil and Yip, Michael C.},
  journal=ral, 
  title={Forward Kinematics Kernel for Improved Proxy Collision Checking}, 
  year={2020},
  volume={5},
  number={2},
  pages={2349-2356},
  doi={10.1109/LRA.2020.2970645}
}

@article{zou2021online,
author = {ZOU, RUI and LIU, YUBIN and CHU, GUOQING and ZHAO, JIE and CAI, HEGAO},
title = {ONLINE ACTIVE ENSEMBLE LEARNING FOR ROBOT COLLISION DETECTION IN DYNAMIC ENVIRONMENTS},
journal = {Journal of Mechanics in Medicine and Biology},
volume = {21},
number = {04},
pages = {2150035},
year = {2021},
doi = {10.1142/S0219519421500354}
}

@article{shaw2024practicalfinitesamplebounds,
  author       = {Seiji Shaw and
                  Aidan Curtis and
                  Leslie Pack Kaelbling and
                  Tom{\'{a}}s Lozano{-}P{\'{e}}rez and
                  Nicholas Roy},
  title        = {Towards Practical Finite Sample Bounds for Motion Planning in {TAMP}},
  journal      = {CoRR},
  volume       = {abs/2407.17394},
  year         = {2024}
}

@article{garrett2021integrated,
  title={Integrated Task and Motion Planning},
  author={Garrett, Caelan Reed and Chitnis, Rohan and Holladay, Rachel M and Kim, Beomjoon and Silver, Tom and Kaelbling, Leslie Pack and Lozano-P{\'e}rez, Tom{\'a}s},
  journal={Annual Review of Control, Robotics, and Autonomous Systems},
  volume={4},
  pages={265--293},
  year={2021},
  publisher={Annual Reviews}
}

@article{tsao2020sample,
  title={Sample Complexity of Probabilistic Roadmaps via $\varepsilon$-nets},
  author={Tsao, Michael and Solovey, Kiril and Pavone, Marco},
  journal={arXiv preprint arXiv:2006.01173},
  year={2020}
}

@book{vapnik2015uniform,
  title={Uniform convergence of relative frequencies of events to their probabilities},
  author={Vapnik, Vladimir N},
  booktitle={Measures of Complexity},
  pages={11--30},
  year={2015},
  publisher={Springer, Cham}
}

@incollection{HSS17,
  author =       "Dan Halperin and Oren Salzman and Micha Sharir",
  title =      "Algorithmic motion planning",
  booktitle =        "Handbook of Discrete and
                 Computational Geometry",
  editor =       "Csaba D. Toth, Joseph O'Rourke, Jacob E. Goodman",
  chapter = {50},
  year =         "2017",
  pages =        "1307--1338",
  publisher =    "CRC Press, Inc.",
  edition =      "3rd"
}

@book{latombe2012robot,
  title={Robot motion planning},
  author={Latombe, Jean-Claude},
  volume={124},
  year={2012},
  publisher={Springer Science \& Business Media}
}

@article{ZuckerRDPKDBS13,
  author       = {Matthew Zucker and
                  Nathan D. Ratliff and
                  Anca D. Dragan and
                  Mihail Pivtoraiko and
                  Matthew Klingensmith and
                  Christopher M. Dellin and
                  J. Andrew Bagnell and
                  Siddhartha S. Srinivasa},
  title        = {{CHOMP:} Covariant Hamiltonian optimization for motion planning},
  journal      = ijrr,
  volume       = {32},
  number       = {9-10},
  pages        = {1164--1193},
  year         = {2013}
}

@article{CohenCL14,
  author       = {Benjamin J. Cohen and
                  Sachin Chitta and
                  Maxim Likhachev},
  title        = {Single- and dual-arm motion planning with heuristic search},
  journal      = ijrr,
  volume       = {33},
  number       = {2},
  pages        = {305--320},
  year         = {2014}
}

@article{Salzman19,
  author       = {Oren Salzman},
  title        = {Sampling-based robot motion planning},
  journal      = {Commun. {ACM}},
  volume       = {62},
  number       = {10},
  pages        = {54--63},
  year         = {2019}
}

@inproceedings{Hauser15,
  author       = {Kris Hauser},
  title        = {Lazy collision checking in asymptotically-optimal motion planning},
  booktitle    = icra,
  pages        = {2951--2957},
  year         = {2015}
}

@inproceedings{DellinS16,
  author       = {Christopher M. Dellin and
                  Siddhartha S. Srinivasa},
  title        = {A Unifying Formalism for Shortest Path Problems with Expensive Edge
                  Evaluations via Lazy Best-First Search over Paths with Edge Selectors},
  booktitle    = icaps,
  pages        = {459--467},
  year         = {2016}
}

@inproceedings{MandalikaCSS19,
  author       = {Aditya Mandalika and
                  Sanjiban Choudhury and
                  Oren Salzman and
                  Siddhartha S. Srinivasa},
  title        = {Generalized Lazy Search for Robot Motion Planning: Interleaving Search
                  and Edge Evaluation via Event-Based Toggles},
  booktitle    = icaps,
  pages        = {745--753},
  year         = {2019}
}

@inproceedings{DBLP:conf/nips/YuG21,
  author       = {Chenning Yu and
                  Sicun Gao},
  title        = {Reducing Collision Checking for Sampling-Based Motion Planning Using
                  Graph Neural Networks},
  booktitle    = neurips,
  pages        = {4274--4289},
  year         = {2021}
}

@article{mcmahon2022survey,
  title={A survey on the integration of machine learning with sampling-based motion planning},
  author={McMahon, Troy and Sivaramakrishnan, Aravind and Granados, Edgar and Bekris, Kostas E and others},
  journal={Foundations and Trends{\textregistered} in Robotics},
  volume={9},
  number={4},
  pages={266--327},
  year={2022},
  publisher={Now Publishers, Inc.}
}

@article{wang2021survey,
  title={A survey of learning-based robot motion planning},
  author={Wang, Jiankun and Zhang, Tianyi and Ma, Nachuan and Li, Zhaoting and Ma, Han and Meng, Fei and Meng, Max Q-H},
  journal={IET Cyber-Systems and Robotics},
  volume={3},
  number={4},
  pages={302--314},
  year={2021},
  publisher={Wiley Online Library}
}

@article{ZhiDY22,
  author       = {Yuheng Zhi and
                  Nikhil Das and
                  Michael C. Yip},
  title        = {{DiffCo}: Autodifferentiable Proxy Collision Detection With Multiclass
                  Labels for Safety-Aware Trajectory Optimization},
  journal      = tro,
  volume       = {38},
  number       = {5},
  pages        = {2668--2685},
  year         = {2022}
}

@article{munoz2023collisiongp,
  title={CollisionGP: Gaussian process-based collision checking for robot motion planning},
  author={Mu{\~n}oz, Javier and Lehner, Peter and Moreno, Luis E and Albu-Sch{\"a}ffer, Alin and Roa, M{\'a}ximo A},
  journal=ral,
  volume={8},
  number={7},
  pages={4036--4043},
  year={2023},
  publisher={IEEE}
}

@article{DasY20,
  author       = {Nikhil Das and
                  Michael C. Yip},
  title        = {Forward Kinematics Kernel for Improved Proxy Collision Checking},
  journal      = ral,
  volume       = {5},
  number       = {2},
  pages        = {2349--2356},
  year         = {2020}
}

@inproceedings{chase2020neural,
  title={Neural collision clearance estimator for batched motion planning},
  author={Chase Kew, J and Ichter, Brian and Bandari, Maryam and Lee, Tsang-Wei Edward and Faust, Aleksandra},
  booktitle=wafr,
  pages={73--89},
  year={2020},
  organization={Springer}
}

@book{cristianini2000introduction,
  title={An Introduction to Support Vector Machines and other kernel-based learning methods},
  author={Cristianini, Nello},
  year={2000},
  publisher={Cambridge University Press}
}

@article{brown2001interval,
  title={Interval estimation for a binomial proportion},
  author={Brown, Lawrence D and Cai, T Tony and Dasgupta, Anirban},
  journal={Statistical Science},
  volume={16},
  number={2},
  pages={101--133},
  year={2001},
  publisher={Institute of Mathematical Statistics}
}

@article{brown2002confidence,
  title={Confidence intervals for a binomial proportion and asymptotic expansions},
  author={Brown, Lawrence D and Cai, T Tony and Dasgupta, Anirban},
  journal={The Annals of Statistics},
  volume={30},
  number={1},
  pages={160--201},
  year={2002},
  publisher={Institute of Mathematical Statistics}
}

@article{agresti1998approximate,
  title={Approximate is better than ``exact'' for interval estimation of binomial proportions},
  author={Agresti, Alan and Coull, Brent A},
  journal={The American Statistician},
  volume={52},
  number={2},
  pages={119--126},
  year={1998},
  publisher={Taylor \& Francis}
}

@book{Wackerly2008,
  author    = {Dennis Wackerly and William Mendenhall and Richard L. Scheaffer},
  title     = {Mathematical Statistics with Applications},
  edition   = {7th},
  year      = {2008},
  publisher = {Cengage Learning},
  address   = {Belmont, CA},
  pages     = {511--512},
}

@inproceedings{epsNets,
author = {Haussler, D and Welzl, E},
title = {Epsilon-nets and simplex range queries},
year = {1986},
booktitle = {Symposium on Computational Geometry (SOCG)},
pages = {61–71},
numpages = {11}
}

@article{zhou2020graph,
  title={Graph neural networks: A review of methods and applications},
  author={Zhou, Jie and Cui, Ganqu and Hu, Shengding and Zhang, Zhengyan and Yang, Cheng and Liu, Zhiyuan and Wang, Lifeng and Li, Changcheng and Sun, Maosong},
  journal={AI open},
  volume={1},
  pages={57--81},
  year={2020},
  publisher={Elsevier}
}

@article{settles2009active,
  title={Active learning literature survey},
  author={Settles, Burr},
  year={2009},
  publisher={University of Wisconsin-Madison Department of Computer Sciences}
}

@inproceedings{TsaoSP20,
  author       = {Matthew Tsao and
                  Kiril Solovey and
                  Marco Pavone},
  title        = {Sample Complexity of Probabilistic Roadmaps via {\(\epsilon\)}-nets},
  booktitle    = {{IEEE} International Conference on Robotics and Automation},
  pages        = {2196--2202},
  publisher    = {{IEEE}},
  year         = {2020},
}

@article{DayanSPH23,
  author       = {Dror Dayan and
                  Kiril Solovey and
                  Marco Pavone and
                  Dan Halperin},
  title        = {Near-Optimal Multi-Robot Motion Planning with Finite Sampling},
  journal      = {{IEEE} Trans. Robotics},
  volume       = {39},
  number       = {5},
  pages        = {3422--3436},
  year         = {2023}
}

@inproceedings{Li2024,
  author    = {Yiming Li and others},
  title     = {Configuration Space Distance Fields for Manipulation Planning},
  booktitle = {Proceedings of the Robotics: Science and Systems Conference (RSS)},
  year      = {2024}
}

@article{Koptev2022,
  author    = {Mikhail Koptev and Nadia Figueroa and Aude Billard},
  title     = {Neural Joint Space Implicit Signed Distance Functions for Reactive Robot Manipulator Control},
  journal   = {IEEE Robotics and Automation Letters},
  volume    = {8},
  number    = {2},
  pages     = {480--487},
  year      = {2022}
}