@article{Bai2024,
  author       = {Fan Bai and
                  Yuxin Du and
                  Tiejun Huang and
                  Max Qinghu Meng and
                  Bo Zhao},
  title        = {{M3D:} Advancing 3D Medical Image Analysis with Multi-Modal Large
                  Language Models},
  journal      = {CoRR},
  volume       = {abs/2404.00578},
  year         = {2024},
  url          = {https://doi.org/10.48550/arXiv.2404.00578},
  doi          = {10.48550/ARXIV.2404.00578},
  eprinttype    = {arXiv},
  eprint       = {2404.00578},
  timestamp    = {Sun, 06 Oct 2024 21:24:58 +0200},
  biburl       = {https://dblp.org/rec/journals/corr/abs-2404-00578.bib},
  bibsource    = {dblp computer science bibliography, https://dblp.org}
}

@article{Buhnila2024,
  author       = {Ioana Buhnila and
                  Aman Sinha and
                  Mathieu Constant},
  title        = {Retrieve, Generate, Evaluate: {A} Case Study for Medical Paraphrases
                  Generation with Small Language Models},
  journal      = {CoRR},
  volume       = {abs/2407.16565},
  year         = {2024},
  url          = {https://doi.org/10.48550/arXiv.2407.16565},
  doi          = {10.48550/ARXIV.2407.16565},
  eprinttype    = {arXiv},
  eprint       = {2407.16565},
  timestamp    = {Mon, 19 Aug 2024 21:11:20 +0200},
  biburl       = {https://dblp.org/rec/journals/corr/abs-2407-16565.bib},
  bibsource    = {dblp computer science bibliography, https://dblp.org}
}

@article{He2024,
  author       = {Jinlong He and
                  Pengfei Li and
                  Gang Liu and
                  Shenjun Zhong},
  title        = {Parameter-Efficient Fine-Tuning Medical Multimodal Large Language
                  Models for Medical Visual Grounding},
  journal      = {CoRR},
  volume       = {abs/2410.23822},
  year         = {2024},
  url          = {https://doi.org/10.48550/arXiv.2410.23822},
  doi          = {10.48550/ARXIV.2410.23822},
  eprinttype    = {arXiv},
  eprint       = {2410.23822},
  timestamp    = {Fri, 29 Nov 2024 21:16:31 +0100},
  biburl       = {https://dblp.org/rec/journals/corr/abs-2410-23822.bib},
  bibsource    = {dblp computer science bibliography, https://dblp.org}
}

@inproceedings{Kim2024,
  author       = {Yunsoo Kim and
                  Jinge Wu and
                  Yusuf Abdulle and
                  Honghan Wu},
  editor       = {Dina Demner{-}Fushman and
                  Sophia Ananiadou and
                  Makoto Miwa and
                  Kirk Roberts and
                  Junichi Tsujii},
  title        = {MedExQA: Medical Question Answering Benchmark with Multiple Explanations}

@article{Liao2024,
  author       = {Yusheng Liao and
                  Shuyang Jiang and
                  Yu Wang and
                  Yanfeng Wang},
  title        = {{MING-MOE:} Enhancing Medical Multi-Task Learning in Large Language
                  Models with Sparse Mixture of Low-Rank Adapter Experts},
  journal      = {CoRR},
  volume       = {abs/2404.09027},
  year         = {2024},
  url          = {https://doi.org/10.48550/arXiv.2404.09027},
  doi          = {10.48550/ARXIV.2404.09027},
  eprinttype    = {arXiv},
  eprint       = {2404.09027},
  timestamp    = {Fri, 15 Nov 2024 07:55:45 +0100},
  biburl       = {https://dblp.org/rec/journals/corr/abs-2404-09027.bib},
  bibsource    = {dblp computer science bibliography, https://dblp.org}
}

@article{Ma2024,
  author       = {Mingrui Ma and
                  Yu Yang},
  title        = {LLaMA-Reg: Using LLaMA 2 for Unsupervised Medical Image Registration},
  journal      = {CoRR},
  volume       = {abs/2405.18774},
  year         = {2024},
  url          = {https://doi.org/10.48550/arXiv.2405.18774},
  doi          = {10.48550/ARXIV.2405.18774},
  eprinttype    = {arXiv},
  eprint       = {2405.18774},
  timestamp    = {Fri, 21 Jun 2024 22:39:18 +0200},
  biburl       = {https://dblp.org/rec/journals/corr/abs-2405-18774.bib},
  bibsource    = {dblp computer science bibliography, https://dblp.org}
}

@article{Panagoulias2024,
  author       = {Dimitrios P. Panagoulias and
                  Persephone Papatheodosiou and
                  Anastasios P. Palamidas and
                  Mattheos Sanoudos and
                  Evridiki Tsoureli{-}Nikita and
                  Maria Virvou and
                  George A. Tsihrintzis},
  title        = {COGNET-MD, an evaluation framework and dataset for Large Language
                  Model benchmarks in the medical domain},
  journal      = {CoRR},
  volume       = {abs/2405.10893},
  year         = {2024},
  url          = {https://doi.org/10.48550/arXiv.2405.10893},
  doi          = {10.48550/ARXIV.2405.10893},
  eprinttype    = {arXiv},
  eprint       = {2405.10893},
  timestamp    = {Sun, 06 Oct 2024 21:25:09 +0200},
  biburl       = {https://dblp.org/rec/journals/corr/abs-2405-10893.bib},
  bibsource    = {dblp computer science bibliography, https://dblp.org}
}

@article{Wu2024,
  author       = {Jiageng Wu and
                  Xian Wu and
                  Yefeng Zheng and
                  Jie Yang},
  title        = {MedKP: Medical Dialogue with Knowledge Enhancement and Clinical Pathway
                  Encoding},
  journal      = {CoRR},
  volume       = {abs/2403.06611},
  year         = {2024},
  url          = {https://doi.org/10.48550/arXiv.2403.06611},
  doi          = {10.48550/ARXIV.2403.06611},
  eprinttype    = {arXiv},
  eprint       = {2403.06611},
  timestamp    = {Sat, 27 Jul 2024 13:40:52 +0200},
  biburl       = {https://dblp.org/rec/journals/corr/abs-2403-06611.bib},
  bibsource    = {dblp computer science bibliography, https://dblp.org}
}

@article{Zhang2024,
  author       = {Haitao Zhang and
                  Bo An},
  title        = {MedGo: {A} Chinese Medical Large Language Model},
  journal      = {CoRR},
  volume       = {abs/2410.20428},
  year         = {2024},
  url          = {https://doi.org/10.48550/arXiv.2410.20428},
  doi          = {10.48550/ARXIV.2410.20428},
  eprinttype    = {arXiv},
  eprint       = {2410.20428},
  timestamp    = {Thu, 12 Dec 2024 08:59:05 +0100},
  biburl       = {https://dblp.org/rec/journals/corr/abs-2410-20428.bib},
  bibsource    = {dblp computer science bibliography, https://dblp.org}
}

@article{Zhu2023,
  author       = {Wei Zhu and
                  Xiaoling Wang and
                  Huanran Zheng and
                  Mosha Chen and
                  Buzhou Tang},
  title        = {PromptCBLUE: {A} Chinese Prompt Tuning Benchmark for the Medical Domain},
  journal      = {CoRR},
  volume       = {abs/2310.14151},
  year         = {2023},
  url          = {https://doi.org/10.48550/arXiv.2310.14151},
  doi          = {10.48550/ARXIV.2310.14151},
  eprinttype    = {arXiv},
  eprint       = {2310.14151},
  timestamp    = {Fri, 27 Oct 2023 15:01:27 +0200},
  biburl       = {https://dblp.org/rec/journals/corr/abs-2310-14151.bib},
  bibsource    = {dblp computer science bibliography, https://dblp.org}
}

@article{ali2024survey,
  author       = {Wazir Ali and
                  Sampo Pyysalo},
  title        = {A Survey of Large Language Models for European Languages},
  journal      = {CoRR},
  volume       = {abs/2408.15040},
  year         = {2024},
  url          = {https://doi.org/10.48550/arXiv.2408.15040},
  doi          = {10.48550/ARXIV.2408.15040},
  eprinttype    = {arXiv},
  eprint       = {2408.15040},
  timestamp    = {Sat, 28 Sep 2024 20:40:01 +0200},
  biburl       = {https://dblp.org/rec/journals/corr/abs-2408-15040.bib},
  bibsource    = {dblp computer science bibliography, https://dblp.org}
}

@article{chang2024goldfish,
  author       = {Tyler A. Chang and
                  Catherine Arnett and
                  Zhuowen Tu and
                  Benjamin K. Bergen},
  title        = {Goldfish: Monolingual Language Models for 350 Languages},
  journal      = {CoRR},
  volume       = {abs/2408.10441},
  year         = {2024},
  url          = {https://doi.org/10.48550/arXiv.2408.10441},
  doi          = {10.48550/ARXIV.2408.10441},
  eprinttype    = {arXiv},
  eprint       = {2408.10441},
  timestamp    = {Tue, 24 Sep 2024 17:36:31 +0200},
  biburl       = {https://dblp.org/rec/journals/corr/abs-2408-10441.bib},
  bibsource    = {dblp computer science bibliography, https://dblp.org}
}

@article{grindrod2024modelling,
  author       = {Alexander V. Spirov and
                  Ekaterina M. Myasnikova},
  title        = {Linguistic modelling of gene regulation: Translation from the language
                  of experiments to the language of modelling},
  journal      = {{ICT} Express},
  volume       = {5},
  number       = {3},
  pages        = {182--186},
  year         = {2019},
  url          = {https://doi.org/10.1016/j.icte.2018.10.008},
  doi          = {10.1016/J.ICTE.2018.10.008},
  timestamp    = {Tue, 05 Jan 2021 18:09:59 +0100},
  biburl       = {https://dblp.org/rec/journals/ict-express/SpirovM19.bib},
  bibsource    = {dblp computer science bibliography, https://dblp.org}
}

@article{houghton2023psycholinguistics,
  author       = {Conor J. Houghton and
                  Nina Kazanina and
                  Priyanka Sukumaran},
  title        = {Beyond the limitations of any imaginable mechanism: large language
                  models and psycholinguistics},
  journal      = {CoRR},
  volume       = {abs/2303.00077},
  year         = {2023},
  url          = {https://doi.org/10.48550/arXiv.2303.00077},
  doi          = {10.48550/ARXIV.2303.00077},
  eprinttype    = {arXiv},
  eprint       = {2303.00077},
  timestamp    = {Thu, 09 Mar 2023 09:08:53 +0100},
  biburl       = {https://dblp.org/rec/journals/corr/abs-2303-00077.bib},
  bibsource    = {dblp computer science bibliography, https://dblp.org}
}

@article{liu2024bioinformatics,
  author       = {Jiajia Liu and
                  Mengyuan Yang and
                  Yankai Yu and
                  Haixia Xu and
                  Kang Li and
                  Xiaobo Zhou},
  title        = {Large language models in bioinformatics: applications and perspectives},
  journal      = {CoRR},
  volume       = {abs/2401.04155},
  year         = {2024},
  url          = {https://doi.org/10.48550/arXiv.2401.04155},
  doi          = {10.48550/ARXIV.2401.04155},
  eprinttype    = {arXiv},
  eprint       = {2401.04155},
  timestamp    = {Fri, 26 Jan 2024 12:45:12 +0100},
  biburl       = {https://dblp.org/rec/journals/corr/abs-2401-04155.bib},
  bibsource    = {dblp computer science bibliography, https://dblp.org}
}

@article{ma2024llamareg,
  author       = {Mingrui Ma and
                  Yu Yang},
  title        = {LLaMA-Reg: Using LLaMA 2 for Unsupervised Medical Image Registration},
  journal      = {CoRR},
  volume       = {abs/2405.18774},
  year         = {2024},
  url          = {https://doi.org/10.48550/arXiv.2405.18774},
  doi          = {10.48550/ARXIV.2405.18774},
  eprinttype    = {arXiv},
  eprint       = {2405.18774},
  timestamp    = {Fri, 21 Jun 2024 22:39:18 +0200},
  biburl       = {https://dblp.org/rec/journals/corr/abs-2405-18774.bib},
  bibsource    = {dblp computer science bibliography, https://dblp.org}
}

@article{mueller2022cedille,
  author       = {Martin M{\"{u}}ller and
                  Florian Laurent},
  title        = {Cedille: {A} large autoregressive French language model},
  journal      = {CoRR},
  volume       = {abs/2202.03371},
  year         = {2022},
  url          = {https://arxiv.org/abs/2202.03371},
  eprinttype    = {arXiv},
  eprint       = {2202.03371},
  timestamp    = {Wed, 09 Feb 2022 15:43:35 +0100},
  biburl       = {https://dblp.org/rec/journals/corr/abs-2202-03371.bib},
  bibsource    = {dblp computer science bibliography, https://dblp.org}
}

@article{nicholas2023lost,
  author       = {Gabriel Nicholas and
                  Aliya Bhatia},
  title        = {Lost in Translation: Large Language Models in Non-English Content
                  Analysis},
  journal      = {CoRR},
  volume       = {abs/2306.07377},
  year         = {2023},
  url          = {https://doi.org/10.48550/arXiv.2306.07377},
  doi          = {10.48550/ARXIV.2306.07377},
  eprinttype    = {arXiv},
  eprint       = {2306.07377},
  timestamp    = {Sat, 17 Jun 2023 18:52:05 +0200},
  biburl       = {https://dblp.org/rec/journals/corr/abs-2306-07377.bib},
  bibsource    = {dblp computer science bibliography, https://dblp.org}
}

@inproceedings{ojo2023african,
  author       = {Jessica Ojo and
                  Kelechi Ogueji},
  title        = {How good are Commercial Large Language Models on African Languages?}

@article{veres2022limitations,
  author       = {Csaba Veres},
  title        = {A Precis of Language Models are not Models of Language},
  journal      = {CoRR},
  volume       = {abs/2205.07634},
  year         = {2022},
  url          = {https://doi.org/10.48550/arXiv.2205.07634},
  doi          = {10.48550/ARXIV.2205.07634},
  eprinttype    = {arXiv},
  eprint       = {2205.07634},
  timestamp    = {Wed, 18 May 2022 10:38:32 +0200},
  biburl       = {https://dblp.org/rec/journals/corr/abs-2205-07634.bib},
  bibsource    = {dblp computer science bibliography, https://dblp.org}
}

@inproceedings{zhou2021triple,
  title={Triple sequence generative adversarial nets for unsupervised image captioning},
  author={Zhou, Yucheng and Tao, Wei and Zhang, Wenqiang},
  booktitle={ICASSP 2021-2021 IEEE International Conference on Acoustics, Speech and Signal Processing (ICASSP)},
  pages={7598--7602},
  year={2021},
  organization={IEEE}
}

@inproceedings{zhou2022claret,
  title={ClarET: Pre-training a Correlation-Aware Context-To-Event Transformer for Event-Centric Generation and Classification},
  author={Zhou, Yucheng and Shen, Tao and Geng, Xiubo and Long, Guodong and Jiang, Daxin},
  booktitle={Proceedings of the 60th Annual Meeting of the Association for Computational Linguistics (Volume 1: Long Papers)},
  pages={2559--2575},
  year={2022}
}

@inproceedings{zhou2022eventbert,
  title={Eventbert: A pre-trained model for event correlation reasoning},
  author={Zhou, Yucheng and Geng, Xiubo and Shen, Tao and Long, Guodong and Jiang, Daxin},
  booktitle={Proceedings of the ACM Web Conference 2022},
  pages={850--859},
  year={2022}
}

@article{zhou2023thread,
  title={Thread of thought unraveling chaotic contexts},
  author={Zhou, Yucheng and Geng, Xiubo and Shen, Tao and Tao, Chongyang and Long, Guodong and Lou, Jian-Guang and Shen, Jianbing},
  journal={arXiv preprint arXiv:2311.08734},
  year={2023}
}

