@article{balaji2022ediff,
  title={ediff-i: Text-to-image diffusion models with an ensemble of expert denoisers},
  author={Balaji, Yogesh and Nah, Seungjun and Huang, Xun and Vahdat, Arash and Song, Jiaming and Zhang, Qinsheng and Kreis, Karsten and Aittala, Miika and Aila, Timo and Laine, Samuli and others},
  journal={arXiv preprint arXiv:2211.01324},
  year={2022}
}

@article{belouadi2023automatikz,
  title={Automatikz: Text-guided synthesis of scientific vector graphics with tikz},
  author={Belouadi, Jonas and Lauscher, Anne and Eger, Steffen},
  journal={arXiv preprint arXiv:2310.00367},
  year={2023}
}

@article{bie2024renaissance,
  title={Renaissance: A survey into ai text-to-image generation in the era of large model},
  author={Bie, Fengxiang and Yang, Yibo and Zhou, Zhongzhu and Ghanem, Adam and Zhang, Minjia and Yao, Zhewei and Wu, Xiaoxia and Holmes, Connor and Golnari, Pareesa and Clifton, David A and others},
  journal={IEEE Transactions on Pattern Analysis and Machine Intelligence},
  year={2024},
  publisher={IEEE}
}

@article{btoush2015generating,
  title={Generating ER diagrams from requirement specifications based on natural language processing},
  author={Btoush, Eman S and Hammad, Mustafa M},
  journal={International Journal of Database Theory and Application},
  volume={8},
  number={2},
  pages={61--70},
  year={2015}
}

@inproceedings{chatterjee2024getting,
  title={Getting it right: Improving spatial consistency in text-to-image models},
  author={Chatterjee, Agneet and Stan, Gabriela Ben Melech and Aflalo, Estelle and Paul, Sayak and Ghosh, Dhruba and Gokhale, Tejas and Schmidt, Ludwig and Hajishirzi, Hannaneh and Lal, Vasudev and Baral, Chitta and others},
  booktitle={European Conference on Computer Vision},
  pages={204--222},
  year={2024},
  organization={Springer}
}

@inproceedings{chatterjee2024revision,
  title={Revision: Rendering tools enable spatial fidelity in vision-language models},
  author={Chatterjee, Agneet and Luo, Yiran and Gokhale, Tejas and Yang, Yezhou and Baral, Chitta},
  booktitle={European Conference on Computer Vision},
  pages={339--357},
  year={2024},
  organization={Springer}
}

@article{chefer2023attend,
  title={Attend-and-excite: Attention-based semantic guidance for text-to-image diffusion models},
  author={Chefer, Hila and Alaluf, Yuval and Vinker, Yael and Wolf, Lior and Cohen-Or, Daniel},
  journal={ACM Transactions on Graphics (TOG)},
  volume={42},
  number={4},
  pages={1--10},
  year={2023},
  publisher={ACM New York, NY, USA}
}

@article{chowdhery2023palm,
  title={Palm: Scaling language modeling with pathways},
  author={Chowdhery, Aakanksha and Narang, Sharan and Devlin, Jacob and Bosma, Maarten and Mishra, Gaurav and Roberts, Adam and Barham, Paul and Chung, Hyung Won and Sutton, Charles and Gehrmann, Sebastian and others},
  journal={Journal of Machine Learning Research},
  volume={24},
  number={240},
  pages={1--113},
  year={2023}
}

@article{chung2024scaling,
  title={Scaling instruction-finetuned language models},
  author={Chung, Hyung Won and Hou, Le and Longpre, Shayne and Zoph, Barret and Tay, Yi and Fedus, William and Li, Yunxuan and Wang, Xuezhi and Dehghani, Mostafa and Brahma, Siddhartha and others},
  journal={Journal of Machine Learning Research},
  volume={25},
  number={70},
  pages={1--53},
  year={2024}
}

@inproceedings{couairon2023zero,
  title={Zero-shot spatial layout conditioning for text-to-image diffusion models},
  author={Couairon, Guillaume and Careil, Marlene and Cord, Matthieu and Lathuiliere, St{\'e}phane and Verbeek, Jakob},
  booktitle={Proceedings of the IEEE/CVF International Conference on Computer Vision},
  pages={2174--2183},
  year={2023}
}

@article{ding2021cogview,
  title={Cogview: Mastering text-to-image generation via transformers},
  author={Ding, Ming and Yang, Zhuoyi and Hong, Wenyi and Zheng, Wendi and Zhou, Chang and Yin, Da and Lin, Junyang and Zou, Xu and Shao, Zhou and Yang, Hongxia and others},
  journal={Advances in neural information processing systems},
  volume={34},
  pages={19822--19835},
  year={2021}
}

@article{fan2024fluid,
  title={Fluid: Scaling autoregressive text-to-image generative models with continuous tokens},
  author={Fan, Lijie and Li, Tianhong and Qin, Siyang and Li, Yuanzhen and Sun, Chen and Rubinstein, Michael and Sun, Deqing and He, Kaiming and Tian, Yonglong},
  journal={arXiv preprint arXiv:2410.13863},
  year={2024}
}

@article{feng2022training,
  title={Training-free structured diffusion guidance for compositional text-to-image synthesis},
  author={Feng, Weixi and He, Xuehai and Fu, Tsu-Jui and Jampani, Varun and Akula, Arjun and Narayana, Pradyumna and Basu, Sugato and Wang, Xin Eric and Wang, William Yang},
  journal={arXiv preprint arXiv:2212.05032},
  year={2022}
}

@article{fried2022incoder,
  title={Incoder: A generative model for code infilling and synthesis},
  author={Fried, Daniel and Aghajanyan, Armen and Lin, Jessy and Wang, Sida and Wallace, Eric and Shi, Freda and Zhong, Ruiqi and Yih, Wen-tau and Zettlemoyer, Luke and Lewis, Mike},
  journal={arXiv preprint arXiv:2204.05999},
  year={2022}
}

@inproceedings{gafni2022make,
  title={Make-a-scene: Scene-based text-to-image generation with human priors},
  author={Gafni, Oran and Polyak, Adam and Ashual, Oron and Sheynin, Shelly and Parikh, Devi and Taigman, Yaniv},
  booktitle={European Conference on Computer Vision},
  pages={89--106},
  year={2022},
  organization={Springer}
}

@inproceedings{ghosh2018automated,
  title={Automated generation of er diagram from a given text in natural language},
  author={Ghosh, Sutirtha and Mukherjee, Prasenjit and Chakraborty, Baisakhi and Bashar, Rezaul},
  booktitle={2018 International Conference on Machine Learning and Data Engineering (iCMLDE)},
  pages={91--96},
  year={2018},
  organization={IEEE}
}

@article{gokhale2022benchmarking,
  title={Benchmarking spatial relationships in text-to-image generation},
  author={Gokhale, Tejas and Palangi, Hamid and Nushi, Besmira and Vineet, Vibhav and Horvitz, Eric and Kamar, Ece and Baral, Chitta and Yang, Yezhou},
  journal={arXiv preprint arXiv:2212.10015},
  year={2022}
}

@article{goodfellow2020generative,
  title={Generative adversarial networks},
  author={Goodfellow, Ian and Pouget-Abadie, Jean and Mirza, Mehdi and Xu, Bing and Warde-Farley, David and Ozair, Sherjil and Courville, Aaron and Bengio, Yoshua},
  journal={Communications of the ACM},
  volume={63},
  number={11},
  pages={139--144},
  year={2020},
  publisher={ACM New York, NY, USA}
}

@inproceedings{gu2022vector,
  title={Vector quantized diffusion model for text-to-image synthesis},
  author={Gu, Shuyang and Chen, Dong and Bao, Jianmin and Wen, Fang and Zhang, Bo and Chen, Dongdong and Yuan, Lu and Guo, Baining},
  booktitle={Proceedings of the IEEE/CVF conference on computer vision and pattern recognition},
  pages={10696--10706},
  year={2022}
}

@article{guo2024deepseek,
  title={DeepSeek-Coder: When the Large Language Model Meets Programming--The Rise of Code Intelligence},
  author={Guo, Daya and Zhu, Qihao and Yang, Dejian and Xie, Zhenda and Dong, Kai and Zhang, Wentao and Chen, Guanting and Bi, Xiao and Wu, Yu and Li, YK and others},
  journal={arXiv preprint arXiv:2401.14196},
  year={2024}
}

@article{hui2024qwen2,
  title={Qwen2. 5-coder technical report},
  author={Hui, Binyuan and Yang, Jian and Cui, Zeyu and Yang, Jiaxi and Liu, Dayiheng and Zhang, Lei and Liu, Tianyu and Zhang, Jiajun and Yu, Bowen and Lu, Keming and others},
  journal={arXiv preprint arXiv:2409.12186},
  year={2024}
}

@article{jia2024human,
  title={Human image generation: A comprehensive survey},
  author={Jia, Zhen and Zhang, Zhang and Wang, Liang and Tan, Tieniu},
  journal={ACM Computing Surveys},
  volume={56},
  number={11},
  pages={1--39},
  year={2024},
  publisher={ACM New York, NY}
}

@article{li2022competition,
  title={Competition-level code generation with alphacode},
  author={Li, Yujia and Choi, David and Chung, Junyoung and Kushman, Nate and Schrittwieser, Julian and Leblond, R{\'e}mi and Eccles, Tom and Keeling, James and Gimeno, Felix and Dal Lago, Agustin and others},
  journal={Science},
  volume={378},
  number={6624},
  pages={1092--1097},
  year={2022},
  publisher={American Association for the Advancement of Science}
}

@inproceedings{li2023gligen,
  title={Gligen: Open-set grounded text-to-image generation},
  author={Li, Yuheng and Liu, Haotian and Wu, Qingyang and Mu, Fangzhou and Yang, Jianwei and Gao, Jianfeng and Li, Chunyuan and Lee, Yong Jae},
  booktitle={Proceedings of the IEEE/CVF Conference on Computer Vision and Pattern Recognition},
  pages={22511--22521},
  year={2023}
}

@article{ma2024star,
  title={STAR: Scale-wise Text-to-image generation via Auto-Regressive representations},
  author={Ma, Xiaoxiao and Zhou, Mohan and Liang, Tao and Bai, Yalong and Zhao, Tiejun and Chen, Huaian and Jin, Yi},
  journal={arXiv preprint arXiv:2406.10797},
  year={2024}
}

@article{mann2020language,
  title={Language models are few-shot learners},
  author={Mann, Ben and Ryder, N and Subbiah, M and Kaplan, J and Dhariwal, P and Neelakantan, A and Shyam, P and Sastry, G and Askell, A and Agarwal, S and others},
  journal={arXiv preprint arXiv:2005.14165},
  volume={1},
  year={2020}
}

@article{nichol2021glide,
  title={Glide: Towards photorealistic image generation and editing with text-guided diffusion models},
  author={Nichol, Alex and Dhariwal, Prafulla and Ramesh, Aditya and Shyam, Pranav and Mishkin, Pamela and McGrew, Bob and Sutskever, Ilya and Chen, Mark},
  journal={arXiv preprint arXiv:2112.10741},
  year={2021}
}

@article{openai2024gpt,
  title={Gpt-4 technical report, 2024},
  author={OpenAI, Josh Achiam and Adler, Steven and Agarwal, Sandhini and Ahmad, Lama and Akkaya, Ilge and Aleman, Florencia Leoni and Almeida, Diogo and Altenschmidt, Janko and Altman, Sam and Anadkat, Shyamal and others},
  journal={URL https://arxiv. org/abs/2303.08774},
  volume={2},
  pages={6},
  year={2024}
}

@inproceedings{parihar2024precisecontrol,
  title={Precisecontrol: Enhancing text-to-image diffusion models with fine-grained attribute control},
  author={Parihar, Rishubh and Sachidanand, VS and Mani, Sabariswaran and Karmali, Tejan and Venkatesh Babu, R},
  booktitle={European Conference on Computer Vision},
  pages={469--487},
  year={2024},
  organization={Springer}
}

@inproceedings{ramesh2021zero,
  title={Zero-shot text-to-image generation},
  author={Ramesh, Aditya and Pavlov, Mikhail and Goh, Gabriel and Gray, Scott and Voss, Chelsea and Radford, Alec and Chen, Mark and Sutskever, Ilya},
  booktitle={International conference on machine learning},
  pages={8821--8831},
  year={2021},
  organization={Pmlr}
}

@article{ramesh2022hierarchical,
  title={Hierarchical text-conditional image generation with clip latents},
  author={Ramesh, Aditya and Dhariwal, Prafulla and Nichol, Alex and Chu, Casey and Chen, Mark},
  journal={arXiv preprint arXiv:2204.06125},
  volume={1},
  number={2},
  pages={3},
  year={2022}
}

@inproceedings{reed2016generative,
  title={Generative adversarial text to image synthesis},
  author={Reed, Scott and Akata, Zeynep and Yan, Xinchen and Logeswaran, Lajanugen and Schiele, Bernt and Lee, Honglak},
  booktitle={International conference on machine learning},
  pages={1060--1069},
  year={2016},
  organization={PMLR}
}

@inproceedings{rombach2022high,
  title={High-resolution image synthesis with latent diffusion models},
  author={Rombach, Robin and Blattmann, Andreas and Lorenz, Dominik and Esser, Patrick and Ommer, Bj{\"o}rn},
  booktitle={Proceedings of the IEEE/CVF conference on computer vision and pattern recognition},
  pages={10684--10695},
  year={2022}
}

@article{roziere2023code,
  title={Code llama: Open foundation models for code},
  author={Roziere, Baptiste and Gehring, Jonas and Gloeckle, Fabian and Sootla, Sten and Gat, Itai and Tan, Xiaoqing Ellen and Adi, Yossi and Liu, Jingyu and Sauvestre, Romain and Remez, Tal and others},
  journal={arXiv preprint arXiv:2308.12950},
  year={2023}
}

@article{saharia2022photorealistic,
  title={Photorealistic text-to-image diffusion models with deep language understanding},
  author={Saharia, Chitwan and Chan, William and Saxena, Saurabh and Li, Lala and Whang, Jay and Denton, Emily L and Ghasemipour, Kamyar and Gontijo Lopes, Raphael and Karagol Ayan, Burcu and Salimans, Tim and others},
  journal={Advances in neural information processing systems},
  volume={35},
  pages={36479--36494},
  year={2022}
}

@article{shahbaz2011automatic,
  title={Automatic generation of extended er diagram using natural language processing},
  author={Shahbaz, Muhammad and Ahsan, Syed and Shaheen, Muhammad and Nawab, Rao Muhammad Adeel and Masood, Syed Athar},
  journal={Journal of American Science},
  volume={7},
  number={8},
  pages={1--10},
  year={2011}
}

@inproceedings{singh2023high,
  title={High-fidelity guided image synthesis with latent diffusion models},
  author={Singh, Jaskirat and Gould, Stephen and Zheng, Liang},
  booktitle={2023 IEEE/CVF Conference on Computer Vision and Pattern Recognition (CVPR)},
  pages={5997--6006},
  year={2023},
  organization={IEEE}
}

@inproceedings{tao2022df,
  title={Df-gan: A simple and effective baseline for text-to-image synthesis},
  author={Tao, Ming and Tang, Hao and Wu, Fei and Jing, Xiao-Yuan and Bao, Bing-Kun and Xu, Changsheng},
  booktitle={Proceedings of the IEEE/CVF conference on computer vision and pattern recognition},
  pages={16515--16525},
  year={2022}
}

@article{touvron2023llama,
  title={Llama: Open and efficient foundation language models},
  author={Touvron, Hugo and Lavril, Thibaut and Izacard, Gautier and Martinet, Xavier and Lachaux, Marie-Anne and Lacroix, Timoth{\'e}e and Rozi{\`e}re, Baptiste and Goyal, Naman and Hambro, Eric and Azhar, Faisal and others},
  journal={arXiv preprint arXiv:2302.13971},
  year={2023}
}

@article{touvron2023llama1,
  title={Llama 2: Open foundation and fine-tuned chat models},
  author={Touvron, Hugo and Martin, Louis and Stone, Kevin and Albert, Peter and Almahairi, Amjad and Babaei, Yasmine and Bashlykov, Nikolay and Batra, Soumya and Bhargava, Prajjwal and Bhosale, Shruti and others},
  journal={arXiv preprint arXiv:2307.09288},
  year={2023}
}

@article{wei2024words,
  title={From Words to Structured Visuals: A Benchmark and Framework for Text-to-Diagram Generation and Editing},
  author={Wei, Jingxuan and Tan, Cheng and Chen, Qi and Wu, Gaowei and Li, Siyuan and Gao, Zhangyang and Sun, Linzhuang and Yu, Bihui and Guo, Ruifeng},
  journal={arXiv preprint arXiv:2411.11916},
  year={2024}
}

@inproceedings{xie2023boxdiff,
  title={Boxdiff: Text-to-image synthesis with training-free box-constrained diffusion},
  author={Xie, Jinheng and Li, Yuexiang and Huang, Yawen and Liu, Haozhe and Zhang, Wentian and Zheng, Yefeng and Shou, Mike Zheng},
  booktitle={Proceedings of the IEEE/CVF International Conference on Computer Vision},
  pages={7452--7461},
  year={2023}
}

@inproceedings{xu2018attngan,
  title={Attngan: Fine-grained text to image generation with attentional generative adversarial networks},
  author={Xu, Tao and Zhang, Pengchuan and Huang, Qiuyuan and Zhang, Han and Gan, Zhe and Huang, Xiaolei and He, Xiaodong},
  booktitle={Proceedings of the IEEE conference on computer vision and pattern recognition},
  pages={1316--1324},
  year={2018}
}

@inproceedings{yang2023reco,
  title={Reco: Region-controlled text-to-image generation},
  author={Yang, Zhengyuan and Wang, Jianfeng and Gan, Zhe and Li, Linjie and Lin, Kevin and Wu, Chenfei and Duan, Nan and Liu, Zicheng and Liu, Ce and Zeng, Michael and others},
  booktitle={Proceedings of the IEEE/CVF Conference on Computer Vision and Pattern Recognition},
  pages={14246--14255},
  year={2023}
}

@article{yu2022scaling,
  title={Scaling autoregressive models for content-rich text-to-image generation},
  author={Yu, Jiahui and Xu, Yuanzhong and Koh, Jing Yu and Luong, Thang and Baid, Gunjan and Wang, Zirui and Vasudevan, Vijay and Ku, Alexander and Yang, Yinfei and Ayan, Burcu Karagol and others},
  journal={arXiv preprint arXiv:2206.10789},
  volume={2},
  number={3},
  pages={5},
  year={2022}
}

@article{zala2023diagrammergpt,
  title={DiagrammerGPT: Generating Open-Domain, Open-Platform Diagrams via LLM Planning},
  author={Zala, Abhay and Lin, Han and Cho, Jaemin and Bansal, Mohit},
  journal={arXiv preprint arXiv:2310.12128},
  year={2023}
}

@inproceedings{zhang2017stackgan,
  title={Stackgan: Text to photo-realistic image synthesis with stacked generative adversarial networks},
  author={Zhang, Han and Xu, Tao and Li, Hongsheng and Zhang, Shaoting and Wang, Xiaogang and Huang, Xiaolei and Metaxas, Dimitris N},
  booktitle={Proceedings of the IEEE international conference on computer vision},
  pages={5907--5915},
  year={2017}
}

@article{zhang2018stackgan++,
  title={Stackgan++: Realistic image synthesis with stacked generative adversarial networks},
  author={Zhang, Han and Xu, Tao and Li, Hongsheng and Zhang, Shaoting and Wang, Xiaogang and Huang, Xiaolei and Metaxas, Dimitris N},
  journal={IEEE transactions on pattern analysis and machine intelligence},
  volume={41},
  number={8},
  pages={1947--1962},
  year={2018},
  publisher={IEEE}
}

@inproceedings{zhang2021cross,
  title={Cross-modal contrastive learning for text-to-image generation},
  author={Zhang, Han and Koh, Jing Yu and Baldridge, Jason and Lee, Honglak and Yang, Yinfei},
  booktitle={Proceedings of the IEEE/CVF conference on computer vision and pattern recognition},
  pages={833--842},
  year={2021}
}

@article{zhang2023text,
  title={Text-to-image diffusion models in generative ai: A survey},
  author={Zhang, Chenshuang and Zhang, Chaoning and Zhang, Mengchun and Kweon, In So},
  journal={arXiv preprint arXiv:2303.07909},
  year={2023}
}

@inproceedings{zhengyu2023precise,
  title={A Precise Text-to-Diagram Generation Method for Elementary Geometry},
  author={Zhengyu, Hu and Xiuqin, Zhong},
  booktitle={2023 20th International Computer Conference on Wavelet Active Media Technology and Information Processing (ICCWAMTIP)},
  pages={1--7},
  year={2023},
  organization={IEEE}
}

