@INPROCEEDINGS{10172658,
  author={Ul Haq, Fitash and Shin, Donghwan and Briand, Lionel C.},
  booktitle={2023 IEEE/ACM 45th International Conference on Software Engineering (ICSE)}, 
  title={Many-Objective Reinforcement Learning for Online Testing of DNN-Enabled Systems}, 
  year={2023},
  volume={},
  number={},
  pages={1814-1826},
  keywords={Q-learning;Systems operation;Scalability;Lighting;Search problems;Safety;Task analysis;DNN Testing;Reinforcement learning;Many objective search;Self-driving cars;Online testing},
  doi={10.1109/ICSE48619.2023.00155}}

@ARTICLE{10234383,
  author={Huai, Yuqi and Almanee, Sumaya and Chen, Yuntianyi and Wu, Xiafa and Chen, Qi Alfred and Garcia, Joshua},
  journal={IEEE Transactions on Software Engineering}, 
  title={scenoRITA: Generating Diverse, Fully Mutable, Test Scenarios for Autonomous Vehicle Planning}, 
  year={2023},
  volume={49},
  number={10},
  pages={4656-4676},
  keywords={Automobiles;Accidents;Safety;Trajectory;Test pattern generators;Manuals;Web and internet services;Embedded/cyber-physical systems;search-based software engineering;software testing},
  doi={10.1109/TSE.2023.3309610}}

@ARTICLE{10645815,
  author={Lu, Chengjie and Ali, Shaukat and Yue, Tao},
  journal={IEEE Transactions on Software Engineering}, 
  title={EpiTESTER: Testing Autonomous Vehicles with Epigenetic Algorithm and Attention Mechanism}, 
  year={2024},
  volume={},
  number={},
  pages={1-19},
  keywords={Epigenetics;Testing;Genetic algorithms;Attention mechanisms;Transformers;Feature extraction;Pedestrians;Autonomous Vehicle Testing;Epigenetic Algorithm;Attention Mechanism},
  doi={10.1109/TSE.2024.3449429}}

@INPROCEEDINGS{8500400,
  author={Koren, Mark and Alsaif, Saud and Lee, Ritchie and Kochenderfer, Mykel J.},
  booktitle={2018 IEEE Intelligent Vehicles Symposium (IV)}, 
  title={Adaptive Stress Testing for Autonomous Vehicles}, 
  year={2018},
  volume={},
  number={},
  pages={1-7},
  keywords={Autonomous vehicles;Sensors;Testing;Markov processes;Roads;Stress;Monte Carlo methods},
  doi={10.1109/IVS.2018.8500400}}

@inproceedings{abdessalem2018testing,
  title={Testing vision-based control systems using learnable evolutionary algorithms},
  author={Abdessalem, Raja Ben and Nejati, Shiva and Briand, Lionel C and Stifter, Thomas},
  booktitle={Proceedings of the 40th International Conference on Software Engineering},
  pages={1016--1026},
  year={2018}
}

@inproceedings{ben2016testing,
  title={Testing advanced driver assistance systems using multi-objective search and neural networks},
  author={Ben Abdessalem, Raja and Nejati, Shiva and Briand, Lionel C and Stifter, Thomas},
  booktitle={Proceedings of the 31st IEEE/ACM international conference on automated software engineering},
  pages={63--74},
  year={2016}
}

@article{chen2021adversarial,
  title={Adversarial evaluation of autonomous vehicles in lane-change scenarios},
  author={Chen, Baiming and Chen, Xiang and Wu, Qiong and Li, Liang},
  journal={IEEE transactions on intelligent transportation systems},
  volume={23},
  number={8},
  pages={10333--10342},
  year={2021},
  publisher={IEEE}
}

@article{deb2002fast,
  title={A fast and elitist multiobjective genetic algorithm: NSGA-II},
  author={Deb, Kalyanmoy and Pratap, Amrit and Agarwal, Sameer and Meyarivan, TAMT},
  journal={IEEE transactions on evolutionary computation},
  volume={6},
  number={2},
  pages={182--197},
  year={2002},
  publisher={IEEE}
}

@inproceedings{doreste2024adversarial,
  title={Adversarial testing with reinforcement learning: A case study on autonomous driving},
  author={Doreste, Andr{\'e}a and Biagiola, Matteo and Tonella, Paolo},
  booktitle={2024 IEEE Conference on Software Testing, Verification and Validation (ICST)},
  pages={293--304},
  year={2024},
  organization={IEEE}
}

@article{feng2023dense,
  title={Dense reinforcement learning for safety validation of autonomous vehicles},
  author={Feng, Shuo and Sun, Haowei and Yan, Xintao and Zhu, Haojie and Zou, Zhengxia and Shen, Shengyin and Liu, Henry X},
  journal={Nature},
  volume={615},
  number={7953},
  pages={620--627},
  year={2023},
  publisher={Nature Publishing Group UK London}
}

@inproceedings{haq2022efficient,
  title={Efficient online testing for DNN-enabled systems using surrogate-assisted and many-objective optimization},
  author={Haq, Fitash Ul and Shin, Donghwan and Briand, Lionel},
  booktitle={Proceedings of the 44th international conference on software engineering},
  pages={811--822},
  year={2022}
}

@inproceedings{li2020av,
  title={Av-fuzzer: Finding safety violations in autonomous driving systems},
  author={Li, Guanpeng and Li, Yiran and Jha, Saurabh and Tsai, Timothy and Sullivan, Michael and Hari, Siva Kumar Sastry and Kalbarczyk, Zbigniew and Iyer, Ravishankar},
  booktitle={2020 IEEE 31st international symposium on software reliability engineering (ISSRE)},
  pages={25--36},
  year={2020},
  organization={IEEE}
}

@article{lu2022learning,
  title={Learning configurations of operating environment of autonomous vehicles to maximize their collisions},
  author={Lu, Chengjie and Shi, Yize and Zhang, Huihui and Zhang, Man and Wang, Tiexin and Yue, Tao and Ali, Shaukat},
  journal={IEEE Transactions on Software Engineering},
  volume={49},
  number={1},
  pages={384--402},
  year={2022},
  publisher={IEEE}
}

@inproceedings{sun2022lawbreaker,
  title={LawBreaker: An approach for specifying traffic laws and fuzzing autonomous vehicles},
  author={Sun, Yang and Poskitt, Christopher M and Sun, Jun and Chen, Yuqi and Yang, Zijiang},
  booktitle={Proceedings of the 37th IEEE/ACM International Conference on Automated Software Engineering},
  pages={1--12},
  year={2022}
}

@article{zhong2022neural,
  title={Neural network guided evolutionary fuzzing for finding traffic violations of autonomous vehicles},
  author={Zhong, Ziyuan and Kaiser, Gail and Ray, Baishakhi},
  journal={IEEE Transactions on Software Engineering},
  volume={49},
  number={4},
  pages={1860--1875},
  year={2022},
  publisher={IEEE}
}

@article{zhou2023specification,
  title={Specification-based autonomous driving system testing},
  author={Zhou, Yuan and Sun, Yang and Tang, Yun and Chen, Yuqi and Sun, Jun and Poskitt, Christopher M and Liu, Yang and Yang, Zijiang},
  journal={IEEE Transactions on Software Engineering},
  volume={49},
  number={6},
  pages={3391--3410},
  year={2023},
  publisher={IEEE}
}

