

@book{sutton2018reinforcement,
  title={Reinforcement learning: An introduction},
  author={Sutton, Richard S and Barto, Andrew G},
  year={2018},
  publisher={MIT press}
}

@inproceedings{doreste2024adversarial,
  title={Adversarial testing with reinforcement learning: A case study on autonomous driving},
  author={Doreste, Andr{\'e}a and Biagiola, Matteo and Tonella, Paolo},
  booktitle={2024 IEEE Conference on Software Testing, Verification and Validation (ICST)},
  pages={293--304},
  year={2024},
  organization={IEEE}
}

@article{zhang2022finding,
  title={Finding critical scenarios for automated driving systems: A systematic mapping study},
  author={Zhang, Xinhai and Tao, Jianbo and Tan, Kaige and T{\"o}rngren, Martin and S{\'a}nchez, Jos{\'e} Manuel Gaspar and Ramli, Muhammad Rusyadi and Tao, Xin and Gyllenhammar, Magnus and Wotawa, Franz and Mohan, Naveen and others},
  journal={IEEE Transactions on Software Engineering},
  volume={49},
  number={3},
  pages={991--1026},
  year={2022},
  publisher={IEEE}
}

@article{lu2022learning,
  title={Learning configurations of operating environment of autonomous vehicles to maximize their collisions},
  author={Lu, Chengjie and Shi, Yize and Zhang, Huihui and Zhang, Man and Wang, Tiexin and Yue, Tao and Ali, Shaukat},
  journal={IEEE Transactions on Software Engineering},
  volume={49},
  number={1},
  pages={384--402},
  year={2022},
  publisher={IEEE}
}

@ARTICLE{10645815,
  author={Lu, Chengjie and Ali, Shaukat and Yue, Tao},
  journal={IEEE Transactions on Software Engineering}, 
  title={EpiTESTER: Testing Autonomous Vehicles with Epigenetic Algorithm and Attention Mechanism}, 
  year={2024},
  volume={},
  number={},
  pages={1-19},
  keywords={Epigenetics;Testing;Genetic algorithms;Attention mechanisms;Transformers;Feature extraction;Pedestrians;Autonomous Vehicle Testing;Epigenetic Algorithm;Attention Mechanism},
  doi={10.1109/TSE.2024.3449429}}

@INPROCEEDINGS{10172658,
  author={Ul Haq, Fitash and Shin, Donghwan and Briand, Lionel C.},
  booktitle={2023 IEEE/ACM 45th International Conference on Software Engineering (ICSE)}, 
  title={Many-Objective Reinforcement Learning for Online Testing of DNN-Enabled Systems}, 
  year={2023},
  volume={},
  number={},
  pages={1814-1826},
  keywords={Q-learning;Systems operation;Scalability;Lighting;Search problems;Safety;Task analysis;DNN Testing;Reinforcement learning;Many objective search;Self-driving cars;Online testing},
  doi={10.1109/ICSE48619.2023.00155}}

@ARTICLE{10234383,
  author={Huai, Yuqi and Almanee, Sumaya and Chen, Yuntianyi and Wu, Xiafa and Chen, Qi Alfred and Garcia, Joshua},
  journal={IEEE Transactions on Software Engineering}, 
  title={scenoRITA: Generating Diverse, Fully Mutable, Test Scenarios for Autonomous Vehicle Planning}, 
  year={2023},
  volume={49},
  number={10},
  pages={4656-4676},
  keywords={Automobiles;Accidents;Safety;Trajectory;Test pattern generators;Manuals;Web and internet services;Embedded/cyber-physical systems;search-based software engineering;software testing},
  doi={10.1109/TSE.2023.3309610}}

@inproceedings{dosovitskiy2017carla,
  title={CARLA: An open urban driving simulator},
  author={Dosovitskiy, Alexey and Ros, German and Codevilla, Felipe and Lopez, Antonio and Koltun, Vladlen},
  booktitle={Conference on robot learning},
  pages={1--16},
  year={2017},
  organization={PMLR}
}

@article{yang2019generalized,
  title={A generalized algorithm for multi-objective reinforcement learning and policy adaptation},
  author={Yang, Runzhe and Sun, Xingyuan and Narasimhan, Karthik},
  journal={Advances in neural information processing systems},
  volume={32},
  year={2019}
}

@inproceedings{shao2023safety,
  title={Safety-enhanced autonomous driving using interpretable sensor fusion transformer},
  author={Shao, Hao and Wang, Letian and Chen, Ruobing and Li, Hongsheng and Liu, Yu},
  booktitle={Conference on Robot Learning},
  pages={726--737},
  year={2023},
  organization={PMLR}
}

@article{ding2023survey,
  title={A survey on safety-critical driving scenario generationâ€”A methodological perspective},
  author={Ding, Wenhao and Xu, Chejian and Arief, Mansur and Lin, Haohong and Li, Bo and Zhao, Ding},
  journal={IEEE Transactions on Intelligent Transportation Systems},
  volume={24},
  number={7},
  pages={6971--6988},
  year={2023},
  publisher={IEEE}
}

@article{zhong2022neural,
  title={Neural network guided evolutionary fuzzing for finding traffic violations of autonomous vehicles},
  author={Zhong, Ziyuan and Kaiser, Gail and Ray, Baishakhi},
  journal={IEEE Transactions on Software Engineering},
  volume={49},
  number={4},
  pages={1860--1875},
  year={2022},
  publisher={IEEE}
}

@article{stocco2023model,
  title={Model vs system level testing of autonomous driving systems: a replication and extension study},
  author={Stocco, Andrea and Pulfer, Brian and Tonella, Paolo},
  journal={Empirical Software Engineering},
  volume={28},
  number={3},
  pages={73},
  year={2023},
  publisher={Springer}
}

@article{neelofar2024identifying,
  title={Identifying and Explaining Safety-critical Scenarios for Autonomous Vehicles via Key Features},
  author={Neelofar, Neelofar and Aleti, Aldeida},
  journal={ACM Transactions on Software Engineering and Methodology},
  volume={33},
  number={4},
  pages={1--32},
  year={2024},
  publisher={ACM New York, NY}
}

@inproceedings{crespo2024pafot,
  title={PAFOT: A Position-Based Approach for Finding Optimal Tests of Autonomous Vehicles},
  author={Crespo-Rodriguez, Victor and Neelofar and Aleti, Aldeida},
  booktitle={Proceedings of the 5th ACM/IEEE International Conference on Automation of Software Test (AST 2024)},
  pages={159--170},
  year={2024}
}

@article{moghadam2024machine,
  title={Machine learning testing in an ADAS case study using simulation-integrated bio-inspired search-based testing},
  author={Moghadam, Mahshid Helali and Borg, Markus and Saadatmand, Mehrdad and Mousavirad, Seyed Jalaleddin and Bohlin, Markus and Lisper, Bj{\"o}rn},
  journal={Journal of Software: Evolution and Process},
  volume={36},
  number={5},
  pages={e2591},
  year={2024},
  publisher={Wiley Online Library}
}

@article{stocco2022mind,
  title={Mind the gap! A study on the transferability of virtual versus physical-world testing of autonomous driving systems},
  author={Stocco, Andrea and Pulfer, Brian and Tonella, Paolo},
  journal={IEEE Transactions on Software Engineering},
  volume={49},
  number={4},
  pages={1928--1940},
  year={2022},
  publisher={IEEE}
}

@article{zhou2023specification,
  title={Specification-based autonomous driving system testing},
  author={Zhou, Yuan and Sun, Yang and Tang, Yun and Chen, Yuqi and Sun, Jun and Poskitt, Christopher M and Liu, Yang and Yang, Zijiang},
  journal={IEEE Transactions on Software Engineering},
  volume={49},
  number={6},
  pages={3391--3410},
  year={2023},
  publisher={IEEE}
}

@article{feng2023dense,
  title={Dense reinforcement learning for safety validation of autonomous vehicles},
  author={Feng, Shuo and Sun, Haowei and Yan, Xintao and Zhu, Haojie and Zou, Zhengxia and Shen, Shengyin and Liu, Henry X},
  journal={Nature},
  volume={615},
  number={7953},
  pages={620--627},
  year={2023},
  publisher={Nature Publishing Group UK London}
}

@ARTICLE{6918520,
  author={Liu, Chunming and Xu, Xin and Hu, Dewen},
  journal={IEEE Transactions on Systems, Man, and Cybernetics: Systems}, 
  title={Multiobjective Reinforcement Learning: A Comprehensive Overview}, 
  year={2015},
  volume={45},
  number={3},
  pages={385-398},
  keywords={Decision making;Approximation algorithms;Linear programming;Approximation methods;Optimization;Equations;Vectors;Markov decision process (MDP);multiobjective reinforcement learning (MORL);Pareto front;reinforcement learning (RL);sequential decision-making;Markov decision process (MDP);multiobjective reinforcement learning (MORL);Pareto front;reinforcement learning (RL);sequential decision-making},
  doi={10.1109/TSMC.2014.2358639}}

@article{kiran2021deep,
  title={Deep reinforcement learning for autonomous driving: A survey},
  author={Kiran, B Ravi and Sobh, Ibrahim and Talpaert, Victor and Mannion, Patrick and Al Sallab, Ahmad A and Yogamani, Senthil and P{\'e}rez, Patrick},
  journal={IEEE Transactions on Intelligent Transportation Systems},
  volume={23},
  number={6},
  pages={4909--4926},
  year={2021},
  publisher={IEEE}
}

@inproceedings{xu2020prediction,
  title={Prediction-guided multi-objective reinforcement learning for continuous robot control},
  author={Xu, Jie and Tian, Yunsheng and Ma, Pingchuan and Rus, Daniela and Sueda, Shinjiro and Matusik, Wojciech},
  booktitle={International conference on machine learning},
  pages={10607--10616},
  year={2020},
  organization={PMLR}
}

@article{tuncali2019requirements,
  title={Requirements-driven test generation for autonomous vehicles with machine learning components},
  author={Tuncali, Cumhur Erkan and Fainekos, Georgios and Prokhorov, Danil and Ito, Hisahiro and Kapinski, James},
  journal={IEEE Transactions on Intelligent Vehicles},
  volume={5},
  number={2},
  pages={265--280},
  year={2019},
  publisher={IEEE}
}

@article{wang2024survey,
  title={A Survey on an Emerging Safety Challenge for Autonomous Vehicles: Safety of the Intended Functionality},
  author={Wang, Hong and Shao, Wenbo and Sun, Chen and Yang, Kai and Cao, Dongpu and Li, Jun},
  journal={Engineering},
  year={2024},
  publisher={Elsevier}
}

@article{minderhoud2001extended,
  title={Extended time-to-collision measures for road traffic safety assessment},
  author={Minderhoud, Michiel M and Bovy, Piet HL},
  journal={Accident Analysis \& Prevention},
  volume={33},
  number={1},
  pages={89--97},
  year={2001},
  publisher={Elsevier}
}

@article{schwarting2018planning,
  title={Planning and decision-making for autonomous vehicles},
  author={Schwarting, Wilko and Alonso-Mora, Javier and Rus, Daniela},
  journal={Annual Review of Control, Robotics, and Autonomous Systems},
  volume={1},
  number={1},
  pages={187--210},
  year={2018},
  publisher={Annual Reviews}
}

@misc{carlaleaderboard,
    title = {CARLA Autonomous Driving Leaderboard},
    author = {CARLA Team and Intel Autonomous Agents Lab and Embodied AI Foundation and AlphaDrive},
    year = {2024},
    howpublished = {\url{https://leaderboard.carla.org}}
}

@inproceedings{ben2016testing,
  title={Testing advanced driver assistance systems using multi-objective search and neural networks},
  author={Ben Abdessalem, Raja and Nejati, Shiva and Briand, Lionel C and Stifter, Thomas},
  booktitle={Proceedings of the 31st IEEE/ACM international conference on automated software engineering},
  pages={63--74},
  year={2016}
}

@inproceedings{abdessalem2018testing,
  title={Testing vision-based control systems using learnable evolutionary algorithms},
  author={Abdessalem, Raja Ben and Nejati, Shiva and Briand, Lionel C and Stifter, Thomas},
  booktitle={Proceedings of the 40th International Conference on Software Engineering},
  pages={1016--1026},
  year={2018}
}

@article{hayes2022practical,
  title={A practical guide to multi-objective reinforcement learning and planning},
  author={Hayes, Conor F and R{\u{a}}dulescu, Roxana and Bargiacchi, Eugenio and K{\"a}llstr{\"o}m, Johan and Macfarlane, Matthew and Reymond, Mathieu and Verstraeten, Timothy and Zintgraf, Luisa M and Dazeley, Richard and Heintz, Fredrik and others},
  journal={Autonomous Agents and Multi-Agent Systems},
  volume={36},
  number={1},
  pages={26},
  year={2022},
  publisher={Springer}
}

@article{deb2002fast,
  title={A fast and elitist multiobjective genetic algorithm: NSGA-II},
  author={Deb, Kalyanmoy and Pratap, Amrit and Agarwal, Sameer and Meyarivan, TAMT},
  journal={IEEE transactions on evolutionary computation},
  volume={6},
  number={2},
  pages={182--197},
  year={2002},
  publisher={IEEE}
}

@inproceedings{li2020av,
  title={Av-fuzzer: Finding safety violations in autonomous driving systems},
  author={Li, Guanpeng and Li, Yiran and Jha, Saurabh and Tsai, Timothy and Sullivan, Michael and Hari, Siva Kumar Sastry and Kalbarczyk, Zbigniew and Iyer, Ravishankar},
  booktitle={2020 IEEE 31st international symposium on software reliability engineering (ISSRE)},
  pages={25--36},
  year={2020},
  organization={IEEE}
}

@inproceedings{haq2022efficient,
  title={Efficient online testing for DNN-enabled systems using surrogate-assisted and many-objective optimization},
  author={Haq, Fitash Ul and Shin, Donghwan and Briand, Lionel},
  booktitle={Proceedings of the 44th international conference on software engineering},
  pages={811--822},
  year={2022}
}

@inproceedings{sun2022lawbreaker,
  title={LawBreaker: An approach for specifying traffic laws and fuzzing autonomous vehicles},
  author={Sun, Yang and Poskitt, Christopher M and Sun, Jun and Chen, Yuqi and Yang, Zijiang},
  booktitle={Proceedings of the 37th IEEE/ACM International Conference on Automated Software Engineering},
  pages={1--12},
  year={2022}
}

@article{chen2021adversarial,
  title={Adversarial evaluation of autonomous vehicles in lane-change scenarios},
  author={Chen, Baiming and Chen, Xiang and Wu, Qiong and Li, Liang},
  journal={IEEE transactions on intelligent transportation systems},
  volume={23},
  number={8},
  pages={10333--10342},
  year={2021},
  publisher={IEEE}
}

@INPROCEEDINGS{8500400,
  author={Koren, Mark and Alsaif, Saud and Lee, Ritchie and Kochenderfer, Mykel J.},
  booktitle={2018 IEEE Intelligent Vehicles Symposium (IV)}, 
  title={Adaptive Stress Testing for Autonomous Vehicles}, 
  year={2018},
  volume={},
  number={},
  pages={1-7},
  keywords={Autonomous vehicles;Sensors;Testing;Markov processes;Roads;Stress;Monte Carlo methods},
  doi={10.1109/IVS.2018.8500400}}

@article{vaswani2017attention,
  title={Attention is all you need},
  author={Vaswani, A},
  journal={Advances in Neural Information Processing Systems},
  year={2017}
}

@article{watkins1992q,
  title={Q-learning},
  author={Watkins, Christopher JCH and Dayan, Peter},
  journal={Machine learning},
  volume={8},
  pages={279--292},
  year={1992},
  publisher={Springer}
}

@article{mnih2015human,
  title={Human-level control through deep reinforcement learning},
  author={Mnih, Volodymyr and Kavukcuoglu, Koray and Silver, David and Rusu, Andrei A and Veness, Joel and Bellemare, Marc G and Graves, Alex and Riedmiller, Martin and Fidjeland, Andreas K and Ostrovski, Georg and others},
  journal={nature},
  volume={518},
  number={7540},
  pages={529--533},
  year={2015},
  publisher={Nature Publishing Group UK London}
}

@article{leurent2018survey,
  title={A survey of state-action representations for autonomous driving},
  author={Leurent, Edouard},
  year={2018}
}

@inproceedings{phaniteja2017deep,
  title={A deep reinforcement learning approach for dynamically stable inverse kinematics of humanoid robots},
  author={Phaniteja, S and Dewangan, Parijat and Guhan, Pooja and Sarkar, Abhishek and Krishna, K Madhava},
  booktitle={2017 IEEE international conference on robotics and biomimetics (ROBIO)},
  pages={1818--1823},
  year={2017},
  organization={IEEE}
}

@article{chen2020conditional,
  title={Conditional DQN-based motion planning with fuzzy logic for autonomous driving},
  author={Chen, Long and Hu, Xuemin and Tang, Bo and Cheng, Yu},
  journal={IEEE Transactions on Intelligent Transportation Systems},
  volume={23},
  number={4},
  pages={2966--2977},
  year={2020},
  publisher={IEEE}
}

@inproceedings{arcuri2011practical,
  title={A practical guide for using statistical tests to assess randomized algorithms in software engineering},
  author={Arcuri, Andrea and Briand, Lionel},
  booktitle={Proceedings of the 33rd international conference on software engineering},
  pages={1--10},
  year={2011}
}

@article{roijers2013survey,
  title={A survey of multi-objective sequential decision-making},
  author={Roijers, Diederik M and Vamplew, Peter and Whiteson, Shimon and Dazeley, Richard},
  journal={Journal of Artificial Intelligence Research},
  volume={48},
  pages={67--113},
  year={2013}
}

@inproceedings{akiba2019optuna,
  title={Optuna: A next-generation hyperparameter optimization framework},
  author={Akiba, Takuya and Sano, Shotaro and Yanase, Toshihiko and Ohta, Takeru and Koyama, Masanori},
  booktitle={Proceedings of the 25th ACM SIGKDD international conference on knowledge discovery \& data mining},
  pages={2623--2631},
  year={2019}
}

@article{mnih2013playing,
  title={Playing atari with deep reinforcement learning},
  author={Mnih, Volodymyr},
  journal={arXiv preprint arXiv:1312.5602},
  year={2013}
}

@inproceedings{van2016deep,
  title={Deep reinforcement learning with double q-learning},
  author={Van Hasselt, Hado and Guez, Arthur and Silver, David},
  booktitle={Proceedings of the AAAI conference on artificial intelligence},
  volume={30},
  number={1},
  year={2016}
}

@article{andrychowicz2017hindsight,
  title={Hindsight experience replay},
  author={Andrychowicz, Marcin and Wolski, Filip and Ray, Alex and Schneider, Jonas and Fong, Rachel and Welinder, Peter and McGrew, Bob and Tobin, Josh and Pieter Abbeel, OpenAI and Zaremba, Wojciech},
  journal={Advances in neural information processing systems},
  volume={30},
  year={2017}
}

@article{schaul2015prioritized,
  title={Prioritized Experience Replay},
  author={Schaul, Tom},
  journal={arXiv preprint arXiv:1511.05952},
  year={2015}
}

@techreport{najm2007pre,
  title={Pre-crash scenario typology for crash avoidance research},
  author={Najm, Wassim G and Smith, John D and Yanagisawa, Mikio and others},
  year={2007},
  institution={United States. Department of Transportation. National Highway Traffic Safety~â€¦}
}

@article{felten2024toolkit,
  title={A toolkit for reliable benchmarking and research in multi-objective reinforcement learning},
  author={Felten, Florian and Alegre, Lucas N and Nowe, Ann and Bazzan, Ana and Talbi, El Ghazali and Danoy, Gr{\'e}goire and C da Silva, Bruno},
  journal={Advances in Neural Information Processing Systems},
  volume={36},
  year={2024}
}

@article{stadie2015incentivizing,
  title={Incentivizing exploration in reinforcement learning with deep predictive models},
  author={Stadie, Bradly C and Levine, Sergey and Abbeel, Pieter},
  journal={arXiv preprint arXiv:1507.00814},
  year={2015}
}

@article{watson1989modern,
  title={Modern homotopy methods in optimization},
  author={Watson, Layne T and Haftka, Raphael T},
  journal={Computer Methods in Applied Mechanics and Engineering},
  volume={74},
  number={3},
  pages={289--305},
  year={1989},
  publisher={Elsevier}
}

@article{kitchenham2017robust,
  title={Robust statistical methods for empirical software engineering},
  author={Kitchenham, Barbara and Madeyski, Lech and Budgen, David and Keung, Jacky and Brereton, Pearl and Charters, Stuart and Gibbs, Shirley and Pohthong, Amnart},
  journal={Empirical Software Engineering},
  volume={22},
  pages={579--630},
  year={2017},
  publisher={Springer}
}

@article{wilcoxon1970critical,
  title={Critical values and probability levels for the Wilcoxon rank sum test and the Wilcoxon signed rank test},
  author={Wilcoxon, Frank and Katti, S and Wilcox, Roberta A and others},
  journal={Selected tables in mathematical statistics},
  volume={1},
  pages={171--259},
  year={1970}
}

@article{vargha2000critique,
  title={A critique and improvement of the CL common language effect size statistics of McGraw and Wong},
  author={Vargha, Andr{\'a}s and Delaney, Harold D},
  journal={Journal of Educational and Behavioral Statistics},
  volume={25},
  number={2},
  pages={101--132},
  year={2000},
  publisher={Sage Publications Sage CA: Los Angeles, CA}
}

@article{holm1979simple,
  title={A simple sequentially rejective multiple test procedure},
  author={Holm, Sture},
  journal={Scandinavian journal of statistics},
  pages={65--70},
  year={1979},
  publisher={JSTOR}
}

@article{cochran1954some,
  title={Some methods for strengthening the common $\chi$ 2 tests},
  author={Cochran, William G},
  journal={Biometrics},
  volume={10},
  number={4},
  pages={417--451},
  year={1954},
  publisher={JSTOR}
}

@article{mehta1983network,
  title={A network algorithm for performing Fisher's exact test in r$\times$ c contingency tables},
  author={Mehta, Cyrus R and Patel, Nitin R},
  journal={Journal of the American Statistical Association},
  volume={78},
  number={382},
  pages={427--434},
  year={1983},
  publisher={Taylor \& Francis}
}

@incollection{fisher1970statistical,
  title={Statistical methods for research workers},
  author={Fisher, Ronald Aylmer},
  booktitle={Breakthroughs in statistics: Methodology and distribution},
  pages={66--70},
  year={1970},
  publisher={Springer}
}

@article{upton1992fisher,
  title={Fisher's exact test},
  author={Upton, Graham JG},
  journal={Journal of the Royal Statistical Society: Series A (Statistics in Society)},
  volume={155},
  number={3},
  pages={395--402},
  year={1992},
  publisher={Wiley Online Library}
}

@article{szumilas2010explaining,
  title={Explaining odds ratios},
  author={Szumilas, Magdalena},
  journal={Journal of the Canadian academy of child and adolescent psychiatry},
  volume={19},
  number={3},
  pages={227},
  year={2010},
  publisher={Canadian Academy of Child and Adolescent Psychiatry}
}

@misc{MOEQTrepo,
    title = {M{O}{E}{Q}{T}},
    author = {Wu, Jiahui and Lu, Chengjie and Arrieta, Aitor and Ali, Shaukat},
    year = {2025},
    howpublished = {\url{https://github.com/Simula-COMPLEX/MOEQT}}
}

@article{lu2024epitester,
  title={Epitester: Testing autonomous vehicles with epigenetic algorithm and attention mechanism},
  author={Lu, Chengjie and Ali, Shaukat and Yue, Tao},
  journal={IEEE Transactions on Software Engineering},
  year={2024},
  publisher={IEEE}
}

@inproceedings{won2022simulation,
  title={Simulation Driven Development Process Utilizing Carla Simulator for Autonomous Vehicles.},
  author={Won, Minseok and Kim, Shiho},
  booktitle={SIMULTECH},
  pages={202--209},
  year={2022}
}