@article{chai2024amex,
  title={Amex: Android multi-annotation expo dataset for mobile gui agents},
  author={Chai, Yuxiang and Huang, Siyuan and Niu, Yazhe and Xiao, Han and Liu, Liang and Zhang, Dingyu and Gao, Peng and Ren, Shuai and Li, Hongsheng},
  journal={arXiv preprint arXiv:2407.17490},
  year={2024}
}

@inproceedings{chane2023learning,
  title={Learning video-conditioned policies for unseen manipulation tasks},
  author={Chane-Sane, Elliot and Schmid, Cordelia and Laptev, Ivan},
  booktitle={2023 IEEE International Conference on Robotics and Automation (ICRA)},
  pages={909--916},
  year={2023},
  organization={IEEE}
}

@article{chen2024octopus,
  title={Octopus v2: On-device language model for super agent},
  author={Chen, Wei and Li, Zhiyuan},
  journal={arXiv preprint arXiv:2404.01744},
  year={2024}
}

@article{cheng2024seeclick,
  title={Seeclick: Harnessing gui grounding for advanced visual gui agents},
  author={Cheng, Kanzhi and Sun, Qiushi and Chu, Yougang and Xu, Fangzhi and Li, Yantao and Zhang, Jianbing and Wu, Zhiyong},
  journal={arXiv preprint arXiv:2401.10935},
  year={2024}
}

@inproceedings{deng2023mindweb,
title={Mind2Web: Towards a Generalist Agent for the Web},
author={Xiang Deng and Yu Gu and Boyuan Zheng and Shijie Chen and Samuel Stevens and Boshi Wang and Huan Sun and Yu Su},
booktitle={Thirty-seventh Conference on Neural Information Processing Systems},
year={2023},
url={https://openreview.net/forum?id=kiYqbO3wqw}
}

@article{he2024webvoyager,
  title={WebVoyager: Building an End-to-End Web Agent with Large Multimodal Models},
  author={He, Hongliang and Yao, Wenlin and Ma, Kaixin and Yu, Wenhao and Dai, Yong and Zhang, Hongming and Lan, Zhenzhong and Yu, Dong},
  journal={arXiv preprint arXiv:2401.13919},
  year={2024}
}

@misc{hong2023cogagent,
      title={CogAgent: A Visual Language Model for GUI Agents}, 
      author={Wenyi Hong and Weihan Wang and Qingsong Lv and Jiazheng Xu and Wenmeng Yu and Junhui Ji and Yan Wang and Zihan Wang and Yuxiao Dong and Ming Ding and Jie Tang},
      year={2023},
      eprint={2312.08914},
      archivePrefix={arXiv},
      primaryClass={cs.CV}
}

@article{li2024appagent,
  title={Appagent v2: Advanced agent for flexible mobile interactions},
  author={Li, Yanda and Zhang, Chi and Yang, Wanqi and Fu, Bin and Cheng, Pei and Chen, Xin and Chen, Ling and Wei, Yunchao},
  journal={arXiv preprint arXiv:2408.11824},
  year={2024}
}

@inproceedings{li2024effects,
  title={On the effects of data scale on ui control agents},
  author={Li, Wei and Bishop, William E and Li, Alice and Rawles, Christopher and Campbell-Ajala, Folawiyo and Tyamagundlu, Divya and Riva, Oriana},
  booktitle={The Thirty-eight Conference on Neural Information Processing Systems Datasets and Benchmarks Track},
  year={2024}
}

@article{liu2024autoglm,
  title={Autoglm: Autonomous foundation agents for guis},
  author={Liu, Xiao and Qin, Bo and Liang, Dongzhu and Dong, Guang and Lai, Hanyu and Zhang, Hanchen and Zhao, Hanlin and Iong, Iat Long and Sun, Jiadai and Wang, Jiaqi and others},
  journal={arXiv preprint arXiv:2411.00820},
  year={2024}
}

@article{liu2025llm,
  title={LLM-Powered GUI Agents in Phone Automation: Surveying Progress and Prospects},
  author={Liu, William and Liu, Liang and Guo, Yaxuan and Xiao, Han and Lin, Weifeng and Chai, Yuxiang and Ren, Shuai and Liang, Xiaoyu and Li, Linghao and Wang, Wenhao and others},
  year={2025},
  publisher={Preprints}
}

@article{lu2024gui,
  title={GUI Odyssey: A Comprehensive Dataset for Cross-App GUI Navigation on Mobile Devices},
  author={Lu, Quanfeng and Shao, Wenqi and Liu, Zitao and Meng, Fanqing and Li, Boxuan and Chen, Botong and Huang, Siyuan and Zhang, Kaipeng and Qiao, Yu and Luo, Ping},
  journal={arXiv preprint arXiv:2406.08451},
  year={2024}
}

@article{lu2024weblinx,
  title={WebLINX: Real-World Website Navigation with Multi-Turn Dialogue},
  author={L{\`u}, Xing Han and Kasner, Zden{\v{e}}k and Reddy, Siva},
  journal={arXiv preprint arXiv:2402.05930},
  year={2024}
}

@article{rawles2024androidworld,
  title={AndroidWorld: A dynamic benchmarking environment for autonomous agents},
  author={Rawles, Christopher and Clinckemaillie, Sarah and Chang, Yifan and Waltz, Jonathan and Lau, Gabrielle and Fair, Marybeth and Li, Alice and Bishop, William and Li, Wei and Campbell-Ajala, Folawiyo and others},
  journal={arXiv preprint arXiv:2405.14573},
  year={2024}
}

@article{reddy2024infogent,
  title={Infogent: An agent-based framework for web information aggregation},
  author={Reddy, Revanth Gangi and Mukherjee, Sagnik and Kim, Jeonghwan and Wang, Zhenhailong and Hakkani-Tur, Dilek and Ji, Heng},
  journal={arXiv preprint arXiv:2410.19054},
  year={2024}
}

@inproceedings{tan2024towards,
  title={Towards general computer control: A multimodal agent for red dead redemption ii as a case study},
  author={Tan, Weihao and Ding, Ziluo and Zhang, Wentao and Li, Boyu and Zhou, Bohan and Yue, Junpeng and Xia, Haochong and Jiang, Jiechuan and Zheng, Longtao and Xu, Xinrun and others},
  booktitle={ICLR 2024 Workshop on Large Language Model (LLM) Agents},
  year={2024}
}

@inproceedings{wan2024omniparser,
  title={OmniParser: A Unified Framework for Text Spotting Key Information Extraction and Table Recognition},
  author={Wan, Jianqiang and Song, Sibo and Yu, Wenwen and Liu, Yuliang and Cheng, Wenqing and Huang, Fei and Bai, Xiang and Yao, Cong and Yang, Zhibo},
  booktitle={Proceedings of the IEEE/CVF Conference on Computer Vision and Pattern Recognition},
  pages={15641--15653},
  year={2024}
}

@article{wang2024gui,
  title={Gui agents with foundation models: A comprehensive survey},
  author={Wang, Shuai and Liu, Weiwen and Chen, Jingxuan and Gan, Weinan and Zeng, Xingshan and Yu, Shuai and Hao, Xinlong and Shao, Kun and Wang, Yasheng and Tang, Ruiming},
  journal={arXiv preprint arXiv:2411.04890},
  year={2024}
}

@inproceedings{wang2024lave,
  title={LAVE: LLM-Powered Agent Assistance and Language Augmentation for Video Editing},
  author={Wang, Bryan and Li, Yuliang and Lv, Zhaoyang and Xia, Haijun and Xu, Yan and Sodhi, Raj},
  booktitle={Proceedings of the 29th International Conference on Intelligent User Interfaces},
  pages={699--714},
  year={2024}
}

@article{wang2024mobile,
  title={Mobile-agent: Autonomous multi-modal mobile device agent with visual perception},
  author={Wang, Junyang and Xu, Haiyang and Ye, Jiabo and Yan, Ming and Shen, Weizhou and Zhang, Ji and Huang, Fei and Sang, Jitao},
  journal={arXiv preprint arXiv:2401.16158},
  year={2024}
}

@article{wang2024mobile2,
  title={Mobile-Agent-v2: Mobile Device Operation Assistant with Effective Navigation via Multi-Agent Collaboration},
  author={Wang, Junyang and Xu, Haiyang and Jia, Haitao and Zhang, Xi and Yan, Ming and Shen, Weizhou and Zhang, Ji and Huang, Fei and Sang, Jitao},
  journal={arXiv preprint arXiv:2406.01014},
  year={2024}
}

@inproceedings{wang2024videoagent,
  title={Videoagent: Long-form video understanding with large language model as agent},
  author={Wang, Xiaohan and Zhang, Yuhui and Zohar, Orr and Yeung-Levy, Serena},
  booktitle={European Conference on Computer Vision},
  pages={58--76},
  year={2024},
  organization={Springer}
}

@article{wang2025mobile,
  title={Mobile-Agent-E: Self-Evolving Mobile Assistant for Complex Tasks},
  author={Wang, Zhenhailong and Xu, Haiyang and Wang, Junyang and Zhang, Xi and Yan, Ming and Zhang, Ji and Huang, Fei and Ji, Heng},
  journal={arXiv preprint arXiv:2501.11733},
  year={2025}
}

@misc{xie2024osworld,
      title={OSWorld: Benchmarking Multimodal Agents for Open-Ended Tasks in Real Computer Environments},
      author={Tianbao Xie and Danyang Zhang and Jixuan Chen and Xiaochuan Li and Siheng Zhao and Ruisheng Cao and Toh Jing Hua and Zhoujun Cheng and Dongchan Shin and Fangyu Lei and Yitao Liu and Yiheng Xu and Shuyan Zhou and Silvio Savarese and Caiming Xiong and Victor Zhong and Tao Yu},
      year={2024},
      eprint={2404.07972},
      archivePrefix={arXiv},
      primaryClass={cs.AI}
}

@inproceedings{xing2024understanding,
  title={Understanding the weakness of large language model agents within a complex android environment},
  author={Xing, Mingzhe and Zhang, Rongkai and Xue, Hui and Chen, Qi and Yang, Fan and Xiao, Zhen},
  booktitle={Proceedings of the 30th ACM SIGKDD Conference on Knowledge Discovery and Data Mining},
  pages={6061--6072},
  year={2024}
}

@article{xu2024androidlab,
  title={Androidlab: Training and systematic benchmarking of android autonomous agents},
  author={Xu, Yifan and Liu, Xiao and Sun, Xueqiao and Cheng, Siyi and Yu, Hao and Lai, Hanyu and Zhang, Shudan and Zhang, Dan and Tang, Jie and Dong, Yuxiao},
  journal={arXiv preprint arXiv:2410.24024},
  year={2024}
}

@article{yang2023appagent,
  title={Appagent: Multimodal agents as smartphone users},
  author={Yang, Zhao and Liu, Jiaxuan and Han, Yucheng and Chen, Xin and Huang, Zebiao and Fu, Bin and Yu, Gang},
  journal={arXiv preprint arXiv:2312.13771},
  year={2023}
}

@misc{yoran2024assistantbench,
      title={AssistantBench: Can Web Agents Solve Realistic and Time-Consuming Tasks?},
      author={Ori Yoran and Samuel Joseph Amouyal and Chaitanya Malaviya and Ben Bogin and Ofir Press and Jonathan Berant},
      year={2024},
      eprint={2407.15711},
      archivePrefix={arXiv},
      primaryClass={cs.CL},
      url={https://arxiv.org/abs/2407.15711},
}

@inproceedings{you2024ferret,
  title={Ferret-ui: Grounded mobile ui understanding with multimodal llms},
  author={You, Keen and Zhang, Haotian and Schoop, Eldon and Weers, Floris and Swearngin, Amanda and Nichols, Jeffrey and Yang, Yinfei and Gan, Zhe},
  booktitle={European Conference on Computer Vision},
  pages={240--255},
  year={2024},
  organization={Springer}
}

@article{zhang2024android,
  title={Android in the zoo: Chain-of-action-thought for gui agents},
  author={Zhang, Jiwen and Wu, Jihao and Teng, Yihua and Liao, Minghui and Xu, Nuo and Xiao, Xiao and Wei, Zhongyu and Tang, Duyu},
  journal={arXiv preprint arXiv:2403.02713},
  year={2024}
}

@article{zhang2024omagent,
  title={Omagent: A multi-modal agent framework for complex video understanding with task divide-and-conquer},
  author={Zhang, Lu and Zhao, Tiancheng and Ying, Heting and Ma, Yibo and Lee, Kyusong},
  journal={arXiv preprint arXiv:2406.16620},
  year={2024}
}

@article{zhang2024ufo,
  title={{UFO: A UI-Focused Agent for Windows OS Interaction}},
  author={Zhang, Chaoyun and Li, Liqun and He, Shilin and Zhang, Xu and Qiao, Bo and  Qin, Si and Ma, Minghua and Kang, Yu and Lin, Qingwei and Rajmohan, Saravan and Zhang, Dongmei and  Zhang, Qi},
  journal={arXiv preprint arXiv:2402.07939},
  year={2024}
}

@inproceedings{zheng2024gpt,
  title={GPT-4V(ision) is a Generalist Web Agent, if Grounded},
  author={Boyuan Zheng and Boyu Gou and Jihyung Kil and Huan Sun and Yu Su},
  booktitle={Forty-first International Conference on Machine Learning},
  year={2024},
  url={https://openreview.net/forum?id=piecKJ2DlB},
}

@article{zhou2023webarena,
  title={Webarena: A realistic web environment for building autonomous agents},
  author={Zhou, Shuyan and Xu, Frank F and Zhu, Hao and Zhou, Xuhui and Lo, Robert and Sridhar, Abishek and Cheng, Xianyi and Bisk, Yonatan and Fried, Daniel and Alon, Uri and others},
  journal={arXiv preprint arXiv:2307.13854},
  year={2023}
}

