@inproceedings{bachmann2020constant,
  title={Constant curvature graph convolutional networks},
  author={Bachmann, Gregor and B{\'e}cigneul, Gary and Ganea, Octavian},
  booktitle={International conference on machine learning},
  pages={486--496},
  year={2020},
  organization={PMLR}
}

@article{chami2019hyperbolic,
  title={Hyperbolic graph convolutional neural networks},
  author={Chami, Ines and Ying, Zhitao and R{\'e}, Christopher and Leskovec, Jure},
  journal={Advances in neural information processing systems},
  volume={32},
  year={2019}
}

@inproceedings{ding2019deep,
  title={Deep anomaly detection on attributed networks},
  author={Ding, Kaize and Li, Jundong and Bhanushali, Rohit and Liu, Huan},
  booktitle={Proceedings of the 2019 SIAM international conference on data mining},
  pages={594--602},
  year={2019},
  organization={SIAM}
}

@inproceedings{fan2020anomalydae,
  title={Anomalydae: Dual autoencoder for anomaly detection on attributed networks},
  author={Fan, Haoyi and Zhang, Fengbin and Li, Zuoyong},
  booktitle={ICASSP 2020-2020 IEEE International Conference on Acoustics, Speech and Signal Processing (ICASSP)},
  pages={5685--5689},
  year={2020},
  organization={IEEE}
}

@inproceedings{gu2019learning,
  title={Learning mixed-curvature representations in products of model spaces},
  author={Gu, Albert and Sala, Frederic and Gunel, Beliz and R{\'e}, Christopher},
  booktitle={International conference on learning representations},
  volume={5},
  year={2019}
}

@inproceedings{liu2017sphereface,
  title={Sphereface: Deep hypersphere embedding for face recognition},
  author={Liu, Weiyang and Wen, Yandong and Yu, Zhiding and Li, Ming and Raj, Bhiksha and Song, Le},
  booktitle={Proceedings of the IEEE conference on computer vision and pattern recognition},
  pages={212--220},
  year={2017}
}

@inproceedings{sala2018representation,
  title={Representation tradeoffs for hyperbolic embeddings},
  author={Sala, Frederic and De Sa, Chris and Gu, Albert and R{\'e}, Christopher},
  booktitle={International conference on machine learning},
  pages={4460--4469},
  year={2018},
  organization={PMLR}
}

@article{xiong2022pseudo,
  title={Pseudo-riemannian graph convolutional networks},
  author={Xiong, Bo and Zhu, Shichao and Potyka, Nico and Pan, Shirui and Zhou, Chuan and Staab, Steffen},
  journal={Advances in Neural Information Processing Systems},
  volume={35},
  pages={3488--3501},
  year={2022}
}

@article{zhang2021hyperbolic,
  title={Hyperbolic graph attention network},
  author={Zhang, Yiding and Wang, Xiao and Shi, Chuan and Jiang, Xunqiang and Ye, Yanfang},
  journal={IEEE Transactions on Big Data},
  volume={8},
  number={6},
  pages={1690--1701},
  year={2021},
  publisher={IEEE}
}

