@article{chen2022magicgan,
  title={MagicGAN: multiagent attacks generate interferential category via GAN},
  author={Chen, Yong and Wang, Xu and Hu, Peng and Peng, Dezhong},
  journal={Knowledge-Based Systems},
  volume={258},
  pages={110023},
  year={2022},
  publisher={Elsevier}
}

@article{chen2023learning,
  title={Learning relationship-preserving representation for multi-task adversarial attacks},
  author={Chen, Yong and Wang, Xu and Hu, Peng and Yuan, Zhong and Peng, Dezhong and Li, Qilin},
  journal={Neurocomputing},
  volume={554},
  pages={126580},
  year={2023},
  publisher={Elsevier}
}

@inproceedings{dong2018boosting,
  title={Boosting adversarial attacks with momentum},
  author={Dong, Yinpeng and Liao, Fangzhou and Pang, Tianyu and Su, Hang and Zhu, Jun and Hu, Xiaolin and Li, Jianguo},
  booktitle={Proceedings of the IEEE conference on computer vision and pattern recognition},
  pages={9185--9193},
  year={2018}
}

@inproceedings{dong2019evading,
  title={Evading defenses to transferable adversarial examples by translation-invariant attacks},
  author={Dong, Yinpeng and Pang, Tianyu and Su, Hang and Zhu, Jun},
  booktitle={Proceedings of the IEEE/CVF conference on computer vision and pattern recognition},
  pages={4312--4321},
  year={2019}
}

@article{goodfellow2014explaining,
  title={Explaining and harnessing adversarial examples},
  author={Goodfellow, Ian J and Shlens, Jonathon and Szegedy, Christian},
  journal={arXiv preprint arXiv:1412.6572},
  year={2014}
}

@inproceedings{jia2019comdefend,
  title={Comdefend: An efficient image compression model to defend adversarial examples},
  author={Jia, Xiaojun and Wei, Xingxing and Cao, Xiaochun and Foroosh, Hassan},
  booktitle={Proceedings of the IEEE/CVF conference on computer vision and pattern recognition},
  pages={6084--6092},
  year={2019}
}

@inproceedings{joshi2019semantic,
  title={Semantic adversarial attacks: Parametric transformations that fool deep classifiers},
  author={Joshi, Ameya and Mukherjee, Amitangshu and Sarkar, Soumik and Hegde, Chinmay},
  booktitle={Proceedings of the IEEE/CVF international conference on computer vision},
  pages={4773--4783},
  year={2019}
}

@article{liang2018detecting,
  title={Detecting adversarial image examples in deep neural networks with adaptive noise reduction},
  author={Liang, Bin and Li, Hongcheng and Su, Miaoqiang and Li, Xirong and Shi, Wenchang and Wang, Xiaofeng},
  journal={IEEE Transactions on Dependable and Secure Computing},
  volume={18},
  number={1},
  pages={72--85},
  year={2018},
  publisher={IEEE}
}

@inproceedings{liao2018defense,
  title={Defense against adversarial attacks using high-level representation guided denoiser},
  author={Liao, Fangzhou and Liang, Ming and Dong, Yinpeng and Pang, Tianyu and Hu, Xiaolin and Zhu, Jun},
  booktitle={Proceedings of the IEEE conference on computer vision and pattern recognition},
  pages={1778--1787},
  year={2018}
}

@article{lin2019nesterov,
  title={Nesterov accelerated gradient and scale invariance for adversarial attacks},
  author={Lin, Jiadong and Song, Chuanbiao and He, Kun and Wang, Liwei and Hopcroft, John E},
  journal={arXiv preprint arXiv:1908.06281},
  year={2019}
}

@inproceedings{liu2019feature,
  title={Feature distillation: Dnn-oriented jpeg compression against adversarial examples},
  author={Liu, Zihao and Liu, Qi and Liu, Tao and Xu, Nuo and Lin, Xue and Wang, Yanzhi and Wen, Wujie},
  booktitle={2019 IEEE/CVF Conference on Computer Vision and Pattern Recognition (CVPR)},
  pages={860--868},
  year={2019},
  organization={IEEE}
}

@article{madry2017towards,
  title={Towards deep learning models resistant to adversarial attacks},
  author={Madry, Aleksander and Makelov, Aleksandar and Schmidt, Ludwig and Tsipras, Dimitris and Vladu, Adrian},
  journal={arXiv preprint arXiv:1706.06083},
  year={2017}
}

@inproceedings{meng2017magnet,
  title={Magnet: a two-pronged defense against adversarial examples},
  author={Meng, Dongyu and Chen, Hao},
  booktitle={Proceedings of the 2017 ACM SIGSAC conference on computer and communications security},
  pages={135--147},
  year={2017}
}

@inproceedings{nesterov1983method,
  title={A method for unconstrained convex minimization problem with the rate of convergence O (1/k2)},
  author={Nesterov, Yurii},
  booktitle={Dokl. Akad. Nauk. SSSR},
  volume={269},
  pages={543},
  year={1983}
}

@article{pang2020boosting,
  title={Boosting adversarial training with hypersphere embedding},
  author={Pang, Tianyu and Yang, Xiao and Dong, Yinpeng and Xu, Kun and Zhu, Jun and Su, Hang},
  journal={Advances in Neural Information Processing Systems},
  volume={33},
  pages={7779--7792},
  year={2020}
}

@inproceedings{qiu2020semanticadv,
  title={Semanticadv: Generating adversarial examples via attribute-conditioned image editing},
  author={Qiu, Haonan and Xiao, Chaowei and Yang, Lei and Yan, Xinchen and Lee, Honglak and Li, Bo},
  booktitle={Computer Vision--ECCV 2020: 16th European Conference, Glasgow, UK, August 23--28, 2020, Proceedings, Part XIV 16},
  pages={19--37},
  year={2020},
  organization={Springer}
}

@article{song2018constructing,
  title={Constructing unrestricted adversarial examples with generative models},
  author={Song, Yang and Shu, Rui and Kushman, Nate and Ermon, Stefano},
  journal={Advances in neural information processing systems},
  volume={31},
  year={2018}
}

@article{tramer2017ensemble,
  title={Ensemble adversarial training: Attacks and defenses},
  author={Tram{\`e}r, Florian and Kurakin, Alexey and Papernot, Nicolas and Goodfellow, Ian and Boneh, Dan and McDaniel, Patrick},
  journal={arXiv preprint arXiv:1705.07204},
  year={2017}
}

@inproceedings{wang2019adversarial,
  title={Adversarial sample detection for deep neural network through model mutation testing},
  author={Wang, Jingyi and Dong, Guoliang and Sun, Jun and Wang, Xinyu and Zhang, Peixin},
  booktitle={2019 IEEE/ACM 41st International Conference on Software Engineering (ICSE)},
  pages={1245--1256},
  year={2019},
  organization={IEEE}
}

@article{wang2021boosting,
  title={Boosting adversarial transferability through enhanced momentum},
  author={Wang, Xiaosen and Lin, Jiadong and Hu, Han and Wang, Jingdong and He, Kun},
  journal={arXiv preprint arXiv:2103.10609},
  year={2021}
}

@inproceedings{wang2021enhancing,
  title={Enhancing the transferability of adversarial attacks through variance tuning},
  author={Wang, Xiaosen and He, Kun},
  booktitle={Proceedings of the IEEE/CVF conference on computer vision and pattern recognition},
  pages={1924--1933},
  year={2021}
}

@inproceedings{xiao2021improving,
  title={Improving transferability of adversarial patches on face recognition with generative models},
  author={Xiao, Zihao and Gao, Xianfeng and Fu, Chilin and Dong, Yinpeng and Gao, Wei and Zhang, Xiaolu and Zhou, Jun and Zhu, Jun},
  booktitle={Proceedings of the IEEE/CVF conference on computer vision and pattern recognition},
  pages={11845--11854},
  year={2021}
}

@inproceedings{xie2019improving,
  title={Improving transferability of adversarial examples with input diversity},
  author={Xie, Cihang and Zhang, Zhishuai and Zhou, Yuyin and Bai, Song and Wang, Jianyu and Ren, Zhou and Yuille, Alan L},
  booktitle={Proceedings of the IEEE/CVF conference on computer vision and pattern recognition},
  pages={2730--2739},
  year={2019}
}

@article{yuan2024adaptive,
  title={Adaptive Perturbation for Adversarial Attack},
  author={Yuan, Zheng and Zhang, Jie and Jiang, Zhaoyan and Li, Liangliang and Shan, Shiguang},
  journal={IEEE Transactions on Pattern Analysis and Machine Intelligence},
  year={2024},
  publisher={IEEE}
}

@inproceedings{zhao2018generating,
  title={Generating Natural Adversarial Examples},
  author={Zhao, Zhengli and Dua, Dheeru and Singh, Sameer},
  booktitle={International Conference on Learning Representations},
  year={2018}
}

@article{zheng2018robust,
  title={Robust detection of adversarial attacks by modeling the intrinsic properties of deep neural networks},
  author={Zheng, Zhihao and Hong, Pengyu},
  journal={Advances in neural information processing systems},
  volume={31},
  year={2018}
}

@inproceedings{zou2022making,
  title={Making adversarial examples more transferable and indistinguishable},
  author={Zou, Junhua and Duan, Yexin and Li, Boyu and Zhang, Wu and Pan, Yu and Pan, Zhisong},
  booktitle={Proceedings of the AAAI conference on artificial intelligence},
  volume={36},
  pages={3662--3670},
  year={2022}
}

