@article{szegedy2013intriguing,
  title={Intriguing properties of neural networks},
  author={Szegedy, Christian and Zaremba, Wojciech and Sutskever, Ilya and Bruna, Joan and Erhan, Dumitru and Goodfellow, Ian and Fergus, Rob},
  journal={arXiv preprint arXiv:1312.6199},
  year={2013}
}

@inproceedings{zhao2018generating,
  title={Generating Natural Adversarial Examples},
  author={Zhao, Zhengli and Dua, Dheeru and Singh, Sameer},
  booktitle={International Conference on Learning Representations},
  year={2018}
}

@inproceedings{joshi2019semantic,
  title={Semantic adversarial attacks: Parametric transformations that fool deep classifiers},
  author={Joshi, Ameya and Mukherjee, Amitangshu and Sarkar, Soumik and Hegde, Chinmay},
  booktitle={Proceedings of the IEEE/CVF international conference on computer vision},
  pages={4773--4783},
  year={2019}
}

@inproceedings{qiu2020semanticadv,
  title={Semanticadv: Generating adversarial examples via attribute-conditioned image editing},
  author={Qiu, Haonan and Xiao, Chaowei and Yang, Lei and Yan, Xinchen and Lee, Honglak and Li, Bo},
  booktitle={Computer Vision--ECCV 2020: 16th European Conference, Glasgow, UK, August 23--28, 2020, Proceedings, Part XIV 16},
  pages={19--37},
  year={2020},
  organization={Springer}
}

@inproceedings{xiao2021improving,
  title={Improving transferability of adversarial patches on face recognition with generative models},
  author={Xiao, Zihao and Gao, Xianfeng and Fu, Chilin and Dong, Yinpeng and Gao, Wei and Zhang, Xiaolu and Zhou, Jun and Zhu, Jun},
  booktitle={Proceedings of the IEEE/CVF conference on computer vision and pattern recognition},
  pages={11845--11854},
  year={2021}
}

@article{goodfellow2014explaining,
  title={Explaining and harnessing adversarial examples},
  author={Goodfellow, Ian J and Shlens, Jonathon and Szegedy, Christian},
  journal={arXiv preprint arXiv:1412.6572},
  year={2014}
}

@article{madry2017towards,
  title={Towards deep learning models resistant to adversarial attacks},
  author={Madry, Aleksander and Makelov, Aleksandar and Schmidt, Ludwig and Tsipras, Dimitris and Vladu, Adrian},
  journal={arXiv preprint arXiv:1706.06083},
  year={2017}
}

@inproceedings{dong2018boosting,
  title={Boosting adversarial attacks with momentum},
  author={Dong, Yinpeng and Liao, Fangzhou and Pang, Tianyu and Su, Hang and Zhu, Jun and Hu, Xiaolin and Li, Jianguo},
  booktitle={Proceedings of the IEEE conference on computer vision and pattern recognition},
  pages={9185--9193},
  year={2018}
}

@inproceedings{xie2019improving,
  title={Improving transferability of adversarial examples with input diversity},
  author={Xie, Cihang and Zhang, Zhishuai and Zhou, Yuyin and Bai, Song and Wang, Jianyu and Ren, Zhou and Yuille, Alan L},
  booktitle={Proceedings of the IEEE/CVF conference on computer vision and pattern recognition},
  pages={2730--2739},
  year={2019}
}

@inproceedings{dong2019evading,
  title={Evading defenses to transferable adversarial examples by translation-invariant attacks},
  author={Dong, Yinpeng and Pang, Tianyu and Su, Hang and Zhu, Jun},
  booktitle={Proceedings of the IEEE/CVF conference on computer vision and pattern recognition},
  pages={4312--4321},
  year={2019}
}

@article{lin2019nesterov,
  title={Nesterov accelerated gradient and scale invariance for adversarial attacks},
  author={Lin, Jiadong and Song, Chuanbiao and He, Kun and Wang, Liwei and Hopcroft, John E},
  journal={arXiv preprint arXiv:1908.06281},
  year={2019}
}

@article{li2022approximated,
  title={An approximated gradient sign method using differential evolution for black-box adversarial attack},
  author={Li, Chao and Wang, Handing and Zhang, Jun and Yao, Wen and Jiang, Tingsong},
  journal={IEEE Transactions on Evolutionary Computation},
  volume={26},
  number={5},
  pages={976--990},
  year={2022},
  publisher={IEEE}
}

@article{sun2023multi,
  title={A multi-objective memetic algorithm for automatic adversarial attack optimization design},
  author={Sun, Jialiang and Yao, Wen and Jiang, Tingsong and Chen, Xiaoqian},
  journal={Neurocomputing},
  volume={547},
  pages={126318},
  year={2023},
  publisher={Elsevier}
}

@article{tang2023adversarial,
  title={Adversarial patch attacks against aerial imagery object detectors},
  author={Tang, Guijian and Jiang, Tingsong and Zhou, Weien and Li, Chao and Yao, Wen and Zhao, Yong},
  journal={Neurocomputing},
  volume={537},
  pages={128--140},
  year={2023},
  publisher={Elsevier}
}

@article{tang2024adversarial,
  title={Adversarial patch-based false positive creation attacks against aerial imagery object detectors},
  author={Tang, Guijian and Yao, Wen and Jiang, Tingsong and Zhao, Yong and Sun, Jialiang},
  journal={Neurocomputing},
  volume={579},
  pages={127431},
  year={2024},
  publisher={Elsevier}
}

@article{tang2023natural,
  title={Natural weather-style black-box adversarial attacks against optical aerial detectors},
  author={Tang, Guijian and Yao, Wen and Jiang, Tingsong and Zhou, Weien and Yang, Yang and Wang, Donghua},
  journal={IEEE Transactions on Geoscience and Remote Sensing},
  year={2023},
  publisher={IEEE}
}

@inproceedings{zhao2023minimizing,
  title={Minimizing maximum model discrepancy for transferable black-box targeted attacks},
  author={Zhao, Anqi and Chu, Tong and Liu, Yahao and Li, Wen and Li, Jingjing and Duan, Lixin},
  booktitle={Proceedings of the IEEE/CVF conference on computer vision and pattern recognition},
  pages={8153--8162},
  year={2023}
}

@inproceedings{liang2023styless,
  title={StyLess: boosting the transferability of adversarial examples},
  author={Liang, Kaisheng and Xiao, Bin},
  booktitle={Proceedings of the IEEE/CVF Conference on Computer Vision and Pattern Recognition},
  pages={8163--8172},
  year={2023}
}

@inproceedings{wang2021admix,
  title={Admix: Enhancing the transferability of adversarial attacks},
  author={Wang, Xiaosen and He, Xuanran and Wang, Jingdong and He, Kun},
  booktitle={Proceedings of the IEEE/CVF International Conference on Computer Vision},
  pages={16158--16167},
  year={2021}
}

@article{li2023adaptive,
  title={Adaptive momentum variance for attention-guided sparse adversarial attacks},
  author={Li, Chao and Yao, Wen and Wang, Handing and Jiang, Tingsong},
  journal={Pattern Recognition},
  volume={133},
  pages={108979},
  year={2023},
  publisher={Elsevier}
}

@inproceedings{wang2021enhancing,
  title={Enhancing the transferability of adversarial attacks through variance tuning},
  author={Wang, Xiaosen and He, Kun},
  booktitle={Proceedings of the IEEE/CVF conference on computer vision and pattern recognition},
  pages={1924--1933},
  year={2021}
}

@inproceedings{qian2023lea2,
  title={Lea2: A lightweight ensemble adversarial attack via non-overlapping vulnerable frequency regions},
  author={Qian, Yaguan and He, Shuke and Zhao, Chenyu and Sha, Jiaqiang and Wang, Wei and Wang, Bin},
  booktitle={Proceedings of the IEEE/CVF International Conference on Computer Vision},
  pages={4510--4521},
  year={2023}
}

@article{tramer2017ensemble,
  title={Ensemble adversarial training: Attacks and defenses},
  author={Tram{\`e}r, Florian and Kurakin, Alexey and Papernot, Nicolas and Goodfellow, Ian and Boneh, Dan and McDaniel, Patrick},
  journal={arXiv preprint arXiv:1705.07204},
  year={2017}
}

@inproceedings{xiong2022stochastic,
  title={Stochastic variance reduced ensemble adversarial attack for boosting the adversarial transferability},
  author={Xiong, Yifeng and Lin, Jiadong and Zhang, Min and Hopcroft, John E and He, Kun},
  booktitle={Proceedings of the IEEE/CVF conference on computer vision and pattern recognition},
  pages={14983--14992},
  year={2022}
}

@inproceedings{ganeshan2019fda,
  title={Fda: Feature disruptive attack},
  author={Ganeshan, Aditya and BS, Vivek and Babu, R Venkatesh},
  booktitle={Proceedings of the IEEE/CVF International Conference on Computer Vision},
  pages={8069--8079},
  year={2019}
}

@article{wang2023improving,
  title={Improving transferability of universal adversarial perturbation with feature disruption},
  author={Wang, Donghua and Yao, Wen and Jiang, Tingsong and Chen, Xiaoqian},
  journal={IEEE Transactions on Image Processing},
  year={2023},
  publisher={IEEE}
}

@inproceedings{zhang2022improving,
  title={Improving adversarial transferability via neuron attribution-based attacks},
  author={Zhang, Jianping and Wu, Weibin and Huang, Jen-tse and Huang, Yizhan and Wang, Wenxuan and Su, Yuxin and Lyu, Michael R},
  booktitle={Proceedings of the IEEE/CVF Conference on Computer Vision and Pattern Recognition},
  pages={14993--15002},
  year={2022}
}

@article{song2018constructing,
  title={Constructing unrestricted adversarial examples with generative models},
  author={Song, Yang and Shu, Rui and Kushman, Nate and Ermon, Stefano},
  journal={Advances in neural information processing systems},
  volume={31},
  year={2018}
}


@inproceedings{nesterov1983method,
  title={A method for unconstrained convex minimization problem with the rate of convergence O (1/k2)},
  author={Nesterov, Yurii},
  booktitle={Dokl. Akad. Nauk. SSSR},
  volume={269},
  pages={543},
  year={1983}
}

@article{wang2021boosting,
  title={Boosting adversarial transferability through enhanced momentum},
  author={Wang, Xiaosen and Lin, Jiadong and Hu, Han and Wang, Jingdong and He, Kun},
  journal={arXiv preprint arXiv:2103.10609},
  year={2021}
}

@inproceedings{zou2022making,
  title={Making adversarial examples more transferable and indistinguishable},
  author={Zou, Junhua and Duan, Yexin and Li, Boyu and Zhang, Wu and Pan, Yu and Pan, Zhisong},
  booktitle={Proceedings of the AAAI conference on artificial intelligence},
  volume={36},
  pages={3662--3670},
  year={2022}
}

@article{chen2022magicgan,
  title={MagicGAN: multiagent attacks generate interferential category via GAN},
  author={Chen, Yong and Wang, Xu and Hu, Peng and Peng, Dezhong},
  journal={Knowledge-Based Systems},
  volume={258},
  pages={110023},
  year={2022},
  publisher={Elsevier}
}

@article{chen2023learning,
  title={Learning relationship-preserving representation for multi-task adversarial attacks},
  author={Chen, Yong and Wang, Xu and Hu, Peng and Yuan, Zhong and Peng, Dezhong and Li, Qilin},
  journal={Neurocomputing},
  volume={554},
  pages={126580},
  year={2023},
  publisher={Elsevier}
}

@article{yuan2024adaptive,
  title={Adaptive Perturbation for Adversarial Attack},
  author={Yuan, Zheng and Zhang, Jie and Jiang, Zhaoyan and Li, Liangliang and Shan, Shiguang},
  journal={IEEE Transactions on Pattern Analysis and Machine Intelligence},
  year={2024},
  publisher={IEEE}
}

@inproceedings{wang2019adversarial,
  title={Adversarial sample detection for deep neural network through model mutation testing},
  author={Wang, Jingyi and Dong, Guoliang and Sun, Jun and Wang, Xinyu and Zhang, Peixin},
  booktitle={2019 IEEE/ACM 41st International Conference on Software Engineering (ICSE)},
  pages={1245--1256},
  year={2019},
  organization={IEEE}
}

@inproceedings{meng2017magnet,
  title={Magnet: a two-pronged defense against adversarial examples},
  author={Meng, Dongyu and Chen, Hao},
  booktitle={Proceedings of the 2017 ACM SIGSAC conference on computer and communications security},
  pages={135--147},
  year={2017}
}

@article{liang2018detecting,
  title={Detecting adversarial image examples in deep neural networks with adaptive noise reduction},
  author={Liang, Bin and Li, Hongcheng and Su, Miaoqiang and Li, Xirong and Shi, Wenchang and Wang, Xiaofeng},
  journal={IEEE Transactions on Dependable and Secure Computing},
  volume={18},
  number={1},
  pages={72--85},
  year={2018},
  publisher={IEEE}
}

@article{zheng2018robust,
  title={Robust detection of adversarial attacks by modeling the intrinsic properties of deep neural networks},
  author={Zheng, Zhihao and Hong, Pengyu},
  journal={Advances in neural information processing systems},
  volume={31},
  year={2018}
}

@inproceedings{liao2018defense,
  title={Defense against adversarial attacks using high-level representation guided denoiser},
  author={Liao, Fangzhou and Liang, Ming and Dong, Yinpeng and Pang, Tianyu and Hu, Xiaolin and Zhu, Jun},
  booktitle={Proceedings of the IEEE conference on computer vision and pattern recognition},
  pages={1778--1787},
  year={2018}
}

@inproceedings{liu2019feature,
  title={Feature distillation: Dnn-oriented jpeg compression against adversarial examples},
  author={Liu, Zihao and Liu, Qi and Liu, Tao and Xu, Nuo and Lin, Xue and Wang, Yanzhi and Wen, Wujie},
  booktitle={2019 IEEE/CVF Conference on Computer Vision and Pattern Recognition (CVPR)},
  pages={860--868},
  year={2019},
  organization={IEEE}
}

@inproceedings{jia2019comdefend,
  title={Comdefend: An efficient image compression model to defend adversarial examples},
  author={Jia, Xiaojun and Wei, Xingxing and Cao, Xiaochun and Foroosh, Hassan},
  booktitle={Proceedings of the IEEE/CVF conference on computer vision and pattern recognition},
  pages={6084--6092},
  year={2019}
}

@article{pang2020boosting,
  title={Boosting adversarial training with hypersphere embedding},
  author={Pang, Tianyu and Yang, Xiao and Dong, Yinpeng and Xu, Kun and Zhu, Jun and Su, Hang},
  journal={Advances in Neural Information Processing Systems},
  volume={33},
  pages={7779--7792},
  year={2020}
}

@inproceedings{long2022frequency,
  title={Frequency domain model augmentation for adversarial attack},
  author={Long, Yuyang and Zhang, Qilong and Zeng, Boheng and Gao, Lianli and Liu, Xianglong and Zhang, Jian and Song, Jingkuan},
  booktitle={European conference on computer vision},
  pages={549--566},
  year={2022},
  organization={Springer}
}

@article{russakovsky2015imagenet,
  title={Imagenet large scale visual recognition challenge},
  author={Russakovsky, Olga and Deng, Jia and Su, Hao and Krause, Jonathan and Satheesh, Sanjeev and Ma, Sean and Huang, Zhiheng and Karpathy, Andrej and Khosla, Aditya and Bernstein, Michael and others},
  journal={International journal of computer vision},
  volume={115},
  pages={211--252},
  year={2015},
  publisher={Springer}
}

@misc{rw2019timm,
  author = {Ross Wightman},
  title = {PyTorch Image Models},
  year = {2019},
  publisher = {GitHub},
  journal = {GitHub repository},
  doi = {10.5281/zenodo.4414861},
  howpublished = {\url{https://github.com/rwightman/pytorch-image-models}}
}

@inproceedings{he2016deep,
  title={Deep residual learning for image recognition},
  author={He, Kaiming and Zhang, Xiangyu and Ren, Shaoqing and Sun, Jian},
  booktitle={Proceedings of the IEEE conference on computer vision and pattern recognition},
  pages={770--778},
  year={2016}
}

@inproceedings{huang2017densely,
  title={Densely connected convolutional networks},
  author={Huang, Gao and Liu, Zhuang and Van Der Maaten, Laurens and Weinberger, Kilian Q},
  booktitle={Proceedings of the IEEE conference on computer vision and pattern recognition},
  pages={4700--4708},
  year={2017}
}

@article{simonyan2014very,
  title={Very deep convolutional networks for large-scale image recognition},
  author={Simonyan, Karen},
  journal={arXiv preprint arXiv:1409.1556},
  year={2014}
}

@inproceedings{xie2017aggregated,
  title={Aggregated residual transformations for deep neural networks},
  author={Xie, Saining and Girshick, Ross and Doll{\'a}r, Piotr and Tu, Zhuowen and He, Kaiming},
  booktitle={Proceedings of the IEEE conference on computer vision and pattern recognition},
  pages={1492--1500},
  year={2017}
}

@inproceedings{szegedy2017inception,
  title={Inception-v4, inception-resnet and the impact of residual connections on learning},
  author={Szegedy, Christian and Ioffe, Sergey and Vanhoucke, Vincent and Alemi, Alexander},
  booktitle={Proceedings of the AAAI conference on artificial intelligence},
  volume={31},
  year={2017}
}

@inproceedings{szegedy2016rethinking,
  title={Rethinking the inception architecture for computer vision},
  author={Szegedy, Christian and Vanhoucke, Vincent and Ioffe, Sergey and Shlens, Jon and Wojna, Zbigniew},
  booktitle={Proceedings of the IEEE conference on computer vision and pattern recognition},
  pages={2818--2826},
  year={2016}
}

@inproceedings{he2016identity,
  title={Identity mappings in deep residual networks},
  author={He, Kaiming and Zhang, Xiangyu and Ren, Shaoqing and Sun, Jian},
  booktitle={Computer Vision--ECCV 2016: 14th European Conference, Amsterdam, The Netherlands, October 11--14, 2016, Proceedings, Part IV 14},
  pages={630--645},
  year={2016},
  organization={Springer}
}

@article{kim2020torchattacks,
  title={Torchattacks: A pytorch repository for adversarial attacks},
  author={Kim, Hoki},
  journal={arXiv preprint arXiv:2010.01950},
  year={2020}
}

@article{hinton2015distilling,
  title={Distilling the Knowledge in a Neural Network},
  author={Hinton, Geoffrey},
  journal={arXiv preprint arXiv:1503.02531},
  year={2015}
}

