@inproceedings{park2004codns,
  title={CoDNS: Improving DNS Performance and Reliability via Cooperative Lookups.},
  author={Park, KyoungSoo and Pai, Vivek S and Peterson, Larry L and Wang, Zhe},
  booktitle={OSDI},
  volume={4},
  pages={14--14},
  year={2004}
}
@inproceedings{testart2020filter,
  title={To Filter or not to Filter: Measuring the Benefits of Registering in the RPKI Today},
  author={Testart, Cecilia and Richter, Philipp and King, Alistair and Dainotti, Alberto and Clark, David},
  booktitle={International Conference on Passive and Active Network Measurement},
  pages={71--87},
  year={2020},
  organization={Springer}
}
@inproceedings{hlavacek2022behind,
  title={Behind the scenes of RPKI},
  author={Hlavacek, Tomas and Jeitner, Philipp and Mirdita, Donika and Shulman, Haya and Waidner, Michael},
  booktitle={Proceedings of the 2022 ACM SIGSAC Conference on Computer and Communications Security},
  pages={1413--1426},
  year={2022}
}
@inproceedings{poole2006confidns,
  title={ConfiDNS: Leveraging Scale and History to Improve DNS Security.},
  author={Poole, Lindsey and Pai, Vivek S},
  booktitle={WORLDS},
  year={2006}
}

@misc{rovista,
	title={{RoVista}},
	author={Weitong Li and Tijay Chung},
	year = {2023},
	note = {\url{rovista.netsecurelab.org}}
}

@misc{rfc8205,
	title={{BGPsec Protocol Specification}},
	author={M. Lepinski and K. Sriram},
	year = {September, 2017},
	note = {\url{https://datatracker.ietf.org/doc/html/rfc8205}}
}

@misc{rsc,
	title={{A profile for Resource Public Key Infrastructure (RPKI) Signed Checklists (RSC)}},
	author={J. Snijders and T. Harrison and B. Maddison},
	year = {September, 2022},
	note = {\url{https://datatracker.ietf.org/doc/html/draft-ietf-sidrops-rpki-rsc}}
}
@inproceedings{bush:rpki:2009,
  title={{The RPKI \& Origin Validation}},
  author={Bush, Randy and Austein, Rob and Bellovin, Steve and Elkins, Michael},
  url={https://ripe60.ripe.net/presentations/Bush\-The\_RPKI\_Origin\_Validation.pdf},
  year={2009}
}
@inproceedings{band:rpki:2011,
  title={{Certification in the real world}},
  author={Alex Band},
  booktitle={RIPE NCC},
  url={https://ripe62.ripe.net/presentations/214-Cert-RIPE62-RoutingWG.pdf},
  year={2011}
}
@inproceedings{sun2009dependns,
  title={DepenDNS: Dependable mechanism against DNS cache poisoning},
  author={Sun, Hung-Min and Chang, Wen-Hsuan and Chang, Shih-Ying and Lin, Yue-Hsun},
  booktitle={International Conference on Cryptology and Network Security},
  pages={174--188},
  year={2009},
  organization={Springer}
}
@inproceedings{rodday2021revisiting,
  title={Revisiting RPKI Route Origin Validation on the Data Plane},
  author={Rodday, Nils and Cunha, Italo and Bush, Randy and Katz-Bassett, Ethan and Rodosek, Gabi D and Schmidt, Thomas C and W{\"a}hlisch, Matthias},
  booktitle={Proc. of Network Traffic Measurement and Analysis Conference (TMA), IFIP},
  year={2021}
}
@article{austein2017rfc,
  title={RFC 8205-BGPsec Protocol Specification},
  author={Austein, Rob and Bellovin, Steven and Housley, Russ and Kent, Stephen and Kumari, Warren and Montgomery, Doug and Morrow, Chris and Murphy, Sandy and Patel, Keyur and Scudder, John and others},
  year={2017}
}

@misc{aspa,
	title={{Verification of AS\_PATH Using the Resource Certificate Public Key Infrastructure and Autonomous System Provider Authorization}},
	author={A. Azimov and E. Bogomazov and R. Bush and K. Patel and J. Snijders},
	year = {November, 2020},
	note = {\url{https://datatracker.ietf.org/doc/html/draft-ietf-sidrops-aspa-verification-06}}
}

@article{koenvanhove,
  author    = {Koen van Hove and
               Jeroen van der Ham and
               Roland van Rijswijk{-}Deij},
  title     = {Rpkiller: Threat Analysis from an {RPKI} Relying Party Perspective},
  journal   = {CoRR},
  volume    = {abs/2203.00993},
  year      = {2022},
  url       = {https://doi.org/10.48550/arXiv.2203.00993},
  doi       = {10.48550/arXiv.2203.00993},
  eprinttype = {arXiv},
  eprint    = {2203.00993},
  timestamp = {Wed, 16 Mar 2022 16:39:52 +0100},
  biburl    = {https://dblp.org/rec/journals/corr/abs-2203-00993.bib},
  bibsource = {dblp computer science bibliography, https://dblp.org}
}
@article{DBLP:journals/corr/abs-2205-06064,
  author    = {Tomas Hlavacek and
               Philipp Jeitner and
               Donika Mirdita and
               Haya Shulman and
               Michael Waidner},
  title     = {Stalloris: {RPKI} Downgrade Attack},
  journal   = {CoRR},
  volume    = {abs/2205.06064},
  year      = {2022}
  }
  
@article{gilad2013fragmentation,
  title={Fragmentation considered vulnerable},
  author={Gilad, Yossi and Herzberg, Amir},
  journal={ACM Transactions on Information and System Security (TISSEC)},
  volume={15},
  number={4},
  pages={1--31},
  year={2013},
  publisher={ACM New York, NY, USA}
}

@misc{bush2013resource,
  title={The resource public key infrastructure (RPKI) to router protocol},
  author={Bush, Randy and Austein, Rob},
  year={2013},
  publisher={RFC 6810, January}
}

@techreport{hoffman2012dns,
  title={The DNS-based authentication of named entities (DANE) transport layer security (TLS) protocol: TLSA},
  author={Hoffman, Paul and Schlyter, Jakob},
  year={2012},
  institution={RFC 6698, August}
}
@inproceedings{gersch2013rover,
  title={Rover: Route origin verification using dns},
  author={Gersch, Joseph and Massey, Dan},
  booktitle={2013 22nd International Conference on Computer Communication and Networks (ICCCN)},
  pages={1--9},
  year={2013},
  organization={IEEE}
}

@techreport{housley2015guidelines,
  title={Guidelines for Cryptographic Algorithm Agility and Selecting Mandatory-to-Implement Algorithms},
  author={Housley, Russ},
  year={2015},
  institution={BCP 201, RFC 7696, DOI 10.17487/RFC7696, November 2015,< https://www. rfc~…}
}
@article{sun2021securing,
  title={Securing internet applications from routing attacks},
  author={Sun, Yixin and Apostolaki, Maria and Birge-Lee, Henry and Vanbever, Laurent and Rexford, Jennifer and Chiang, Mung and Mittal, Prateek},
  journal={Communications of the ACM},
  volume={64},
  number={6},
  pages={86--96},
  year={2021},
  publisher={ACM New York, NY, USA}
}

@Misc{myetherwallet,
  Title                    = {{The myetherwallet.com hijack and why it's risky to hold cryptocurrency in a webapp}},
  Author                   = {{S. Goldberg}},
  url             = {https://medium.com/@goldbe/the-myetherwallet-com-hijack-and-why-its-risky-to-hold-cryptocurrency-in-a-webapp-261131fad278},
  Year                     = {2018}
}

@article{bellovin1989security,
  title={Security problems in the TCP/IP protocol suite},
  author={Bellovin, Steven M},
  journal={ACM SIGCOMM Computer Communication Review},
  volume={19},
  number={2},
  pages={32--48},
  year={1989},
  publisher={ACM New York, NY, USA}
}

@Misc{dns:venezuela,
  Title                    = {{Recent Routing Incidents:
Using BGP to Hijack DNS and more}},
  Author                   = {{D. Madory}},
  Year                     = {2018},
  Url                      = {{https://www.lacnic.net/innovaportal/file/3207/1/dougmadory_lacnic_30_rosario.pdf}}
}

@Misc{multi:va,
  Title                    = {{Multi-Perspective Validation Improves Domain Validation Security}},
  Author                   = {{Josh Aas and Daniel McCarney and and Roland Shoemaker}},
  Year                     = {2020},
  Url                      = {{https://letsencrypt.org/2020/02/19/multi-perspective-validation.html}}
}


@inproceedings{hu2007accurate,
  title={Accurate real-time identification of IP prefix hijacking},
  author={Hu, Xin and Mao, Z Morley},
  booktitle={2007 IEEE Symposium on Security and Privacy (SP'07)},
  pages={3--17},
  year={2007},
  organization={IEEE}
}

@inproceedings{kruegel2003topology,
  title={Topology-based detection of anomalous BGP messages},
  author={Kruegel, Christopher and Mutz, Darren and Robertson, William and Valeur, Fredrik},
  booktitle={International Workshop on Recent Advances in Intrusion Detection},
  pages={17--35},
  year={2003},
  organization={Springer}
}
@article{klein2007bind,
  title={BIND 9 DNS cache poisoning},
  author={Klein, Amit},
  journal={Report, Trusteer, Ltd},
  volume={3},
  year={2007}
}
@misc{apnic,
	author = {Geoff Huston},
	title = {Measuring ROAs and ROV},
	url = {https://stats.labs.apnic.net/rpki},
	year = {2021}
}
@misc{cloudfl,
	author = {Geoff Huston},
	title = {Measuring ROAs and ROV},
	url = {https://stats.labs.cloudflare.net/rpki},
	year = {2021}
}

@inproceedings{saddns,
  author    = {Keyu Man and
               Zhiyun Qian and
               Zhongjie Wang and
               Xiaofeng Zheng and
               Youjun Huang and Haixin Duan},
  title     = {{DNS Cache Poisoning Attack Reloaded: Revolutions with Side Channels}},
  booktitle = {Proceedings of the 2020 {ACM} {SIGSAC} Conference on Computer and Communications Security},
  year      = {2020}
  }
@inproceedings{conf/esorics/HerzbergS12,
  author    = {Amir Herzberg and
               Haya Shulman},
  title     = {{Security of Patched DNS}},
  booktitle = {Computer Security - {ESORICS} 2012 - 17th European Symposium on Research
               in Computer Security, Pisa, Italy, September 10-12, 2012. Proceedings},
  year      = {2012},
  pages     = {271--288}
}
@INPROCEEDINGS{collaborative-poison,
  author={F. {Alharbi} and J. {Chang} and Y. {Zhou} and F. {Qian} and Z. {Qian} and N. {Abu-Ghazaleh}},
  booktitle={IEEE INFOCOM 2019 - IEEE Conference on Computer Communications}, 
  title={Collaborative Client-Side DNS Cache Poisoning Attack}, 
  year={2019},
  volume={},
  number={},
  doi={10.1109/INFOCOM.2019.8737514}
}


@article{klein2020cross,
  title={Cross Layer Attacks and How to Use Them (for DNS Cache Poisoning, Device Tracking and More)},
  author={Klein, Amit},
  journal={arXiv:2012.07432},
  year={2020}
}

@inproceedings{zheng2020poison,
  title={Poison Over Troubled Forwarders: A Cache Poisoning Attack Targeting {DNS} Forwarding Devices},
  author={Zheng, Xiaofeng and Lu, Chaoyi and Peng, Jian and Yang, Qiushi and Zhou, Dongjie and Liu, Baojun and Man, Keyu and Hao, Shuang and Duan, Haixin and Qian, Zhiyun},
  booktitle={29th {USENIX} Security Symposium ({USENIX} Security 20)},
  pages={577--593},
  year={2020}
}
@inproceedings{shulman2015towards,
  title={Towards Security of Internet Naming Infrastructure},
  author={Shulman, Haya and Waidner, Michael},
  booktitle={European Symposium on Research in Computer Security},
  pages={3--22},
  year={2015},
  organization={Springer}
}
@misc{klein2007windows,
  title={Windows DNS Server Cache Poisoning,”},
  author={Klein, Amit},
  year={2007}
}
@Misc{Kaminsky08,
  Title                    = {{I}t's the {E}nd of the {C}ache {A}s {W}e {K}now {I}t},
  Author                   = {Dan Kaminsky},
  HowPublished             = {Presentation at Blackhat Briefings},
  Year                     = {2008}
}
@Misc{Bernstein:DNS,
  Title                    = {{DNS Forgery}},

  Author                   = {Dan J. Bernstein},
  HowPublished             = {\url{http://cr.yp.to/djbdns/forgery.html}},
  Month                    = {November},
  Year                     = {2002},

  Notes                    = {Updated February 2009}
}
@Misc{multi:va:unbound,
  Title                    = {{EDNS Buffer Size Changing to 512 Bytes}},
  Author                   = {{Let'sEncrypt}},
  Year                     = {2018},
  Url                      = {{https://community.letsencrypt.org/t/edns-buffer-size-changing-to-512-bytes/77945}}
}

@article{siby2019encrypted,
  title={Encrypted DNS--> Privacy? A Traffic Analysis Perspective},
  author={Siby, Sandra and Juarez, Marc and Diaz, Claudia and Vallina-Rodriguez, Narseo and Troncoso, Carmela},
  journal={arXiv preprint arXiv:1906.09682},
  year={2019}
}
@techreport{damas2008preventing,
  title={Preventing use of recursive nameservers in reflector attacks},
  author={Damas, Joao and Neves, F},
  year={2008},
  institution={BCP 140, RFC 5358, October}
}
@InProceedings{Vixie95,
  Title                    = {{DNS} and {BIND} Security Issues},
  Author                   = {Paul Vixie},
  Booktitle                = {Proceedings of the 5th Symposium on {UNIX} Security},
  Year                     = {1995},

  Address                  = {Berkeley, CA, USA},
  Month                    = {jun},
  Pages                    = {209--216},
  Publisher                = {USENIX Association},

  ISBN                     = {1-880446-70-7}
}

@inproceedings{shulman2014pretty,
  title={Pretty bad privacy: Pitfalls of DNS encryption},
  author={Shulman, Haya},
  booktitle={Proceedings of the 13th Workshop on Privacy in the Electronic Society},
  pages={191--200},
  year={2014}
}
@misc{hu2016rfc,
  title={RFC 7858-Specification for DNS over Transport Layer Security (TLS)},
  author={Hu, Z and Zhu, L and Heidemann, J and Mankin, A and Wessels, D and Hoffman, P},
  year={2016},
  publisher={Fremont, CA: Internet Engineering Task Force (IETF). https://doi. org/10~…}
}
@inproceedings{hay2013subverting,
  title={Subverting BIND's $\{$SRTT$\}$ Algorithm Derandomizing $\{$NS$\}$ Selection},
  author={Hay, Roee and Kalechstein, Jonathan and Nakibly, Gabi},
  booktitle={7th $\{$USENIX$\}$ Workshop on Offensive Technologies ($\{$WOOT$\}$ 13)},
  year={2013}
}
@inproceedings{man2021dns,
  title={DNS Cache Poisoning Attack: Resurrections with Side Channels},
  author={Man, Keyu and Zhou, Xin'an and Qian, Zhiyun},
  booktitle={Proceedings of the 2021 ACM SIGSAC Conference on Computer and Communications Security},
  pages={3400--3414},
  year={2021}
}

@inproceedings{salutari2018closer,
  title={A closer look at ip-id behavior in the wild},
  author={Salutari, Flavia and Cicalese, Danilo and Rossi, Dario J},
  booktitle={International Conference on Passive and Active Network Measurement},
  pages={243--254},
  year={2018},
  organization={Springer}
}

@article{mukaka2012guide,
  title={A guide to appropriate use of correlation coefficient in medical research},
  author={Mukaka, Mavuto M},
  journal={Malawi medical journal},
  volume={24},
  number={3},
  pages={69--71},
  year={2012}
}


@InProceedings{cns:frag:dns,
  Title                    = {Fragmentation {C}onsidered {P}oisonous: or one-domain-to-rule-them-all.org},
  Author                   = {Amir Herzberg and Haya Shulman},
  Booktitle                = {IEEE CNS 2013. The Conference on Communications and Network Security, Washington, D.C., U.S.},
  Year                     = {2013},
  month	                   = {October},
  Organization             = {IEEE}
}

@article{yu2012authority,
  title={Authority server selection in DNS caching resolvers},
  author={Yu, Yingdi and Wessels, Duane and Larson, Matt and Zhang, Lixia},
  journal={ACM SIGCOMM Computer Communication Review},
  volume={42},
  number={2},
  pages={80--86},
  year={2012},
  publisher={ACM New York, NY, USA}
}
@inproceedings{wendlandt2008improving,
  title={Improving SSH-style Host Authentication with Multi-path Network Probing},
  author={Wendlandt, D and Andersen, D and Perspectives, A Perrigo},
  booktitle={USENIX Annual Technical Conference},
  year={2008}
}
@inproceedings{alicherry2009doublecheck,
  title={Doublecheck: Multi-path verification against man-in-the-middle attacks},
  author={Alicherry, Mansoor and Keromytis, Angelos D},
  booktitle={2009 IEEE Symposium on Computers and Communications},
  pages={557--563},
  year={2009},
  organization={IEEE}
}

@article{hoang2020k,
  title={K-resolver: Towards Decentralizing Encrypted DNS Resolution},
  author={Hoang, Nguyen Phong and Lin, Ivan and Ghavamnia, Seyedhamed and Polychronakis, Michalis},
  journal={arXiv preprint arXiv:2001.08901},
  year={2020}
}

@inproceedings{birge2018bamboozling,
  title={Bamboozling certificate authorities with $\{$BGP$\}$},
  author={Birge-Lee, Henry and Sun, Yixin and Edmundson, Anne and Rexford, Jennifer and Mittal, Prateek},
  booktitle={27th $\{$USENIX$\}$ Security Symposium ($\{$USENIX$\}$ Security 18)},
  pages={833--849},
  year={2018}
}

@inproceedings{brandt2018domain,
  title={{Domain Validation++ For MitM-Resilient PKI}},
  author={Brandt, Markus and Dai, Tianxiang and Klein, Amit and Shulman, Haya and Waidner, Michael},
  booktitle={Proceedings of the 2018 ACM SIGSAC Conference on Computer and Communications Security},
  pages={2060--2076},
  year={2018},
  organization={ACM}
}
