@inproceedings{kristoff2020measuring,
  title={On measuring RPKI relying parties},
  author={Kristoff, John and Bush, Randy and Kanich, Chris and Michaelson, George and Phokeer, Amreesh and Schmidt, Thomas C and W{\"a}hlisch, Matthias},
  booktitle={Proceedings of the ACM Internet Measurement Conference},
  pages={484--491},
  year={2020}
}


@article{reuter2018towards,
  title={Towards a rigorous methodology for measuring adoption of RPKI route validation and filtering},
  author={Reuter, Andreas and Bush, Randy and Cunha, Italo and Katz-Bassett, Ethan and Schmidt, Thomas C and W{\"a}hlisch, Matthias},
  journal={ACM SIGCOMM Computer Communication Review},
  volume={48},
  number={1},
  pages={19--27},
  year={2018},
  publisher={ACM New York, NY, USA}
}


@misc{ripeValidator,
title={Routinator},
author={RIPE},
howpublished = {\url{https://rpki-validator.ripe.net/ui/}},
note={2022}
}

@misc{cloudflare,
title={Is BGP safe yet?},
author={Cloudflare},
howpublished = {\url{https://isbgpsafeyet.com/}},
note={Accessed: 01.2024}
}

@misc{rheintal,
title={Rheintal Validator},
author={Rheintal IX},
howpublished = {\url{https://www.rheintal-ix.net/tech/rpki/}},
note={Accessed: 29.07.2022}
}


@misc{RIS,
title={RIS BGP Collectors},
author={RIPE},
howpublished = {\url{https://www.ripe.net/analyse/internet-measurements/routing-information-service-ris/archive/ris-raw-data}},
note={Accessed: 25.07.2022}
}

@misc{routeviews,
title={Routeview BGP Collectors},
author={Routeviews},
howpublished = {\url{http://www.routeviews.org/routeviews/index.php/collectors/}},
note={Accessed: 25.07.2022}
}

@misc{aixRPKI,
title={Amsterdam IX Routeservers},
author={AmsIX},
howpublished = {\url{https://www.ams-ix.net/ams/documentation/ams-ix-route-servers}},
note={Accessed: 30.07.2022}
}

@misc{decixRPKI,
title={Routeserver Guide RPKI},
author={DE-CIX},
howpublished = {\url{https://www.de-cix.net/en/resources/service-information/route-server-guides/rpki}},
note={Accessed: 30.07.2022}
}

@misc{mixRPKI,
title={Milan IX RPKI},
author={MIX},
howpublished = {\url{https://www.mix-it.net/en/route-server/}},
note={Accessed: 30.07.2022}
}

@misc{nixRPKI,
title={NIX.CZ Peering Policy},
author={NIX.CZ},
howpublished = {\url{https://www.nix.cz/file/PEERING_POLICY}},
note={Accessed: 30.07.2022}
}


@misc{eqRPKI,
title={Equinix RPKI},
author={Equinix},
howpublished = {\url{https://docs.equinix.com/en-us/Content/Interconnection/IX/IX-rpki.htm}},
note={Accessed: 30.07.2022}
}


@misc{caidaASMapping,
title={Prefix to AS mapping},
author={CAIDA},
howpublished = {\url{https://www.caida.org/catalog/datasets/routeviews-prefix2as/}},
note={Accessed: 25.07.2022}
}

@misc{caidaIXPMapping,
title={IXP Dataset},
author={CAIDA},
howpublished = {\url{https://www.caida.org/catalog/datasets/ixps/}},
note={Accessed: 25.07.2022}
}

@inproceedings{hlavacek2018practical,
  title={Practical experience: Methodologies for measuring route origin validation},
  author={Hlavacek, Tomas and Herzberg, Amir and Shulman, Haya and Waidner, Michael},
  booktitle={2018 48th Annual IEEE/IFIP International Conference on Dependable Systems and Networks (DSN)},
  pages={634--641},
  year={2018},
  organization={IEEE}
}


@article{cohen2001breakdown,
  title={Breakdown of the internet under intentional attack},
  author={Cohen, Reuven and Erez, Keren and Ben-Avraham, Daniel and Havlin, Shlomo},
  journal={Physical review letters},
  volume={86},
  number={16},
  pages={3682},
  year={2001},
  publisher={APS}
}


@inproceedings{DBLP:conf/imc/MullerTCJR20,
	author    = {Moritz M{\"{u}}ller and
	Willem Toorop and
	Taejoong Chung and
	Jelte Jansen and
	Roland van Rijswijk{-}Deij},
	title     = {The Reality of Algorithm Agility: Studying the {DNSSEC} Algorithm
	Life-Cycle},
	booktitle = {Internet Measurement Conference},
	pages     = {295--308},
	publisher = {{ACM}},
	year      = {2020}
}
@inproceedings{dai2021hijackers,
  title={The Hijackers Guide To The Galaxy:$\{$Off-Path$\}$ Taking Over Internet Resources},
  author={Dai, Tianxiang and Jeitner, Philipp and Shulman, Haya and Waidner, Michael},
  booktitle={30th USENIX Security Symposium (USENIX Security 21)},
  pages={3147--3164},
  year={2021}
}

@inproceedings{jeitner2021injection,
  title={{Injection Attacks Reloaded: Tunnelling Malicious Payloads over DNS}},
  author={Jeitner, Philipp and Shulman, Haya},
  booktitle={30th USENIX Security Symposium (USENIX Security 21)},
  pages={3165--3182},
  year={2021}
}
@InProceedings{DagonAVJL08,
  Title                    = {Increased {DNS} forgery resistance through 0x20-bit encoding: security via leet queries},
  Author                   = {David Dagon and Manos Antonakakis and Paul Vixie and Tatuya Jinmei and Wenke Lee},
  Booktitle                = {ACM Conference on Computer and Communications Security},
  Year                     = {2008},
  Editor                   = {Peng Ning and Paul F. Syverson and Somesh Jha},
  Pages                    = {211--222},
  Publisher                = {ACM},
  Bibdate                  = {2008-11-11},
  Bibsource                = {DBLP, http://dblp.uni-trier.de/db/conf/ccs/ccs2008.html\\\#DagonAVJL08},
  Booktitle1               = {Proceedings of the 2008 {ACM} Conference on Computer and Communications Security, {CCS} 2008, Alexandria, Virginia, {USA}, October 27-31, 2008}
}

@inproceedings{chung2017understanding,
  title={Understanding the role of registrars in DNSSEC deployment},
  author={Chung, Taejoong and van Rijswijk-Deij, Roland and Choffnes, David and Levin, Dave and Maggs, Bruce M and Mislove, Alan and Wilson, Christo},
  booktitle={Proceedings of the 2017 Internet Measurement Conference},
  pages={369--383},
  year={2017}
}
@techreport{RFC6840,
  author = {S. Weiler and D. Blacka},
  title = {Clarifications and Implementation Notes for DNS Security (DNSSEC)},
  howpublished = {Internet Requests for Comments},
  type = {RFC},
  number = {6840},
  year = {2013},
  month = {February},
  issn = {2070-1721},
  publisher = {RFC Editor},
  institution = {RFC Editor},
  url = {http://www.rfc-editor.org/rfc/rfc6840.txt},
  note = {\url{http://www.rfc-editor.org/rfc/rfc6840.txt}},
}
@InProceedings{schul-infocom17,
  Title                    = {{Internet-Wide Study of DNS Cache Injections}},
  Author                   = {Amit Klein and Haya Shulman and Michael Waidner},
  Booktitle                = {INFOCOM},
  Year                     = {2017}
}
@incollection{son2010hitchhiker,
  title={The hitchhikerâ€™s guide to DNS cache poisoning},
  author={Son, Sooel and Shmatikov, Vitaly},
  booktitle={Security and Privacy in Communication Networks},
  pages={466--483},
  year={2010},
  publisher={Springer}
}

@techreport{RFC1035,
  author = {P. Mockapetris},
  title = {Domain names - implementation and specification},
  howpublished = {Internet Requests for Comments},
  type = {STD},
  number = {13},
  year = {1987},
  month = {November},
  issn = {2070-1721},
  publisher = {RFC Editor},
  institution = {RFC Editor},
  url = {http://www.rfc-editor.org/rfc/rfc1035.txt},
  note = {\url{http://www.rfc-editor.org/rfc/rfc1035.txt}},
}
@techreport{RFC5452,
  author = {A. Hubert and R. van Mook},
  title = {Measures for Making DNS More Resilient against Forged Answers},
  howpublished = {Internet Requests for Comments},
  type = {RFC},
  number = {5452},
  year = {2009},
  month = {January},
  issn = {2070-1721},
  publisher = {RFC Editor},
  institution = {RFC Editor},
}
@inproceedings{dai2016dnssec,
  title={Dnssec misconfigurations in popular domains},
  author={Dai, Tianxiang and Shulman, Haya and Waidner, Michael},
  booktitle={International Conference on Cryptology and Network Security},
  pages={651--660},
  year={2016},
  organization={Springer}
}
@inproceedings{herzberg2014less,
  title={{Less is more: cipher-suite negotiation for DNSSEC}},
  author={Herzberg, Amir and Shulman, Haya and Crispo, Bruno},
  booktitle={Proceedings of the 30th Annual Computer Security Applications Conference},
  pages={346--355},
  year={2014}
}
@inproceedings{DBLP:conf/imc/MouraCHWH20,
	author    = {Giovane C. M. Moura and
	Sebastian Castro and
	Wes Hardaker and
	Maarten Wullink and
	Cristian Hesselman},
	title     = {Clouding up the Internet: how centralized is {DNS} traffic becoming?},
	booktitle = {Internet Measurement Conference},
	pages     = {42--49},
	publisher = {{ACM}},
	year      = {2020}
}

@inproceedings{DBLP:conf/acsac/HerzbergSC14,
	author    = {Amir Herzberg and
	Haya Shulman and
	Bruno Crispo},
	title     = {Less is more: cipher-suite negotiation for {DNSSEC}},
	booktitle = {{ACSAC}},
	pages     = {346--355},
	publisher = {{ACM}},
	year      = {2014}
}

@inproceedings{DBLP:conf/cans/HerzbergS14,
	author    = {Amir Herzberg and
	Haya Shulman},
	title     = {Negotiating {DNSSEC} Algorithms over Legacy Proxies},
	booktitle = {{CANS}},
	series    = {Lecture Notes in Computer Science},
	volume    = {8813},
	pages     = {111--126},
	publisher = {Springer},
	year      = {2014}
}



@article{MdvOv20,
	author = {M\"{u}ller, Moritz and de Jong, Jins and van Heesch, Maran and Overeinder, Benno and van Rijswijk-Deij, Roland},
	title = {Retrofitting Post-Quantum Cryptography in Internet Protocols: A Case Study of {DNSSEC}},
	year = {2020},
	publisher = {Association for Computing Machinery},
	address = {New York, NY, USA},
	volume = {50},
	number = {4},
	journal = {SIGCOMM Comput. Comm. Rev.},
	pages = {49--57}
}

@techreport{RFC8624,
	author = {P. Wouters and O. Sury},
	title = {Algorithm Implementation Requirements and Usage Guidance for DNSSEC},
	howpublished = {Internet Requests for Comments},
	type = {RFC},
	number = {8624},
	year = {2019},
	month = {June},
	issn = {2070-1721},
	publisher = {RFC Editor},
	institution = {RFC Editor},
}

@techreport{RFC7696,
	author = {R. Housley},
	title = {Guidelines for Cryptographic Algorithm Agility and Selecting Mandatory-to-Implement Algorithms},
	howpublished = {Internet Requests for Comments},
	type = {BCP},
	number = {201},
	year = {2015},
	month = {November},
	issn = {2070-1721},
	publisher = {RFC Editor},
	institution = {RFC Editor},
}

@inproceedings{DBLP:conf/noms/LeRAZ18,
	author    = {Tho Le and
	Roland van Rijswijk{-}Deij and
	Luca Allodi and
	Nicola Zannone},
	title     = {Economic incentives on {DNSSEC} deployment: Time to move from quantity
	to quality},
	booktitle = {{NOMS}},
	pages     = {1--9},
	publisher = {{IEEE}},
	year      = {2018}
}

@inproceedings{osterweil2008quantifying,
  title={Quantifying the operational status of the dnssec deployment},
  author={Osterweil, Eric and Ryan, Michael and Massey, Dan and Zhang, Lixia},
  booktitle={Proceedings of the 8th ACM SIGCOMM conference on Internet measurement},
  pages={231--242},
  year={2008}
}

@inproceedings{chung2017longitudinal,
  title={A longitudinal, end-to-end view of the $\{$DNSSEC$\}$ ecosystem},
  author={Chung, Taejoong and van Rijswijk-Deij, Roland and Chandrasekaran, Balakrishnan and Choffnes, David and Levin, Dave and Maggs, Bruce M and Mislove, Alan and Wilson, Christo},
  booktitle={26th $\{$USENIX$\}$ Security Symposium ($\{$USENIX$\}$ Security 17)},
  pages={1307--1322},
  year={2017}
}
@incollection{van2017root,
  title={The root canary: Monitoring and measuring the DNSSEC root key rollover},
  author={van Rijswijk-Deij, Roland and Chung, Taejoong and Choffnes, David and Mislove, Alan and Toorop, Willem},
  booktitle={Proceedings of the SIGCOMM Posters and Demos},
  pages={63--64},
  year={2017}
}
@inproceedings{muller2019roll,
  title={Roll, Roll, Roll your Root: A Comprehensive Analysis of the First Ever DNSSEC Root KSK Rollover},
  author={M{\"u}ller, Moritz and Thomas, Matthew and Wessels, Duane and Hardaker, Wes and Chung, Taejoong and Toorop, Willem and Rijswijk-Deij, Roland van},
  booktitle={Proceedings of the Internet Measurement Conference},
  pages={1--14},
  year={2019}
}

@article{muller2019rolling,
  title={Rolling with confidence: Managing the complexity of dnssec operations},
  author={M{\"u}ller, Moritz and Chung, Taejoong and Mislove, Alan and van Rijswijk-Deij, Roland},
  journal={IEEE transactions on network and service management},
  volume={16},
  number={3},
  pages={1199--1211},
  year={2019},
  publisher={IEEE}
}

@article{alagic2020status,
	title={Status report on the second round of the {NIST} post-quantum cryptography standardization process},
	author={Alagic, Gorjan and Alperin-Sheriff, Jacob and Apon, Daniel and Cooper, David and Dang, Quynh and Kelsey, John and Liu, Yi-Kai and Miller, Carl and Moody, Dustin and Peralta, Rene and others},
	journal={US Department of Commerce, NIST},
	year={2020}
}
@article{herzberg2015cipher,
  title={Cipher-Suite Negotiation for DNSSEC: Hop-by-Hop or End-to-End?},
  author={Herzberg, Amir and Shulman, Haya},
  journal={IEEE Internet Computing},
  volume={19},
  number={1},
  pages={80--84},
  year={2015},
  publisher={IEEE}
}

@techreport{york2016observations,
  title={Observations on deploying new DNSSEC cryptographic algorithms},
  author={York, Dan and Sur{\`y}, Ond{\v{r}}ej and Wouters, Paul and Gudmundsson, O},
  year={2016},
  institution={Tech. Rep}
}
@inproceedings{muller2020reality,
  title={The Reality of Algorithm Agility: Studying the DNSSEC Algorithm Life-Cycle},
  author={M{\"u}ller, Moritz and Toorop, Willem and Chung, Taejoong and Jansen, Jelte and van Rijswijk-Deij, Roland},
  booktitle={Proceedings of the ACM Internet Measurement Conference},
  pages={295--308},
  year={2020}
}
@inproceedings{shulman2017one,
  title={One Key to Sign Them All Considered Vulnerable: Evaluation of $\{$DNSSEC$\}$ in the Internet},
  author={Shulman, Haya and Waidner, Michael},
  booktitle={14th $\{$USENIX$\}$ Symposium on Networked Systems Design and Implementation ($\{$NSDI$\}$ 17)},
  pages={131--144},
  year={2017}
}
@InProceedings{kaminsky:dns,
  Title                    = {{I}t's the {E}nd of the {C}ache {A}s {W}e {K}now {I}t},
  Author                   = {Dan Kaminsky},
  Booktitle                = {Black Hat conference},
  Year                     = {2008},
  Month                    = {August},
  Note                     = {\url{http://www.blackhat.com/presentations/bh-jp-08/bh-jp-08-Kaminsky/BlackHat-Japan-08-Kaminsky-DNS08-BlackOps.pdf}}
}
@techreport{RFC6891,
	author = {J. Damas and M. Graff and P. Vixie},
	title = {Extension Mechanisms for {DNS (EDNS(0))}},
	howpublished = {Internet Requests for Comments},
	type = {STD},
	number = {75},
	year = {2013},
	month = {April},
	issn = {2070-1721},
	publisher = {RFC Editor},
	institution = {RFC Editor},
}

@article{DBLP:journals/iacr/CrockettPS19,
	author    = {Eric Crockett and
	Christian Paquin and
	Douglas Stebila},
	title     = {Prototyping post-quantum and hybrid key exchange and authentication
	in {TLS} and {SSH}},
	journal   = {{IACR} Cryptol. ePrint Arch.},
	volume    = {2019},
	pages     = {858},
	year      = {2019}
}


@misc{KV19,
	title={The TLS Post-Quantum Experiment},
	author={Kris Kwiatkowski and Luke Valenta},
	year = {October 30, 2019},
	note = {\url{https://blog.cloudflare.com/the-tls-post-quantum-experiment/}}
}


@misc{DNS_flag,
	title={{DNS} flag day 2020},
	year = {October 1, 2020},
	note = {\url{https://dnsflagday.net/2020/}}
}

@inproceedings{DBLP:conf/imc/ChungRCLMMW17,
	author    = {Taejoong Chung and
	Roland van Rijswijk{-}Deij and
	David R. Choffnes and
	Dave Levin and
	Bruce M. Maggs and
	Alan Mislove and
	Christo Wilson},
	title     = {Understanding the role of registrars in {DNSSEC} deployment},
	booktitle = {{IMC}},
	pages     = {369--383},
	publisher = {{ACM}},
	year      = {2017}
}

@misc{osterweil2021beginning,
      title={From the Beginning: Key Transitions in the First 15 Years of DNSSEC}, 
      author={Eric Osterweil and Pouyan Fotouhi Tehrani and Thomas C. Schmidt and Matthias WÃ¤hlisch},
      year={2021},
      eprint={2109.08783},
      archivePrefix={arXiv},
      primaryClass={cs.CR}
}

@misc{iana-dnssec-numbers,
    title = {Domain Name System Security ({DNSSEC}) Algorithm Numbers},
    note = {\url{https://www.iana.org/assignments/dns-sec-alg-numbers/dns-sec-alg-numbers.xhtml}}
}

@online{krill0.9.3,
    author = "NLnetLabs",
    title = "NLnetLabs: RPKI Certificate Authority and Publication Server written in Rust",
    url  = "https://github.com/NLnetLabs/krill",
    addendum = "(accessed: 27.05.2022)"
}

@online{lxc,
    author = "LXC Containers",
    title = "Linux Containers",
    url  = "https://linuxcontainers.org/",
    addendum = "(accessed: 27.05.2022)"
}

@article{agrawal2024review,
  title={A review of generative models in generating synthetic attack data for cybersecurity},
  author={Agrawal, Garima and Kaur, Amardeep and Myneni, Sowmya},
  journal={Electronics},
  volume={13},
  number={2},
  pages={322},
  year={2024},
  publisher={MDPI}
}

@online{nist2024,
    author = "NIST",
    title = "NIST RPKI Monitor",
    url  = "https://rpki-monitor.antd.nist.gov/",
    addendum = "(accessed: 27.05.2024)"
}