@inproceedings{kuzmanovic2003low,
  title={Low-rate TCP-targeted denial of service attacks: the shrew vs. the mice and elephants},
  author={Kuzmanovic, Aleksandar and Knightly, Edward W},
  booktitle={Proceedings of the 2003 conference on Applications, technologies, architectures, and protocols for computer communications},
  pages={75--86},
  year={2003},
  organization={ACM}
}

@Misc{dnssec:cost,
  Title                    = {{The Cost of DNSSEC}},
  Author                   = {Geoff Huston},
  HowPublished             = {\\\url{http://www.potaroo.net/ispcol/2014-08/dnsseccost.html}},
  Year                     = {2014}
}

@inproceedings{DBLP:conf/ccs/ShulmanVW22,
  author    = {Haya Shulman and
               Niklas Vogel and
               Michael Waidner},
  editor    = {Heng Yin and
               Angelos Stavrou and
               Cas Cremers and
               Elaine Shi},
  title     = {Poster: Insights into Global Deployment of {RPKI} Validation},
  booktitle = {Proceedings of the 2022 {ACM} {SIGSAC} Conference on Computer and
               Communications Security, {CCS} 2022, Los Angeles, CA, USA, November
               7-11, 2022},
  pages     = {3467--3469},
  publisher = {{ACM}},
  year      = {2022}
}

@incollection{lee1990fault,
  title={Fault tolerance},
  author={Lee, Peter Alan and Anderson, Thomas},
  booktitle={Fault Tolerance},
  pages={51--77},
  year={1990},
  publisher={Springer}
}

@inproceedings {usenix-stalloris-21,
title = {Stalloris: {RPKI} Downgrade Attack},
booktitle = {31st USENIX Security Symposium (USENIX Security 22)},
year = {2022},
address = {Boston, MA},
url = {https://www.usenix.org/conference/usenixsecurity22/presentation/hlavacek},
publisher = {USENIX Association},
month = aug,
}

@inproceedings{DBLP:conf/uss/Birge-LeeSERM18,
  author    = {Henry Birge{-}Lee and
               Yixin Sun and
               Anne Edmundson and
               Jennifer Rexford and
               Prateek Mittal},
  editor    = {William Enck and
               Adrienne Porter Felt},
  title     = {Bamboozling Certificate Authorities with {BGP}},
  booktitle = {27th {USENIX} Security Symposium, {USENIX} Security 2018, Baltimore,
               MD, USA, August 15-17, 2018},
  pages     = {833--849},
  publisher = {{USENIX} Association},
  year      = {2018},
  url       = {https://www.usenix.org/conference/usenixsecurity18/presentation/birge-lee},
  timestamp = {Mon, 01 Feb 2021 08:43:20 +0100},
  biburl    = {https://dblp.org/rec/conf/uss/Birge-LeeSERM18.bib},
  bibsource = {dblp computer science bibliography, https://dblp.org}
}

@article{DBLP:journals/corr/abs-2004-09063,
  author    = {Yixin Sun and
               Maria Apostolaki and
               Henry Birge{-}Lee and
               Laurent Vanbever and
               Jennifer Rexford and
               Mung Chiang and
               Prateek Mittal},
  title     = {Securing Internet Applications from Routing Attacks},
  journal   = {CoRR},
  volume    = {abs/2004.09063},
  year      = {2020},
  url       = {https://arxiv.org/abs/2004.09063},
  eprinttype = {arXiv},
  eprint    = {2004.09063},
  timestamp = {Wed, 22 Apr 2020 12:57:53 +0200},
  biburl    = {https://dblp.org/rec/journals/corr/abs-2004-09063.bib},
  bibsource = {dblp computer science bibliography, https://dblp.org}
}
@Misc{china:telecom,
  Title                    = {{BGP event sends European mobile traffic through China Telecom for 2 hours}},
  Author                   = {Arstechnica},
  HowPublished             = {\url{https://arstechnica.com/information-technology/2019/06/bgp-mishap-sends-european-mobile-traffic-through-china-telecom-for-2-hours/}},
  month = November,
  Year                     = {2019}
}

@Misc{mitm:threat,
  Title                    = {{The New Threat: Targeted Internet Traffic Misdirection}},
  Author                   = {Renesys},
  HowPublished             = {\\\url{http://www.renesys.com/2013/11/mitm-internet-hijacking/}},
  month = November,
  Year                     = {2013}
}

@Misc{turkey:hijack,
  Title                    = {{Turkey Hijacking IP Addresses for Popular Global DNSProviders}},
  Author                   = {Andree Toonk},
  HowPublished             = {\\\url{https://www.bgpmon.net/turkey-hijacking-ip-addresses-for-popular-global-dns-providers/}},
  month = March,
  Year                     = {2014}
}

@Misc{indosat:hijack,
  Title                    = {{Hijack  Event  Today  by  Indosat}},
  Author                   = {Andree Toonk},
  HowPublished             = {\\\url{http://www.bgpmon.net/hijack-event-today-by-indosat/}},
  month = April,
  Year                     = {2014}
}

@Misc{fb:out,
  Title                    = {{More details about the October 4 outage}},
  Author                   = {Santosh Janardhan},
  HowPublished             = {\url{https://engineering.fb.com/2021/10/05/networking-traffic/outage-details/}},
  month = October,
  Year                     = {2021}
}


@article{cambiaso2013slow,
  title={Slow DoS attacks: definition and categorisation},
  author={Cambiaso, Enrico and Papaleo, Gianluca and Chiola, Giovanni and Aiello, Maurizio},
  journal={International Journal of Trust Management in Computing and Communications},
  volume={1},
  number={3-4},
  pages={300--319},
  year={2013},
  publisher={Inderscience Publishers Ltd}
}
@article{reutermeasuring,
  title={Measuring Adoption of RPKI Route Validation and Filtering},
  author={Reuter, Andreas and Katz-Bassett, Ethan and Cunha, Italo and Schmidt, Thomas C and W{\"a}hlisch, Matthias}
}


@article{sahu2000achievable,
  title={On achievable service differentiation with token bucket marking for TCP},
  author={Sahu, Sambit and Nain, Philippe and Diot, Christophe and Firoiu, Victor and Towsley, Don},
  journal={ACM SIGMETRICS Performance Evaluation Review},
  volume={28},
  number={1},
  pages={23--33},
  year={2000},
  publisher={ACM New York, NY, USA}
}

@inproceedings{gilad2017we,
  title={{Are We There Yet? On RPKI's Deployment and Security}},
  author={Gilad, Yossi and Cohen, Avichai and Herzberg, Amir and Schapira, Michael and Shulman, Haya},
  booktitle={NDSS},
  year={2017}
}
@inproceedings{hlavacek2020disco,
  title={Disco: Sidestepping rpki's deployment barriers},
  author={Hlavacek, Tomas and Cunha, Italo and Gilad, Yossi and Herzberg, Amir and Katz-Bassett, Ethan and Schapira, Michael and Shulman, Haya},
  booktitle={Network and Distributed System Security Symposium (NDSS)},
  year={2020}
}
@inproceedings{clark2020filter,
  title={To Filter or not to Filter: Measuring the Benefits of Registering in the RPKI Today},
  author={Clark, David},
  booktitle={Passive and Active Measurement: 21st International Conference, PAM 2020, Eugene, Oregon, USA, March 30-31, 2020, Proceedings},
  volume={12048},
  pages={71},
  year={2020},
  organization={Springer Nature}
}
@INPROCEEDINGS{rovdsn2018,
author={T. Hlavacek and A. Herzberg and H. Shulman and M. Waidner},
booktitle={International Conference on Dependable Systems and Networks (DSN)},
title={Practical Experience: Methodologies for Measuring Route Origin Validation},
year={2018},
volume={},
number={},
pages={634-641},
keywords={authorisation;computer network security;Internet;public key cryptography;routing protocols;control-plane experiments;data-plane experiments;BGP announcements;BGP prefix hijacks;ROV enforcing autonomous systems;RPKI;resource public key infrastructure;Internet security;ROV-enforcing ASes;route origin authorizations;border gateway protocol;route origin validation measurement;data acquisition sources;Routing;IP networks;Autonomous systems;Authorization;Internet security;RPKI;Route Origin Validation;ROV;Controlled Experiments;BGP},
doi={10.1109/DSN.2018.00070},
ISSN={2158-3927},
month={June}}

@Misc{u:tube,
  Title                    = {{YouTube Hijacking: A RIPE NCC RIS case study}},
  Author                   = {RIPE NCC},
  month = March,
  Year                     = {2008}
}

@inproceedings{man2020dns,
  title={{DNS Cache Poisoning Attack Reloaded: Revolutions with Side Channels}},
  author={Man, Keyu and Qian, Zhiyun and Wang, Zhongjie and Zheng, Xiaofeng and Huang, Youjun and Duan, Haixin},
  booktitle={Proceedings of the 2020 ACM SIGSAC Conference on Computer and Communications Security},
  pages={1337--1350},
  year={2020}
}
@inproceedings{heilman2014consent,
  title={From the Consent of the Routed: Improving the Transparency of the RPKI},
  author={Heilman, Ethan and Cooper, Danny and Reyzin, Leonid and Goldberg, Sharon},
  booktitle={Proceedings of the 2014 ACM conference on SIGCOMM},
  pages={51--62},
  year={2014}
}
@inproceedings{cooper2013risk,
  title={On the risk of misbehaving RPKI authorities},
  author={Cooper, Danny and Heilman, Ethan and Brogle, Kyle and Reyzin, Leonid and Goldberg, Sharon},
  booktitle={Proceedings of the Twelfth ACM Workshop on Hot Topics in Networks},
  pages={1--7},
  year={2013}
}

@inproceedings{malhotra2016attacking,
  title={Attacking the Network Time Protocol.},
  author={Malhotra, Aanchal and Cohen, Isaac E and Brakke, Erik and Goldberg, Sharon},
  booktitle={NDSS},
  year={2016}
}

@inproceedings{man2021dns,
  title={{DNS Cache Poisoning Attack: Resurrections with Side Channels}},
  author={Man, Keyu and Zhou, Xinan and Qian, Zhiyun},
  booktitle={Proceedings of the 2021 ACM SIGSAC Conference on Computer and Communications Security},
  year={2021}
}

@inproceedings{fukuda2014towards,
  title={Towards evaluation of DNS server selection with geodesic distance},
  author={Fukuda, Kensuke and Sato, Shinta and Mitamura, Takeshi},
  booktitle={Network Operations and Management Symposium (NOMS), 2014 IEEE},
  pages={1--8},
  year={2014},
  organization={IEEE}
}

@inproceedings{kristoff2020measuring,
  title={On Measuring RPKI Relying Parties},
  author={Kristoff, John and Bush, Randy and Kanich, Chris and Michaelson, George and Phokeer, Amreesh and Schmidt, Thomas C and W{\"a}hlisch, Matthias},
  booktitle={Proceedings of the ACM Internet Measurement Conference},
  pages={484--491},
  year={2020}
}

@inproceedings{fukuda2013technique,
  title={A technique for counting DNSSEC validators},
  author={Fukuda, Kensuke and Sato, Shinta and Mitamura, Takeshi},
  booktitle={INFOCOM, 2013 Proceedings IEEE},
  pages={80--84},
  year={2013},
  organization={IEEE}
}

@misc{sha1ds,
  title = {SHA-1 chosen prefix collisions and dnssec},
  howpublished = {\url{https://blog.apnic.net/2020/01/17/sha-1-chosen-prefix-collisions-and-dnssec/}},
  note = {Accessed: 2021-05-19}
}

@techreport{RFC8183,
  author = {R. Austein},
  title = {An Out-of-Band Setup Protocol for Resource Public Key Infrastructure (RPKI) Production Services},
  howpublished = {Internet Requests for Comments},
  type = {RFC},
  number = {8183},
  year = {2017},
  month = {July},
  issn = {2070-1721},
  publisher = {RFC Editor},
  institution = {RFC Editor},
}

@inproceedings{DBLP:conf/dsn/HlavacekHSW18,
  author    = {Tomas Hlavacek and
               Amir Herzberg and
               Haya Shulman and
               Michael Waidner},
  title     = {Practical Experience: Methodologies for Measuring Route Origin Validation},
  booktitle = {48th Annual {IEEE/IFIP} International Conference on Dependable Systems
               and Networks, {DSN} 2018, Luxembourg City, Luxembourg, June 25-28,
               2018},
  pages     = {634--641},
  publisher = {{IEEE} Computer Society},
  year      = {2018},
  url       = {https://doi.org/10.1109/DSN.2018.00070},
  doi       = {10.1109/DSN.2018.00070},
  timestamp = {Wed, 16 Oct 2019 14:14:55 +0200},
  biburl    = {https://dblp.org/rec/conf/dsn/HlavacekHSW18.bib},
  bibsource = {dblp computer science bibliography, https://dblp.org}
}

@inproceedings{DBLP:conf/anrw/0002BCKSW18,
  author    = {Andreas Reuter and
               Randy Bush and
               {\'{I}}talo Cunha and
               Ethan Katz{-}Bassett and
               Thomas C. Schmidt and
               Matthias W{\"{a}}hlisch},
  title     = {Towards a Rigorous Methodology for Measuring Adoption of {RPKI} Route
               Validation and Filtering},
  booktitle = {Proceedings of the Applied Networking Research Workshop, {ANRW} 2018,
               Montreal, QC, Canada, July 16-16, 2018},
  pages     = {7},
  publisher = {{ACM}},
  year      = {2018},
  url       = {https://doi.org/10.1145/3232755.3232771},
  doi       = {10.1145/3232755.3232771},
  timestamp = {Wed, 21 Nov 2018 12:44:26 +0100},
  biburl    = {https://dblp.org/rec/conf/anrw/0002BCKSW18.bib},
  bibsource = {dblp computer science bibliography, https://dblp.org}
}

@misc{dnsrrl,
  title = {{DNS} Response Rate Limiting ({DNS} {RRL})},
  author    = {Paul Vixie and Vernon Schryver},
  howpublished = {\url{https://ftp.isc.org/isc/pubs/tn/isc-tn-2012-1.txt}},
}

@misc{dnsrrl-bind,
    title = {Using the Response Rate Limiting Feature},
    author = {Suzanne Goldlust},
    howpublished = {ISC Knowledge Base AA-00994, \url{https://kb.isc.org/docs/aa-00994}}
}

@misc{bind-docs,
    title = {BIND 9 Configuration Reference},
    howpublished = {\url{https://bind9.readthedocs.io/en/latest/reference.html}}
}

@misc{iptables-hashlimit,
    title = {iptables(8) - Linux man page},
    howpublished = {\url{https://linux.die.net/man/8/iptables}},
}

@misc{timeout-unbound,
    title = {Unbound Timeout Information},
    howpublished = {\url{https://nlnetlabs.nl/documentation/unbound/info-timeout/}},
}

@misc{linux-tcpretry,
    title = {{kernel.org: ip-sysctl.txt}},
    howpublished = {\url{https://www.kernel.org/doc/Documentation/networking/ip-sysctl.txt}},
}

@misc{windows-tcpretry,
    title = {{docs.microsoft.com: TcpMaxConnectRetransmissions}},
    howpublished = {\url{https://docs.microsoft.com/en-us/previous-versions/windows/it-pro/windows-2000-server/cc938209(v=technet.10)}},
}

@inproceedings{molsa2004effectiveness,
  title={Effectiveness of rate-limiting in mitigating flooding DOS attacks.},
  author={M{\"o}ls{\"a}, Jarmo},
  booktitle={Communications, Internet, and Information Technology},
  pages={155--160},
  year={2004},
  organization={Citeseer}
}

@article{rozekrans2013defending,
  title={Defending against DNS reflection amplification attacks},
  author={Rozekrans, Thijs and Mekking, Matthijs and de Koning, Javy},
  journal={University of Amsterdam System \& Network Engineering RP1},
  year={2013}
}
@InProceedings{ballani2007study,
  Title                    = {{A Study of Prefix Hijacking and Interception in the Internet}},
  Author                   = {Ballani, Hitesh and Francis, Paul and Zhang, Xinyang},
  Booktitle                = {ACM SIGCOMM Computer Communication Review},
  Year                     = {2007},
  Organization             = {ACM},
  Pages                    = {265--276},
  Volume                   = {37}
}

@misc{ciscopress,
    title = {{Cisco Router Firewall Security: DoS Protection}},
    howpublished = {\url{https://www.ciscopress.com/articles/article.asp?p=345618&seqNum=5}},
}

@misc{nmapscanning,
    title = {{Timing and Performance}},
    howpublished = {\url{https://nmap.org/book/man-performance.html
}},
}
% [1]: 
% [2]: 

@techreport{RFC1035,
  author = {P. Mockapetris},
  title = {Domain names - implementation and specification},
  howpublished = {Internet Requests for Comments},
  type = {STD},
  number = {13},
  year = {1987},
  month = {November},
  issn = {2070-1721},
  publisher = {RFC Editor},
  institution = {RFC Editor},
  url = {http://www.rfc-editor.org/rfc/rfc1035.txt},
  note = {\url{http://www.rfc-editor.org/rfc/rfc1035.txt}},
}

@misc{slowloris-archive,
    title = {{Slowloris HTTP DoS}},
    author = {{RSnake}},
    howpublished = {\url{https://web.archive.org/web/20120108183614/http://ha.ckers.org/slowloris/}},
}

@misc{slowloris-defcon,
    title = {{Hijacking Web 2.0 Sites with SSLstrip and Slowloris}},
    author = {Sam Bowne and RSnake},
    howpublished = {DEF CON 17, \url{https://www.youtube.com/watch?v=EtcVTNUwqnQ}}
}

@misc{knot-benchmark,
    title = {{Old Benchmark}},
    author = {{Knot DNS}}},
    howpublished = {Accessed 2022-02-04, \url{https://www.knot-dns.cz/benchmark-old/}}
}
