@article{CT-US_registration,
  title={Automatic CT-ultrasound registration for diagnostic imaging and image-guided intervention},
  author={Wein, Wolfgang and Brunke, Shelby and Khamene, Ali and Callstrom, Matthew R and Navab, Nassir},
  journal={Medical image analysis},
  volume={12},
  number={5},
  pages={577--585},
  year={2008},
  publisher={Elsevier}
}

@article{FUNSR,
title = {Neural implicit surface reconstruction of freehand 3D ultrasound volume with geometric constraints},
journal = {Medical Image Analysis},
volume = {98},
pages = {103305},
year = {2024},
issn = {1361-8415},
url = {https://www.sciencedirect.com/science/article/pii/S1361841524002305},
author = {Hongbo Chen and Logiraj Kumaralingam and Shuhang Zhang and Sheng Song and Fayi Zhang and Haibin Zhang and Thanh-Tu Pham and Kumaradevan Punithakumar and Edmond H.M. Lou and Yuyao Zhang and Lawrence H. Le and Rui Zheng},
keywords = {Freehand 3D ultrasound, Self-supervised surface reconstruction, Implicit neural representation, Signed distance function},

}

@article{SSM,
	journal = {IEEE Transactions on Ultrasonics, Ferroelectrics, and Frequency Control},
	issn = {0885-3010},
	number = {9},
	publisher = {Institute of Electrical and Electronics Engineers (IEEE)},
	title = {Knee Bone Models From Ultrasound},
	url = {http://dx.doi.org/10.1109/TUFFC.2023.3286287},
	volume = {70},
	author = {Hohlmann, Benjamin and Broessner, Peter and Phlippen, Lovis and Rohde, Thorsten and Radermacher, Klaus},
	pages = {1054--1063},
	date = {2023-09},
	year = {2023},
	month = {9},
}

@article{bone_shadow_and_phase,
	journal = {International Journal of Computer Assisted Radiology and Surgery},
	issn = {1861-6410},
	number = {10},
	language = {en},
	publisher = {Springer Science and Business Media LLC},
	title = {Fast and automatic bone segmentation and registration of 3D ultrasound to CT for the full pelvic anatomy: a comparative study},
	url = {http://dx.doi.org/10.1007/s11548-018-1788-5},
	volume = {13},
	author = {Pandey, Prashant and Guy, Pierre and Hodgson, Antony J. and Abugharbieh, Rafeef},
	pages = {1515--1524},
	date = {2018-05-26},
	year = {2018},
	month = {5},
	day = {26},
}

@article{femur_fibula_tibia_humerus_radius_ulna,
	journal = {International Journal of Computer Assisted Radiology and Surgery},
	issn = {1861-6410},
	number = {11},
	language = {en},
	publisher = {Springer Science and Business Media LLC},
	title = {FCN-based approach for the automatic segmentation of bone surfaces in ultrasound images},
	url = {http://dx.doi.org/10.1007/s11548-018-1856-x},
	volume = {13},
	author = {Villa, M. and Dardenne, G. and Nasan, M. and Letissier, H. and Hamitouche, C. and Stindel, E.},
	pages = {1707--1716},
	date = {2018-09-07},
	year = {2018},
	month = {9},
	day = {7},
}

@article{markerless_tool_tracking,
	publisher = {arXiv},
	title = {Next-generation Surgical Navigation: Marker-less Multi-view 6DoF Pose Estimation of Surgical Instruments},
	url = {https://arxiv.org/abs/2305.03535},
	author = {Hein, Jonas and Cavalcanti, Nicola and Suter, Daniel and Zingg, Lukas and Carrillo, Fabio and Calvet, Lilian and Farshad, Mazda and Pollefeys, Marc and Navab, Nassir and Fürnstahl, Philipp},
	date = {2023},
	year = {2023},
}

@article{neural_pull,
	publisher = {arXiv},
	title = {Neural-Pull: Learning Signed Distance Functions from Point Clouds by Learning to Pull Space onto Surfaces},
	url = {https://arxiv.org/abs/2011.13495},
	author = {Ma, Baorui and Han, Zhizhong and Liu, Yu-Shen and Zwicker, Matthias},
	date = {2020},
	year = {2020},
}

@article{pcd1,
	journal = {International Journal of Computer Assisted Radiology and Surgery},
	issn = {1861-6410},
	number = {6},
	language = {en},
	publisher = {Springer Science and Business Media LLC},
	title = {Registration of 3D freehand ultrasound to a bone model for orthopedic procedures of the forearm},
	url = {http://dx.doi.org/10.1007/s11548-018-1756-0},
	volume = {13},
	author = {Ciganovic, Matija and Ozdemir, Firat and Pean, Fabien and Fuernstahl, Philipp and Tanner, Christine and Goksel, Orcun},
	pages = {827--836},
	date = {2018-04-05},
	year = {2018},
	month = {4},
	day = {5},
}

@article{pcd2,
	journal = {International Journal of Computer Assisted Radiology and Surgery},
	issn = {1861-6429},
	number = {6},
	language = {en},
	publisher = {Springer Science and Business Media LLC},
	title = {Femur reconstruction in 3D ultrasound for orthopedic surgery planning},
	url = {http://dx.doi.org/10.1007/s11548-023-02868-4},
	volume = {18},
	author = {Gebhardt, Christian and Göttling, Lara and Buchberger, Lukas and Ziegler, Christian and Endres, Felix and Wuermeling, Quirin and Holzapfel, Boris M. and Wein, Wolfgang and Wagner, Ferdinand and Zettinig, Oliver},
	pages = {1001--1008},
	date = {2023-04-20},
	year = {2023},
	month = {4},
	day = {20},
}

@article{pcd3,
	journal = {International Journal of Computer Assisted Radiology and Surgery},
	issn = {1861-6429},
	number = {2},
	language = {en},
	publisher = {Springer Science and Business Media LLC},
	title = {Tracked ultrasound registration for intraoperative navigation during pediatric bone tumor resections with soft tissue components: a porcine cadaver study},
	url = {http://dx.doi.org/10.1007/s11548-023-03021-x},
	volume = {19},
	author = {van der Zee, J. M. and Fitski, M. and van de Sande, M. A. J. and Buser, M. A. D. and Hiep, M. A. J. and Terwisscha van Scheltinga, C. E. J. and Hulsker, C. C. C. and van den Bosch, C. H. and van de Ven, C. P. and van der Heijden, L. and Bökkerink, G. M. J. and Wijnen, M. H. W. A. and Siepel, F. J. and van der Steeg, A. F. W.},
	pages = {297--302},
	date = {2023-11-04},
	year = {2023},
	month = {11},
	day = {4},
}

@InProceedings{pelvis,
author="El-Hariri, Houssam
and Mulpuri, Kishore
and Hodgson, Antony
and Garbi, Rafeef",
title="Comparative Evaluation of Hand-Engineered and Deep-Learned Features for Neonatal Hip Bone Segmentation in Ultrasound",
booktitle="Medical Image Computing and Computer Assisted Intervention -- MICCAI 2019",
year="2019",
publisher="Springer International Publishing",
address="Cham",
pages="12--20",
isbn="978-3-030-32245-8"
}

@misc{pelvis_femur_tibia,
	title = {Precise Ultrasound Bone Registration with Learning-Based Segmentation and Speed of Sound Calibration},
	author = {Salehi, Mehrdad and Prevost, Raphael and Moctezuma, José-Luis and Navab, Nassir and Wein, Wolfgang},
	year = {2017},
    note= "Paper presented at Medical Image Computing and Computer-Assisted Intervention − MICCAI"
}

@article{phase_symmetry3,
	journal = {Ultrasound in Medicine \& Biology},
	issn = {0301-5629},
	number = {6},
	language = {en},
	publisher = {Elsevier BV},
	title = {Automatic Evaluation of Scan Adequacy and Dysplasia Metrics in 2-D Ultrasound Images of the Neonatal Hip},
	url = {http://dx.doi.org/10.1016/j.ultrasmedbio.2017.01.012},
	volume = {43},
	author = {Quader, Niamul and Hodgson, Antony J. and Mulpuri, Kishore and Schaeffer, Emily and Abugharbieh, Rafeef},
	pages = {1252--1262},
	date = {2017-06},
	year = {2017},
	month = {6},
}

@article{radius_femur_tibia,
	journal = {International Journal of Computer Assisted Radiology and Surgery},
	issn = {1861-6410},
	number = {5},
	language = {en},
	publisher = {Springer Science and Business Media LLC},
	title = {Automatic segmentation of bone surfaces from ultrasound using a filter-layer-guided CNN},
	url = {http://dx.doi.org/10.1007/s11548-019-01934-0},
	volume = {14},
	author = {Alsinan, Ahmed Z. and Patel, Vishal M. and Hacihaliloglu, Ilker},
	pages = {775--783},
	date = {2019-03-13},
	year = {2019},
	month = {3},
	day = {13},
}

@article{review1,
  title={Ultrasound Bone Segmentation: A Scoping Review of Techniques and Validation Practices.},
  author={Prashant U. Pandey and Niamul Quader and Pierre Guy and Rafeef Garbi and Antony J. Hodgson},
  journal={Ultrasound in medicine \& biology},
  year={2020},
  url={https://api.semanticscholar.org/CorpusID:210924028}
}

@article{review2,
author = {Hohlmann, Benjamin and Broessner, Peter and Radermacher, Klaus},
year = {2024},
month = {01},
pages = {2276055},
title = {Ultrasound-based 3D bone modelling in computer assisted orthopedic surgery - a review and future challenges},
volume = {29},
journal = {Computer assisted surgery (Abingdon, England)},


}

@article{spine1,
	journal = {IEEE Transactions on Medical Imaging},
	issn = {0278-0062},
	number = {10},
	publisher = {Institute of Electrical and Electronics Engineers (IEEE)},
	title = {Ultrasound Aided Vertebral Level Localization for Lumbar Surgery},
	url = {http://dx.doi.org/10.1109/TMI.2017.2738612},
	volume = {36},
	author = {Baka, Nora and Leenstra, Sieger and van Walsum, Theo},
	pages = {2138--2147},
	date = {2017-10},
	year = {2017},
	month = {10},
}

@ARTICLE{spine2,
  author={Ungi, Tamas and Greer, Hastings and Sunderland, Kyle R. and Wu, Victoria and Baum, Zachary M. C. and Schlenger, Christopher and Oetgen, Matthew and Cleary, Kevin and Aylward, Stephen R. and Fichtinger, Gabor},
  journal={IEEE Transactions on Biomedical Engineering}, 
  title={Automatic Spine Ultrasound Segmentation for Scoliosis Visualization and Measurement}, 
  year={2020},
  volume={67},
  number={11},
  pages={3234-3241},
  keywords={Ultrasonic imaging;Image segmentation;Ultrasonic variables measurement;Biomedical measurement;Bones;X-ray imaging;Training;Artificial neural networks;Pediatrics;Medical diagnostic imaging},
}

@article{spine3,
	journal = {International Journal of Computer Assisted Radiology and Surgery},
	issn = {1861-6429},
	number = {9},
	language = {en},
	publisher = {Springer Science and Business Media LLC},
	title = {Robot-assisted ultrasound reconstruction for spine surgery: from bench-top to pre-clinical study},
	url = {http://dx.doi.org/10.1007/s11548-023-02932-z},
	volume = {18},
	author = {Li, Ruixuan and Davoodi, Ayoob and Cai, Yuyu and Niu, Kenan and Borghesan, Gianni and Cavalcanti, Nicola and Massalimova, Aidana and Carrillo, Fabio and Laux, Christoph J. and Farshad, Mazda and Fürnstahl, Philipp and Poorten, Emmanuel Vander},
	pages = {1613--1623},
	date = {2023-05-12},
	year = {2023},
	month = {5},
	day = {12},
}

@article{spineDepth,
	journal = {Journal of Imaging},
	issn = {2313-433X},
	number = {9},
	language = {en},
	publisher = {MDPI AG},
	title = {SpineDepth: A Multi-Modal Data Collection Approach for Automatic Labelling and Intraoperative Spinal Shape Reconstruction Based on RGB-D Data},
	url = {http://dx.doi.org/10.3390/jimaging7090164},
	volume = {7},
	author = {Liebmann, Florentin and Stütz, Dominik and Suter, Daniel and Jecklin, Sascha and Snedeker, Jess G. and Farshad, Mazda and Fürnstahl, Philipp and Esfandiari, Hooman},
	pages = {164},
	date = {2021-08-27},
	year = {2021},
	month = {8},
	day = {27},
}

