@inproceedings{ICP,
  title={Method for registration of 3-D shapes},
  author={Besl, Paul J and McKay, Neil D},
  booktitle={Sensor fusion IV: control paradigms and data structures},
  volume={1611},
  pages={586--606},
  year={1992},
  organization={Spie}
}

@article{3D_ultrasound_interventions,
  title={3D ultrasound for orthopedic interventions},
  author={Hacihaliloglu, Ilker},
  journal={Intelligent Orthopaedics: Artificial Intelligence and Smart Image-guided Technology for Orthopaedics},
  pages={113--129},
  year={2018},
  publisher={Springer}
}


@article{3D_ultrasound_trauma,
  title={Automatic extraction of bone surfaces from 3D ultrasound images in orthopaedic trauma cases},
  author={Hacihaliloglu, Ilker and Guy, Pierre and Hodgson, Antony J and Abugharbieh, Rafeef},
  journal={International journal of computer assisted radiology and surgery},
  volume={10},
  pages={1279--1287},
  year={2015},
  publisher={Springer}
}

@article{3D_ultrasound_needle_placement,
  title={Three-dimensional ultrasound-guided robotic needle placement: an experimental evaluation},
  author={Boctor, Emad M and Choti, Michael A and Burdette, Everette C and Webster Iii, Robert J},
  journal={The International Journal of Medical Robotics and Computer Assisted Surgery},
  volume={4},
  number={2},
  pages={180--191},
  year={2008},
  publisher={Wiley Online Library}
}

@article{3D_ultrasound_robotic_spine_surgery,
  title={Robot-assisted ultrasound reconstruction for spine surgery: from bench-top to pre-clinical study},
  author={Li, Ruixuan and Davoodi, Ayoob and Cai, Yuyu and Niu, Kenan and Borghesan, Gianni and Cavalcanti, Nicola and Massalimova, Aidana and Carrillo, Fabio and Laux, Christoph J and Farshad, Mazda and others},
  journal={International journal of computer assisted radiology and surgery},
  volume={18},
  number={9},
  pages={1613--1623},
  year={2023},
  publisher={Springer}
}

@misc{ultrasound_diagnosis,
  title={Ultrasound in the diagnosis of clinical orthopedics: The orthopedic stethoscope. World J Orthop 2: 13--24},
  author={Blankstein, A},
  year={2011}
}

@article{joint_stability,
  title={Musculoskeletal sonography: a dynamic tool for usual and unusual disorders},
  author={Khoury, Viviane and Cardinal, Etienne and Bureau, Nathalie J},
  journal={American Journal of Roentgenology},
  volume={188},
  number={1},
  pages={W63--W73},
  year={2007},
  publisher={Am Roentgen Ray Soc}
}



@article{ligamentous_injury,
  title={On the ultrasonic properties of tendon},
  author={Garcia, Tanya and Hornof, William J and Insana, Michael F},
  journal={Ultrasound in medicine \& biology},
  volume={29},
  number={12},
  pages={1787--1797},
  year={2003},
  publisher={Elsevier}
}

@article{current_ultrasound_in_foot_and_ankle,
  title={Current ultrasound application in the foot and ankle},
  author={Beard, Nahum Michael and Gousse, Robert Patrick},
  journal={Orthopedic Clinics},
  volume={49},
  number={1},
  pages={109--121},
  year={2018},
  publisher={Elsevier}
}
@article{ultrasound_intervention1,
  title={Accuracy of ultrasound guided injections in the foot and ankle},
  author={Reach, John S and Easley, Mark E and Chuckpaiwong, Bavornrit and Nunley, James A},
  journal={Foot \& ankle international},
  volume={30},
  number={3},
  pages={239--242},
  year={2009},
  publisher={SAGE Publications}
}
@article{ultrasound_intervention2,
  title={Ultrasound-guided versus nonguided tibiotalar joint and sinus tarsi injections: a cadaveric study},
  author={Wisniewski, Steve J and Smith, Jay and Patterson, Denis G and Carmichael, Stephen W and Pawlina, Wojciech},
  journal={PM\&R},
  volume={2},
  number={4},
  pages={277--281},
  year={2010},
  publisher={Elsevier}
}
@inproceedings {MeshLab, booktitle = {Eurographics Italian Chapter Conference}, editor = {Vittorio Scarano and Rosario De Chiara and Ugo Erra}, title = {{MeshLab: an Open-Source Mesh Processing Tool}}, author = {Cignoni, Paolo and Callieri, Marco and Corsini, Massimiliano and Dellepiane, Matteo and Ganovelli, Fabio and Ranzuglia, Guido}, year = {2008}, publisher = {The Eurographics Association}, ISBN = {978-3-905673-68-5}, DOI = {10.2312/LocalChapterEvents/ItalChap/ItalianChapConf2008/129-136} }




@article{spineDepth,
	journal = {Journal of Imaging},
	issn = {2313-433X},
	number = {9},
	language = {en},
	publisher = {MDPI AG},
	title = {SpineDepth: A Multi-Modal Data Collection Approach for Automatic Labelling and Intraoperative Spinal Shape Reconstruction Based on RGB-D Data},
	url = {http://dx.doi.org/10.3390/jimaging7090164},
	volume = {7},
	author = {Liebmann, Florentin and Stütz, Dominik and Suter, Daniel and Jecklin, Sascha and Snedeker, Jess G. and Farshad, Mazda and Fürnstahl, Philipp and Esfandiari, Hooman},
	pages = {164},
	date = {2021-08-27},
	year = {2021},
	month = {8},
	day = {27},
}
@article{markerless_tool_tracking,
	publisher = {arXiv},
	title = {Next-generation Surgical Navigation: Marker-less Multi-view 6DoF Pose Estimation of Surgical Instruments},
	url = {https://arxiv.org/abs/2305.03535},
	author = {Hein, Jonas and Cavalcanti, Nicola and Suter, Daniel and Zingg, Lukas and Carrillo, Fabio and Calvet, Lilian and Farshad, Mazda and Pollefeys, Marc and Navab, Nassir and Fürnstahl, Philipp},
	date = {2023},
	year = {2023},
}


@misc{Segmentation_models_pytorch,
  Author = {Pavel Iakubovskii},
  Title = {Segmentation Models Pytorch},
  Year = {2019},
  Publisher = {GitHub},
  Journal = {GitHub repository},
  Howpublished = {\url{https://github.com/qubvel/segmentation_models.pytorch}}
}


@article{CT-US_registration,
  title={Automatic CT-ultrasound registration for diagnostic imaging and image-guided intervention},
  author={Wein, Wolfgang and Brunke, Shelby and Khamene, Ali and Callstrom, Matthew R and Navab, Nassir},
  journal={Medical image analysis},
  volume={12},
  number={5},
  pages={577--585},
  year={2008},
  publisher={Elsevier}
}

@article{otsuThreshold,
  title={A threshold selection method from gray-level histograms},
  author={Otsu, Nobuyuki and others},
  journal={Automatica},
  volume={11},
  number={285-296},
  pages={23--27},
  year={1975}
}

@inproceedings{Unet,
  title={U-net: Convolutional networks for biomedical image segmentation},
  author={Ronneberger, Olaf and Fischer, Philipp and Brox, Thomas},
  booktitle={Medical image computing and computer-assisted intervention--MICCAI 2015: 18th international conference, Munich, Germany, October 5-9, 2015, proceedings, part III 18},
  pages={234--241},
  year={2015},
  organization={Springer}
}
@article{differential_evoution,
	journal = {Journal of Global Optimization},
	
	issn = {0925-5001},
	number = {4},
	publisher = {Springer Science and Business Media LLC},
	url = {http://dx.doi.org/10.1023/A:1008202821328},
	volume = {11},
	author = {Storn, Rainer and Price, Kenneth},
	pages = {341--359},
	date = {1997},
	year = {1997},
    title={Differential Evolution – A Simple and Efficient Heuristic for global Optimization over Continuous Spaces}
}


@article{application1,
	journal = {3D Printing in Medicine},
	issn = {2365-6271},
	number = {1},
	language = {en},
	publisher = {Springer Science and Business Media LLC},
	title = {3D - Printed Patient Specific Instrumentation in Corrective Osteotomy of the Femur and Pelvis: A Review of the Literature},
	url = {http://dx.doi.org/10.1186/s41205-020-00087-0},
	volume = {6},
	author = {Baraza, Njalalle and Chapman, Chris and Zakani, Sima and Mulpuri, Kishore},
	date = {2020-11-10},
	year = {2020},
	month = {11},
	day = {10},
}

@article{application2,
title = {Quality of resection margin with patient specific instrument for bone tumor resection},
journal = {Journal of Bone Oncology},
volume = {34},
pages = {100434},
year = {2022},
issn = {2212-1374},
url = {https://www.sciencedirect.com/science/article/pii/S2212137422000240},
author = {Robin Evrard and Thomas Schubert and Laurent Paul and Pierre-Louis Docquier},
keywords = {Surgical reconstruction, Cutting guide accuracy, MRI evaluation, Bone tumour},
}



@incollection{application3,
  author		= "Wong, KC",
  title			= "CAOS in bone tumor surgery",
  editor		= "Nobuhiko Sugano",
  booktitle		= "Computer Assisted Orthopaedic Surgery for Hip and Knee: Current State of the Art in Clinical Application and Basic Research",
  pages			= "157-169",
  publisher		= "Springer",
  year			= "2018",
address ="Osaka"
}


@article{application4,
	journal = {The International Journal of Medical Robotics and Computer Assisted Surgery},
	issn = {1478-5951},
	number = {1},
	language = {en},
	publisher = {Wiley},
	title = {Development and evaluation of robot‐assisted ultrasound navigation system for pedicle screw placement: An ex‐vivo animal validation},
	url = {http://dx.doi.org/10.1002/rcs.2590},
	volume = {20},
	author = {Li, Ruixuan and Davoodi, Ayoob and Cai, Yuyu and Borghesan, Gianni and Cavalcanti, Nicola and Laux, Christoph J. and Farshad, Mazda and Carrillo, Fabio and Fürnstahl, Philipp and Vander Poorten, Emmanuel},
	date = {2023-10-24},
	year = {2023},
	month = {10},
	day = {24},
}



@misc{SMP,
  Author = {Pavel Iakubovskii},
  Title = {Segmentation Models Pytorch},
  Year = {2019},
  Publisher = {GitHub},
  Journal = {GitHub repository},
  Howpublished = {\url{https://github.com/qubvel/segmentation_models.pytorch}}
}

@article{learning_curve,
	journal = {Clinics in Orthopedic Surgery},
	issn = {2005-291X},
	number = {4},
	language = {en},
	publisher = {The Korean Orthopaedic Association},
	title = {Detection of Rotator Cuff Tears by Ultrasound: How Many Scans Do Novices Need to Be Competent?},
	url = {http://dx.doi.org/10.4055/cios20259},
	volume = {13},
	author = {Kim, Dong Min and Seo, Jae-Seong and Jeon, In-Ho and Cho, Changho and Koh, Kyoung Hwan},
	pages = {513},
	date = {2021},
	year = {2021},
}




@INPROCEEDINGS{spatial_calibration,
  author={Li, Ruixuan and Cai, Yuyu and Niu, Kenan and Poorten, Emmanuel Vander},
  booktitle={2021 20th International Conference on Advanced Robotics (ICAR)}, 
  title={Comparative Quantitative Analysis of Robotic Ultrasound Image Calibration Methods}, 
  year={2021},
  volume={},
  number={},
  pages={511-516},
  keywords={Ultrasonic imaging;Three-dimensional displays;Statistical analysis;Phantoms;Robot sensing systems;Calibration;Trajectory;robotic ultrasound calibration;3D US reconstruction;position control;calibration phantom},}

@article{calibration_review,
title = {Freehand 3-D Ultrasound Imaging: A Systematic Review},
journal = {Ultrasound in Medicine \& Biology},
volume = {43},
number = {10},
pages = {2099-2124},
year = {2017},
issn = {0301-5629},
url = {https://www.sciencedirect.com/science/article/pii/S0301562917302776},
author = {Mohammad Hamed Mozaffari and Won-Sook Lee},
keywords = {Three-dimensional ultrasound imaging, Three-dimensional ultrasound freehand systems, Three-dimensional ultrasound calibration, Three-dimensional ultrasound reconstruction, Three-dimensional ultrasound sensorless methods, Systematic review},
}

@article{review1,
  title={Ultrasound Bone Segmentation: A Scoping Review of Techniques and Validation Practices.},
  author={Prashant U. Pandey and Niamul Quader and Pierre Guy and Rafeef Garbi and Antony J. Hodgson},
  journal={Ultrasound in medicine \& biology},
  year={2020},
  url={https://api.semanticscholar.org/CorpusID:210924028}
}
@article{review2,
author = {Hohlmann, Benjamin and Broessner, Peter and Radermacher, Klaus},
year = {2024},
month = {01},
pages = {2276055},
title = {Ultrasound-based 3D bone modelling in computer assisted orthopedic surgery - a review and future challenges},
volume = {29},
journal = {Computer assisted surgery (Abingdon, England)},


}
@article{pcd1,
	journal = {International Journal of Computer Assisted Radiology and Surgery},
	issn = {1861-6410},
	number = {6},
	language = {en},
	publisher = {Springer Science and Business Media LLC},
	title = {Registration of 3D freehand ultrasound to a bone model for orthopedic procedures of the forearm},
	url = {http://dx.doi.org/10.1007/s11548-018-1756-0},
	volume = {13},
	author = {Ciganovic, Matija and Ozdemir, Firat and Pean, Fabien and Fuernstahl, Philipp and Tanner, Christine and Goksel, Orcun},
	pages = {827--836},
	date = {2018-04-05},
	year = {2018},
	month = {4},
	day = {5},
}

@article{pcd2,
	journal = {International Journal of Computer Assisted Radiology and Surgery},
	issn = {1861-6429},
	number = {6},
	language = {en},
	publisher = {Springer Science and Business Media LLC},
	title = {Femur reconstruction in 3D ultrasound for orthopedic surgery planning},
	url = {http://dx.doi.org/10.1007/s11548-023-02868-4},
	volume = {18},
	author = {Gebhardt, Christian and Göttling, Lara and Buchberger, Lukas and Ziegler, Christian and Endres, Felix and Wuermeling, Quirin and Holzapfel, Boris M. and Wein, Wolfgang and Wagner, Ferdinand and Zettinig, Oliver},
	pages = {1001--1008},
	date = {2023-04-20},
	year = {2023},
	month = {4},
	day = {20},
}

@article{pcd3,
	journal = {International Journal of Computer Assisted Radiology and Surgery},
	issn = {1861-6429},
	number = {2},
	language = {en},
	publisher = {Springer Science and Business Media LLC},
	title = {Tracked ultrasound registration for intraoperative navigation during pediatric bone tumor resections with soft tissue components: a porcine cadaver study},
	url = {http://dx.doi.org/10.1007/s11548-023-03021-x},
	volume = {19},
	author = {van der Zee, J. M. and Fitski, M. and van de Sande, M. A. J. and Buser, M. A. D. and Hiep, M. A. J. and Terwisscha van Scheltinga, C. E. J. and Hulsker, C. C. C. and van den Bosch, C. H. and van de Ven, C. P. and van der Heijden, L. and Bökkerink, G. M. J. and Wijnen, M. H. W. A. and Siepel, F. J. and van der Steeg, A. F. W.},
	pages = {297--302},
	date = {2023-11-04},
	year = {2023},
	month = {11},
	day = {4},
}


@article{SSM,
	journal = {IEEE Transactions on Ultrasonics, Ferroelectrics, and Frequency Control},
	issn = {0885-3010},
	number = {9},
	publisher = {Institute of Electrical and Electronics Engineers (IEEE)},
	title = {Knee Bone Models From Ultrasound},
	url = {http://dx.doi.org/10.1109/TUFFC.2023.3286287},
	volume = {70},
	author = {Hohlmann, Benjamin and Broessner, Peter and Phlippen, Lovis and Rohde, Thorsten and Radermacher, Klaus},
	pages = {1054--1063},
	date = {2023-09},
	year = {2023},
	month = {9},
}

@article{neural_pull,
	publisher = {arXiv},
	title = {Neural-Pull: Learning Signed Distance Functions from Point Clouds by Learning to Pull Space onto Surfaces},
	url = {https://arxiv.org/abs/2011.13495},
	author = {Ma, Baorui and Han, Zhizhong and Liu, Yu-Shen and Zwicker, Matthias},
	date = {2020},
	year = {2020},
}



@article{FUNSR,
title = {Neural implicit surface reconstruction of freehand 3D ultrasound volume with geometric constraints},
journal = {Medical Image Analysis},
volume = {98},
pages = {103305},
year = {2024},
issn = {1361-8415},
url = {https://www.sciencedirect.com/science/article/pii/S1361841524002305},
author = {Hongbo Chen and Logiraj Kumaralingam and Shuhang Zhang and Sheng Song and Fayi Zhang and Haibin Zhang and Thanh-Tu Pham and Kumaradevan Punithakumar and Edmond H.M. Lou and Yuyao Zhang and Lawrence H. Le and Rui Zheng},
keywords = {Freehand 3D ultrasound, Self-supervised surface reconstruction, Implicit neural representation, Signed distance function},

}

@article{bone_shadow_and_phase,
	journal = {International Journal of Computer Assisted Radiology and Surgery},
	issn = {1861-6410},
	number = {10},
	language = {en},
	publisher = {Springer Science and Business Media LLC},
	title = {Fast and automatic bone segmentation and registration of 3D ultrasound to CT for the full pelvic anatomy: a comparative study},
	url = {http://dx.doi.org/10.1007/s11548-018-1788-5},
	volume = {13},
	author = {Pandey, Prashant and Guy, Pierre and Hodgson, Antony J. and Abugharbieh, Rafeef},
	pages = {1515--1524},
	date = {2018-05-26},
	year = {2018},
	month = {5},
	day = {26},
}

@misc{bone_probability_map,
	note = "Paper presented at 2007 IEEE Ultrasonics Symposium Proceedings",
	title = {P6D-2 Ultrasound Bone Segmentation Using Dynamic Programming},
	author = {Foroughi, P. and Boctor, E. and Swartz, M. J. and Taylor, R. H. and Fichtinger, G.},
	year = {2007},
}



@misc{phase_symmetry1,
author = {Ameet Kumar Jain and Russell H. Taylor},
title = {{Understanding bone responses in B-mode ultrasound images and automatic bone surface extraction using a Bayesian probabilistic framework}},
volume = {5373},
year = {2004},
note= "Paper presented at Medical Imaging 2004"
}


@misc{phase_symmetry2,
	title = {Confidence Weighted Local Phase Features for Robust Bone Surface Segmentation in Ultrasound},
	author = {Quader, Niamul and Hodgson, Antony and Abugharbieh, Rafeef},
	year = {2014},
    note= "Paper presented at Clinical Image-Based Procedures. Translational Research in Medical Imaging"
}

@article{phase_symmetry3,
	journal = {Ultrasound in Medicine \& Biology},
	issn = {0301-5629},
	number = {6},
	language = {en},
	publisher = {Elsevier BV},
	title = {Automatic Evaluation of Scan Adequacy and Dysplasia Metrics in 2-D Ultrasound Images of the Neonatal Hip},
	url = {http://dx.doi.org/10.1016/j.ultrasmedbio.2017.01.012},
	volume = {43},
	author = {Quader, Niamul and Hodgson, Antony J. and Mulpuri, Kishore and Schaeffer, Emily and Abugharbieh, Rafeef},
	pages = {1252--1262},
	date = {2017-06},
	year = {2017},
	month = {6},
}





@article{spine1,
	journal = {IEEE Transactions on Medical Imaging},
	issn = {0278-0062},
	number = {10},
	publisher = {Institute of Electrical and Electronics Engineers (IEEE)},
	title = {Ultrasound Aided Vertebral Level Localization for Lumbar Surgery},
	url = {http://dx.doi.org/10.1109/TMI.2017.2738612},
	volume = {36},
	author = {Baka, Nora and Leenstra, Sieger and van Walsum, Theo},
	pages = {2138--2147},
	date = {2017-10},
	year = {2017},
	month = {10},
}

@misc{pelvis_femur_tibia,
	title = {Precise Ultrasound Bone Registration with Learning-Based Segmentation and Speed of Sound Calibration},
	author = {Salehi, Mehrdad and Prevost, Raphael and Moctezuma, José-Luis and Navab, Nassir and Wein, Wolfgang},
	year = {2017},
    note= "Paper presented at Medical Image Computing and Computer-Assisted Intervention − MICCAI"
}


@article{femur_fibula_tibia_humerus_radius_ulna,
	journal = {International Journal of Computer Assisted Radiology and Surgery},
	issn = {1861-6410},
	number = {11},
	language = {en},
	publisher = {Springer Science and Business Media LLC},
	title = {FCN-based approach for the automatic segmentation of bone surfaces in ultrasound images},
	url = {http://dx.doi.org/10.1007/s11548-018-1856-x},
	volume = {13},
	author = {Villa, M. and Dardenne, G. and Nasan, M. and Letissier, H. and Hamitouche, C. and Stindel, E.},
	pages = {1707--1716},
	date = {2018-09-07},
	year = {2018},
	month = {9},
	day = {7},
}




@article{radius_femur_tibia,
	journal = {International Journal of Computer Assisted Radiology and Surgery},
	issn = {1861-6410},
	number = {5},
	language = {en},
	publisher = {Springer Science and Business Media LLC},
	title = {Automatic segmentation of bone surfaces from ultrasound using a filter-layer-guided CNN},
	url = {http://dx.doi.org/10.1007/s11548-019-01934-0},
	volume = {14},
	author = {Alsinan, Ahmed Z. and Patel, Vishal M. and Hacihaliloglu, Ilker},
	pages = {775--783},
	date = {2019-03-13},
	year = {2019},
	month = {3},
	day = {13},
}



@InProceedings{pelvis,
author="El-Hariri, Houssam
and Mulpuri, Kishore
and Hodgson, Antony
and Garbi, Rafeef",
title="Comparative Evaluation of Hand-Engineered and Deep-Learned Features for Neonatal Hip Bone Segmentation in Ultrasound",
booktitle="Medical Image Computing and Computer Assisted Intervention -- MICCAI 2019",
year="2019",
publisher="Springer International Publishing",
address="Cham",
pages="12--20",
isbn="978-3-030-32245-8"
}

@ARTICLE{spine2,
  author={Ungi, Tamas and Greer, Hastings and Sunderland, Kyle R. and Wu, Victoria and Baum, Zachary M. C. and Schlenger, Christopher and Oetgen, Matthew and Cleary, Kevin and Aylward, Stephen R. and Fichtinger, Gabor},
  journal={IEEE Transactions on Biomedical Engineering}, 
  title={Automatic Spine Ultrasound Segmentation for Scoliosis Visualization and Measurement}, 
  year={2020},
  volume={67},
  number={11},
  pages={3234-3241},
  keywords={Ultrasonic imaging;Image segmentation;Ultrasonic variables measurement;Biomedical measurement;Bones;X-ray imaging;Training;Artificial neural networks;Pediatrics;Medical diagnostic imaging},
}

@article{spine3,
	journal = {International Journal of Computer Assisted Radiology and Surgery},
	issn = {1861-6429},
	number = {9},
	language = {en},
	publisher = {Springer Science and Business Media LLC},
	title = {Robot-assisted ultrasound reconstruction for spine surgery: from bench-top to pre-clinical study},
	url = {http://dx.doi.org/10.1007/s11548-023-02932-z},
	volume = {18},
	author = {Li, Ruixuan and Davoodi, Ayoob and Cai, Yuyu and Niu, Kenan and Borghesan, Gianni and Cavalcanti, Nicola and Massalimova, Aidana and Carrillo, Fabio and Laux, Christoph J. and Farshad, Mazda and Fürnstahl, Philipp and Poorten, Emmanuel Vander},
	pages = {1613--1623},
	date = {2023-05-12},
	year = {2023},
	month = {5},
	day = {12},
}



%% Journal article
@article{bib1,
  author		= "Campbell, S. L. and Gear, C. W.",
  title			= "The index of general nonlinear {D}{A}{E}{S}",
  journal		= "Numer. {M}ath.",
  volume		= "72",
  number		= "2",
  pages			= "173--196",
  year			= "1995"
}

%% Journal article with DOI
@article{bib2,
  author		= "Slifka, M. K. and Whitton, J. L.",
  title			= "Clinical implications of dysregulated cytokine production",
  journal		= "J. {M}ol. {M}ed.",
  volume		= "78",
  pages			= "74--80",
  year			= "2000",
  doi			= "10.1007/s001090000086"
}

%% Journal article
@article{bib3,
  author		= "Hamburger, C.",
  title			= "Quasimonotonicity, regularity and duality for nonlinear systems of 
					partial differential equations",
  journal		= "Ann. Mat. Pura. Appl.",
  volume		= "169",
  number		= "2",
  pages			= "321--354",
  year			= "1995"
}

%% book, authored
@book{bib4,
  author		= "Geddes, K. O. and Czapor, S. R. and Labahn, G.",
  title			= "Algorithms for {C}omputer {A}lgebra",
  address		= "Boston",
  publisher		= "Kluwer",
  year			= "1992"
}

%% Item 8. Book, chapter
@incollection{bib5,
  author		= "Broy, M.",
  title			= "Software engineering---from auxiliary to key technologies",
  editor		= "Broy, M. and Denert, E.",
  booktitle		= "Software Pioneers",
  pages			= "10--13",
  address		= "New {Y}ork",
  publisher		= "Springer",
  year			= "1992"
}

%% Book, edited
@book{bib6,
  editor		= "Seymour, R. S.",
  title			= "Conductive {P}olymers",
  address		= "New {Y}ork",
  publisher		= "Plenum",
  year			= "1981"
}

%% Chapter in a book in a series with volume titles
@inproceedings{bib7,
  author		= "Smith, S. E.",
  title			= "Neuromuscular blocking drugs in man",
  editor		= "Zaimis, E.",
  volume		= "42",
  booktitle		= "Neuromuscular junction. {H}andbook of experimental pharmacology",
  pages			= "593--660",
  address		= "Heidelberg",
  publisher		= "Springer",
  year			= "1976"
}

%% Paper presented at a conference
@misc{bib8,
  author		= "Chung, S. T. and Morris, R. L.",
  title			= "Isolation and characterization of plasmid deoxyribonucleic acid from 
					Streptomyces fradiae",
  year			= "1978",
  note			= "Paper presented at the 3rd international symposium on the genetics 
					of industrial microorganisms, University of {W}isconsin, {M}adison, 
					4--9 June 1978"
}

%% Data citation example
@misc{bib9,
  author		= "Hao, Z. and AghaKouchak, A. and Nakhjiri, N. and Farahmand, A.",
  title			= "Global integrated drought monitoring and prediction system (GIDMaPS) data sets", 
  year			= "2014",
  note			= "figshare \url{https://doi.org/10.6084/m9.figshare.853801}"
}

%% Preprint citation example
@misc{bib10, 
  author		= "Babichev, S. A. and Ries, J. and Lvovsky, A. I.",
  title			= "Quantum scissors: teleportation of single-mode optical states by means 
					of a nonlocal single photon", 
  year			= "2002",
  note			= "Preprint at \url{https://arxiv.org/abs/quant-ph/0208066v1}"
}

@article{bib11,
  author		= "Beneke, M. and Buchalla, G. and Dunietz, I.",
  title			= "Mixing induced {CP} asymmetries in inclusive {B} decays",
  journal		= "Phys. {L}ett.",
  volume		= "B393",
  year			= "1997",
  pages			= "132-142",
  archivePrefix		= "arXiv",
  eprint		= "0707.3168",
  primaryClass		= "gr-gc"
}

@softmisc{bib12,
  author		= "Stahl, B.",
  title			= "deep{SIP}: deep learning of {S}upernova {I}a {P}arameters",
  version		= "0.42",
  keywords		= "Software",
  howpublished		= "Astrophysics {S}ource {C}ode {L}ibrary",
  year			= "2020",
  month			= "Jun",
  eid			= "ascl:2006.023",
  pages			= "ascl:2006.023",
  archivePrefix		= "ascl",
  eprint		= "2006.023",
  adsurl		= "{https://ui.adsabs.harvard.edu/abs/2020ascl.soft06023S}",
  adsnote		= "Provided by the SAO/NASA Astrophysics Data System"
}

@article{bib13,
  author = "Abbott, T. M. C. and others",
  collaboration = "DES",
  title = "{Dark Energy Survey Year 1 Results: Constraints on Extended Cosmological Models from Galaxy Clustering and Weak Lensing}",
  eprint = "1810.02499",
  archivePrefix = "arXiv",
  primaryClass = "astro-ph.CO",
  reportNumber = "FERMILAB-PUB-18-507-PPD",
  doi = "10.1103/PhysRevD.99.123505",
  journal = "Phys. Rev. D",
  volume = "99",
  number = "12",
  pages = "123505",
  year = "2019"
}

%%============================================================================%%
%% while using chicago reference style, both abbreviated and expanded form of %%
%% author name format is acceptable. Refer below example for expanded form    %%
%%============================================================================%%

%%  author		= "{Cameron, Deborah}", - single author
%%  author		= "{Saito, Yukio} and {Hyuga, Hiroyuki}", - double author 

%%======================================%%
%% Example for author names with suffix %%
%%======================================%%

%%  author		= "{Price, R. A. Jr} and {Curry, N. {III}} and McCann, K. E. and 
%%					Fielding, J. L. and {Abercrombie, E. Jr}",


@inproceedings{XR_simulator_spine,
  title={A novel augmented reality simulator for minimally invasive spine surgery},
  author={Fuerst, David and Hollensteiner, Marianne and Schrempf, Andreas},
  booktitle={Proceedings of the 2014 Summer Simulation Multiconference},
  pages={1--5},
  year={2014}
}


@inproceedings{reality-virtuality_continuum,
  title={Augmented reality: A class of displays on the reality-virtuality continuum},
  author={Milgram, Paul and Takemura, Haruo and Utsumi, Akira and Kishino, Fumio},
  booktitle={Telemanipulator and telepresence technologies},
  volume={2351},
  pages={282--292},
  year={1995},
  organization={Spie}
}


@ARTICLE{XR_simulator_wire_navigation,
  author={Thomas, Geb W. and Johns, Brian D. and Kho, Jenniefer Y. and Anderson, Donald D.},
  journal={IEEE Transactions on Human-Machine Systems}, 
  title={The Validity and Reliability of a Hybrid Reality Simulator for Wire Navigation in Orthopedic Surgery}, 
  year={2015},
  volume={45},
  number={1},
  pages={119-125},
  keywords={Wires;Surgery;Navigation;Bones;Sensors;Training;Fasteners;Human–device interaction;human factors,hybrid reality;motor skill acquisition;simulation-based training;Human–device interaction;human factors;hybrid reality;motor skill acquisition;simulation-based training},
  doi={10.1109/THMS.2014.2339324}}


@article{XR_simulator_DHS,
title = {Augmented reality fluoroscopy simulation of the guide-wire insertion in DHS surgery: A proof of concept study},
journal = {Medical Engineering \& Physics},
volume = {55},
pages = {52-59},
year = {2018},
issn = {1350-4533},
doi = {https://doi.org/10.1016/j.medengphy.2018.02.007},
url = {https://www.sciencedirect.com/science/article/pii/S1350453318300341},
author = {B.H. {van Duren} and K. Sugand and R. Wescott and R. Carrington and A. Hart},
keywords = {Simulation, Fluoroscopy, DHS/SHS, Guide-wire, Augmented reality, Surgical training},
}

@inproceedings{XR_simulator_multi_level,
  title={A multi-level HXRI-based approach for XR-based surgical training},
  author={Gupta, Avinash and Cecil, Joe and Pirela-Cruz, Miguel},
  booktitle={2023 IEEE International Conference on Systems, Man, and Cybernetics (SMC)},
  pages={1573--1578},
  year={2023},
  organization={IEEE}
}

@article{HCI_simulator_review,
  title={A systematic review of human--computer interaction (HCI) research in medical and other engineering fields},
  author={Sadeghi Milani, Alireza and Cecil-Xavier, Aaron and Gupta, Avinash and Cecil, Joe and Kennison, Shelia},
  journal={International Journal of Human--Computer Interaction},
  volume={40},
  number={3},
  pages={515--536},
  year={2024},
  publisher={Taylor \& Francis}
}

@article{Image_guided_intervention1,
	journal = {International Journal of Computer Assisted Radiology and Surgery},
	doi = {10.1007/s11548-018-1814-7},
	issn = {1861-6410},
	number = {3},
	language = {en},
	publisher = {Springer Science and Business Media LLC},
	title = {Head-mounted display augmented reality to guide pedicle screw placement utilizing computed tomography},
	url = {http://dx.doi.org/10.1007/s11548-018-1814-7},
	volume = {14},
	author = {Gibby, Jacob T. and Swenson, Samuel A. and Cvetko, Steve and Rao, Raj and Javan, Ramin},
	pages = {525--535},
	date = {2018-06-22},
	year = {2018},
	month = {6},
	day = {22},
}

@article{Image_guided_intervention2,
	journal = {International Journal of Spine Surgery},
	doi = {10.14444/8021},
	issn = {2211-4599},
	number = {1},
	language = {en},
	publisher = {International Journal of Spine Surgery},
	title = {Augmented Reality Navigated Sacral-Alar-Iliac Screw Insertion},
	url = {http://dx.doi.org/10.14444/8021},
	volume = {15},
	author = {Dennler, Cyrill and Safa, Nico Akhavan and Bauer, David Ephraim and Wanivenhaus, Florian and Liebmann, Florentin and Götschi, Tobias and Farshad, Mazda},
	pages = {161--168},
	date = {2021-02},
	year = {2021},
	month = {2},
}

@article{Pre_operative_planning_and_tele,
	journal = {Frontiers in Surgery},
	doi = {10.3389/fsurg.2021.657901},
	issn = {2296-875X},
	publisher = {Frontiers Media SA},
	title = {Augmented Reality in Medical Practice: From Spine Surgery to Remote Assistance},
	url = {http://dx.doi.org/10.3389/fsurg.2021.657901},
	volume = {8},
	author = {Cofano, Fabio and Di Perna, Giuseppe and Bozzaro, Marco and Longo, Alessandro and Marengo, Nicola and Zenga, Francesco and Zullo, Nicola and Cavalieri, Matteo and Damiani, Luca and Boges, Daniya J. and Agus, Marco and Garbossa, Diego and Calì, Corrado},
	date = {2021-03-30},
	year = {2021},
	month = {3},
	day = {30},
}


@article{AR_MR_education,
	journal = {International Journal of Medical Education},
	doi = {10.5116/ijme.5e01.eb1a},
	issn = {2042-6372},
	publisher = {International Journal of Medical Education},
	title = {Augmented reality and mixed reality for healthcare education beyond surgery: an integrative review},
	url = {http://dx.doi.org/10.5116/ijme.5e01.eb1a},
	volume = {11},
	author = {Gerup, Jaris and Soerensen, Camilla B. and Dieckmann, Peter},
	pages = {1--18},
	date = {2020-01-18},
	year = {2020},
	month = {1},
	day = {18},
}

@article{MR_anatomy_learning,
	journal = {Medical Science Educator},
	doi = {10.1007/s40670-019-00834-x},
	issn = {2156-8650},
	number = {1},
	language = {en},
	publisher = {Springer Science and Business Media LLC},
	title = {Mixed Reality Anatomy Using Microsoft HoloLens and Cadaveric Dissection: A Comparative Effectiveness Study},
	url = {http://dx.doi.org/10.1007/s40670-019-00834-x},
	volume = {30},
	author = {Stojanovska, M. and Tingle, G. and Tan, L. and Ulrey, L. and Simonson-Shick, S. and Mlakar, J. and Eastman, H. and Gotschall, R. and Boscia, A. and Enterline, R. and Henninger, E. and Herrmann, K. A. and Simpson, S. W. and Griswold, M. A. and Wish-Baratz, S.},
	pages = {173--178},
	date = {2019-11-15},
	year = {2019},
	month = {11},
	day = {15},
}

@article{AR_anatomy_learning,
	journal = {Anatomical Sciences Education},
	doi = {10.1002/ase.1603},
	issn = {1935-9772},
	number = {5},
	language = {en},
	publisher = {Wiley},
	title = {Learning anatomy via mobile augmented reality: Effects on achievement and cognitive load},
	url = {http://dx.doi.org/10.1002/ase.1603},
	volume = {9},
	author = {Küçük, Sevda and Kapakin, Samet and Göktaş, Yüksel},
	pages = {411--421},
	date = {2016-03-07},
	year = {2016},
	month = {3},
	day = {7},
}

@article{XR_simulator_review,
  title={Augmented Reality, Mixed Reality, and Hybrid Approach in Healthcare Simulation: A Systematic Review},
  author={Rosanna Maria Viglialoro and Sara Condino and Giuseppe Turini and Marina Carbone and Vincenzo Ferrari and Marco Gesi},
  journal={Applied Sciences},
  year={2021},
  url={https://api.semanticscholar.org/CorpusID:233847418}
}



@article{XR_review1,
  title={Augmented Reality, Mixed Reality, and Hybrid Approach in Healthcare Simulation: A Systematic Review},
  author={Rosanna Maria Viglialoro and Sara Condino and Giuseppe Turini and Marina Carbone and Vincenzo Ferrari and Marco Gesi},
  journal={Applied Sciences},
  year={2021},
  url={https://api.semanticscholar.org/CorpusID:233847418}
}

@article{MR_application_orthopedic_surgery,
	journal = {Frontiers in Bioengineering and Biotechnology},
	doi = {10.3389/fbioe.2022.740507},
	issn = {2296-4185},
	publisher = {Frontiers Media SA},
	title = {Applications of Mixed Reality Technology in Orthopedics Surgery: A Pilot Study},
	url = {http://dx.doi.org/10.3389/fbioe.2022.740507},
	volume = {10},
	author = {Lu, Lin and Wang, Honglin and Liu, Pengran and Liu, Rong and Zhang, Jiayao and Xie, Yi and Liu, Songxiang and Huo, Tongtong and Xie, Mao and Wu, Xinghuo and Ye, Zhewei},
	date = {2022-02-22},
	year = {2022},
	month = {2},
	day = {22},
}


@article{remote_surgery_covid,
	journal = {BMJ Surgery, Interventions, \& Health Technologies},
	doi = {10.1136/bmjsit-2021-000127},
	issn = {2631-4940},
	number = {1},
	language = {en},
	publisher = {BMJ},
	title = {Surgeon experience of mixed reality headset technology during the COVID-19 pandemic: a multicenter international case series in orthopedic surgery},
	volume = {4},
	author = {Gregory, Thomas and Gregory, Jules and Dacheux, Charles and Hurst, Simon Alexander},
	pages = {e000127},
	date = {2022-05},
	year = {2022},
	month = {5},
}




@book{AO,
  title={Leading a Surgical Revolution},
  author={Jeannet, Jean-Pierre and Jeannet, Jean-Pierre and Bihn},
  year={2019},
  publisher={Springer},
    url={https://doi.org/10.1007/978-3-030-01980-8}
}

@article{healthcareP1,
author = {Frithioff, Andreas and Sørensen, Mads and Andersen, Steven},
year = {2018},
month = {02},
pages = {},
title = {European status on temporal bone training: a questionnaire study},
volume = {275},
journal = {European Archives of Oto-Rhino-Laryngology},
url = {https://doi.org/10.1007/s00405-017-4824-0}
}
@article{healthcareP2,
author = {Adermann, Jens and Geißler, Norman and Bernal Vera, Luis and Kotzsch, Susanne and Korb, Werner},
year = {2014},
month = {03},
pages = {},
title = {Development and validation of an artificial wetlab training system for the lumbar discectomy},
volume = {23},
journal = {European spine journal : official publication of the European Spine Society, the European Spinal Deformity Society, and the European Section of the Cervical Spine Research Society},
doi = {10.1007/s00586-014-3257-3}
}

@article{AutoPlan1,
title = {An automatic genetic algorithm framework for the optimization of three-dimensional surgical plans of forearm corrective osteotomies},
journal = {Medical Image Analysis},
volume = {60},
pages = {101598},
year = {2020},
issn = {1361-8415},
doi = {https://doi.org/10.1016/j.media.2019.101598},
url = {https://www.sciencedirect.com/science/article/pii/S1361841519301380},
author = {Fabio Carrillo and Simon Roner and Marco {von Atzigen} and Andreas Schweizer and Ladislav Nagy and Lazaros Vlachopoulos and Jess G. Snedeker and Philipp Fürnstahl},
keywords = {3D Surgical planning, Automatic, Forearm, Corrective osteotomy, Multi-objective optimization}}

@article{AutoPlan2,
author = {Roth, Tabitha and Sigrist, Bastian and Wieczorek, Matthias and Schilling, Nathanael and Hodel, Sandro and Walker, Jonas and Somm, Mario and Wein, Wolfgang and Sutter, Reto and Vlachopoulos, Lazaros and Snedeker, Jess and Fucentese, Sandro and Fürnstahl, Philipp and Carrillo, Fabio},
year = {2023},
month = {05},
pages = {},
title = {An automated optimization pipeline for clinical-grade computer-assisted planning of high tibial osteotomies under consideration of weight-bearing},
volume = {28},
journal = {Computer Assisted Surgery},
doi = {10.1080/24699322.2023.2211728}
}

@article{CAI4CAI,
author = {Vercauteren, Tom and Unberath, Mathias and Padoy, Nicolas and Navab, Nassir},
year = {2019},
month = {10},
pages = {1-17},
title = {CAI4CAI: The Rise of Contextual Artificial Intelligence in Computer-Assisted Interventions},
volume = {PP},
journal = {Proceedings of the IEEE},
doi = {10.1109/JPROC.2019.2946993}
}

@article{MarkerlessTracking,
author = {Hein, Jonas and Seibold, Matthias and Bogo, Federica and Farshad, Mazda and Pollefeys, Marc and Fürnstahl, Philipp and Navab, Nassir},
year = {2021},
month = {04},
pages = {},
title = {Towards markerless surgical tool and hand pose estimation},
volume = {16},
journal = {International Journal of Computer Assisted Radiology and Surgery},
doi = {10.1007/s11548-021-02369-2}
}

@article{skillAssessment,
author = {Levin, Marc and McKechnie, Tyler and Khalid, Shuja and Grantcharov, Teodor and Goldenberg, Mitchell},
year = {2019},
month = {07},
pages = {},
title = {Automated Methods of Technical Skill Assessment in Surgery: A Systematic Review},
volume = {76},
journal = {Journal of Surgical Education},
doi = {10.1016/j.jsurg.2019.06.011}
}

@article{skillAssessment2,
author = {Tien, Tony and Pucher, Philip and Sodergren, Mikael and Sriskandarajah, Kumuthan and Yang, Guang-Zhong and Darzi, Ara},
year = {2014},
month = {04},
pages = {},
title = {Eye tracking for skills assessment and training: A systematic review},
volume = {191},
journal = {The Journal of surgical research},
doi = {10.1016/j.jss.2014.04.032}
}

@article{MRinMedicine,
author = {Gsaxner, Christina and Li, Jianning and Pepe, Antonio and Yuan, Jin and Kleesiek, Jens and Schmalstieg, Dieter and Egger, Jan},
year = {2022},
month = {09},
pages = {},
title = {The HoloLens in Medicine: A systematic Review and Taxonomy},
doi = {10.48550/arXiv.2209.03245}
}

@article{CurrentTHA,
  title={The Current Concepts of Total Hip Arthroplasty},
  author={Joong-Myung Lee},
  journal={Hip \& Pelvis},
  year={2016},
  volume={28},
  pages={191 - 200},
  url={https://doi.org/10.5371/hp.2016.28.4.191}
}

@article{OrthopedicsVR,
  title={Design of an Immersive Simulator for Orthopedic Surgical Training},
  author={Avinash Gupta and Joe Cecil and Miguel Pirela-Cruz and Nino Ilidan},
  journal={2018 IEEE International Conference on Systems, Man, and Cybernetics (SMC)},
  year={2018},
  pages={3813-3818},
  url={https://doi.org/10.1109/SMC.2018.00645}
}

@article{ResidentAndSeniorSurgeons,
author = {Kelz, Rachel and Sellers, Morgan and Niknam, Bijan and Sharpe, James and Rosenbaum, Paul and Hill, Alexander and Zhou, Hong and Hochman, Lauren and Bilimoria, Karl and Itani, Kamal and Romano, Patrick and Silber, Jeffrey},
year = {2019},
month = {06},
pages = {1},
title = {A National Comparison of Operative Outcomes of New and Experienced Surgeons},
volume = {Publish Ahead of Print},
journal = {Annals of Surgery},
url = {https://doi.org/10.1097/sla.0000000000003388}
}

@article{THA_conditions, title={Common hip conditions requiring primary total hip arthroplasty and comparison of their post-operative functional outcomes}, volume={11}, journal={Journal of Clinical Orthopaedics and Trauma}, author={Kumar, Prasoon and Sen, Ramesh K. and Aggarwal, Sameer and Jindal, Karan}, year={2020},url="https://doi.org/10.1016/j.jcot.2019.02.009"} 

@article{ARinOrthopedic,
  title={Applicability of augmented reality in orthopedic surgery--a systematic review},
  author={Jud, Lukas and Fotouhi, Javad and Andronic, Octavian and Aichmair, Alexander and Osgood, Greg and Navab, Nassir and Farshad, Mazda},
  journal={BMC musculoskeletal disorders},
  volume={21},
  number={1},
  pages={1--13},
  year={2020},
  publisher={BioMed Central}
}
@article{Kurtz2007ProjectionsOP,
  title={Projections of primary and revision hip and knee arthroplasty in the United States from 2005 to 2030.},
  author={Steven M. Kurtz and Kevin L. Ong and Edmund Lau and Fionna S Mowat and Michael T. Halpern},
  journal={The Journal of bone and joint surgery. American volume},
  year={2007},
  volume={89 4},
  pages={
          780-5
        },
  url={https://doi.org/10.2106/JBJS.F.00222}
}

@article{CompaOrthopedic,
author = {Syed, Shakir and Mirza, Aun and Ali, Seyed},
year = {2009},
month = {03},
pages = {226-31},
title = {A Brief Comparison of Orthopaedic Training in English-Speaking Countries},
volume = {91},
journal = {Annals of the Royal College of Surgeons of England},
url = {https://doi.org/10.1308/003588409X359303}
}

@article{globalOrthopedic,
author = {Sobel, Andrew and Hartnett, Davis and Hernandez, David and Eltorai, Adam and Daniels, Alan},
year = {2019},
month = {06},
pages = {},
title = {Global variability in orthopedic surgery training},
volume = {11},
journal = {Orthopedic Reviews},
url = {https://doi.org/10.4081/or.2019.8152}
}

@article{surgery1,
author = {Müller, Fabio and Roner, Simon and Liebmann, Florentin and Spirig, José and Fürnstahl, Philipp and Farshad, Mazda},
year = {2019},
month = {10},
pages = {},
title = {Augmented Reality Navigation for Spinal Pedicle Screw Instrumentation using Intraoperative 3D Imaging},
volume = {20},
journal = {The Spine Journal},
doi = {10.1016/j.spinee.2019.10.012}
}
@article{surgery2,
  title={Pedicle screw navigation using surface digitization on the Microsoft HoloLens},
  author={Florentin Liebmann and Simon Roner and Marco von Atzigen and Davide Scaramuzza and Reto Sutter and Jess Gerrit Snedeker and Mazda Farshad and Philipp F{\"u}rnstahl},
  journal={International Journal of Computer Assisted Radiology and Surgery},
  year={2019},
  volume={14},
  pages={1157-1165},
  url={https://api.semanticscholar.org/CorpusID:116862555}
}



@inproceedings{VR_Orthopedic_2,
  title={Development of a Virtual Reality Based Simulation Environment for Orthopedic Surgical Training},
  author={Joe Cecil and M. Bharathi Raj Kumar and Avinash Gupta and Miguel Pirela-Cruz and Eric Chan-Tin and Jiangmin Yu},
  booktitle={OTM Workshops},
  year={2016},
  url={https://doi.org/10.1007/978-3-319-55961-2\_21}
}

@article{Post2014DirectAA,
  title={Direct Anterior Approach for Total Hip Arthroplasty: Indications, Technique, and Results},
  author={Zachary D. Post and Fabio R Orozco and Claudio Diaz-Ledezma and William James Hozack and Alvin C Ong},
  journal={Journal of the American Academy of Orthopaedic Surgeons},
  year={2014},
  volume={22},
  pages={595–603},
  url={https://doi.org/10.5435/JAAOS-22-09-595}
}

@article{SimulationInSurgery,
  title={Simulation in surgery: perfecting the practice.},
  author={I. Choy and Allan Okrainec},
  journal={The Surgical clinics of North America},
  year={2010},
  volume={90 3},
  pages={
          457-73
        },
  url={https://doi.org/10.1016/j.suc.2010.02.011}
}

@article{VirteMed, title={Cadaver versus simulator based arthroscopic training in shoulder surgery}, volume={51}, DOI={10.3906/sag-2011-71}, number={3}, journal={TURKISH JOURNAL OF MEDICAL SCIENCES}, author={HURİ, Gazi and GÜLŞEN, Mert Ruşen and KARMIŞ, Ece Belen and KARAGÜVEN, Doğaç}, year={2021}, pages={1179–1190},url={https://doi.org/10.3906/sag-2011-71}} 

@article{Milburn2012IntroductionAA,
  title={Introduction, availability and role of simulation in surgical education and training: review of current evidence and recommendations from the Association of Surgeons in Training.},
  author={J. A. Milburn and Goldie Khera and Steve T. Hornby and P.S.C. Malone and J. E. F. Fitzgerald},
  journal={International journal of surgery},
  year={2012},
  volume={10 8},
  pages={
          393-8
        },
  url={https://api.semanticscholar.org/CorpusID:20617226}
}

@article{Happy, title={Happy: Hip arthroscopy portal placement using augmented reality}, volume={8}, DOI={10.3390/jimaging8110302}, number={11}, journal={Journal of Imaging}, author={Song, Tianyu and Sommersperger, Michael and Baran, The Anh and Seibold, Matthias and Navab, Nassir}, year={2022}, pages={302},
url={https://doi.org/10.3390/jimaging8110302}} 

@ARTICLE{PnP,
  author={Marchand, Eric and Uchiyama, Hideaki and Spindler, Fabien},
  journal={IEEE Transactions on Visualization and Computer Graphics}, 
  title={Pose Estimation for Augmented Reality: A Hands-On Survey}, 
  year={2016},
  volume={22},
  number={12},
  pages={2633-2651},
  url={https://doi.org/10.1109/TVCG.2015.2513408}}



@article{covid19_1,
title = {Effect of COVID-19 on Surgical Training Across the United States: A National Survey of General Surgery Residents},
journal = {Journal of Surgical Education},
volume = {78},
number = {2},
pages = {431-439},
year = {2021},
issn = {1931-7204},
url = {https://doi.org/10.1016/j.jsurg.2020.07.037},
author = {Hassan Aziz and Tayler James and Daphne Remulla and Linda Sher and Yuri Genyk and Maura E. Sullivan and Mohd Raashid Sheikh},
keywords = {Surgical Education, COVID 19, online didactics, surgical residents, residency survey},
}

@article{covid19_2,
author = {James, Dr and Pattison, Mr},
year = {2020},
month = {06},
pages = {},
title = {Disruption to Surgical Training during Covid-19 in the United States, United Kingdom, Canada, and Australasia: A Rapid Review of Impact and Mitigation Efforts},
volume = {78},
journal = {Journal of Surgical Education},
doi = {10.1016/j.jsurg.2020.06.020}
}

@book{NASA-TXL,
author = {Stanton, Neville and Salmon, Paul and Walker, Guy and Baber, Chris and Jenkins, Daniel},
year = {2005},
month = {12},
pages = {301},
title = {Human Factors Methods: A Practical Guide for Engineering And Design},
isbn = {978-0-7546-4660-0},
journal = {Human Factors Methods: A Practical Guide for Engineering and Design, 2nd Edition},
url = {https://doi.org/10.4324/9781351156325}
}


@article{Torkington2000TheRO,
  title={The role of simulation in surgical training.},
  author={Jared Torkington and S. G. T. Smith and Benjamin Rees and Ara Darzi},
  journal={Annals of the Royal College of Surgeons of England},
  year={2000},
  volume={82 2},
  pages={
          88-94
        },
  url={https://api.semanticscholar.org/CorpusID:12563890}
}

@article{Dehabadi2014TheUO,
  title={The use of simulation in the acquisition of laparoscopic suturing skills.},
  author={Mohammad Ali Haji Dehabadi and Bimbi Fernando and Pasquale Berlingieri},
  journal={International journal of surgery},
  year={2014},
  volume={12 4},
  pages={
          258-68
        },
  url={https://doi.org/10.1016/j.ijsu.2014.01.022}
}

@article{Finocchiaro2021TrainingSF,
  title={Training Simulators for Gastrointestinal Endoscopy: Current and Future Perspectives},
  author={Martina Finocchiaro and Pablo Cortegoso Valdivia and Albert Hernansanz and Nicola Marino and Denise Amram and Al{\'i}cia Casals and Arianna Menciassi and Wojciech Marlicz and Gastone Ciuti and Anastasios Koulaouzidis},
  journal={Cancers},
  year={2021},
  volume={13},
  url={https://doi.org/10.3390/cancers13061427}
}

@article{HL2Drift,
  title={Augmenting Microsoft's HoloLens with vuforia tracking for neuronavigation},
  author={Taylor Frantz and Bart Jansen and Johnny Duerinck and Jef Vandemeulebroucke},
  journal={Healthcare Technology Letters},
  year={2018},
  volume={5},
  pages={221 - 225},
  url={https://doi.org/10.1049/htl.2018.5079}
}

@article{SheikAli2019NextgenerationVA,
  title={Next-generation Virtual and Augmented Reality in Surgical Education: A Narrative Review.},
  author={Sharaf Sheik-Ali and Hilary Edgcombe and Chris Paton},
  journal={Surgical technology international},
  year={2019},
  volume={35},
  url={https://api.semanticscholar.org/CorpusID:202414594}
}

@article{McKnight2020VirtualRA,
  title={Virtual Reality and Augmented Reality—Translating Surgical Training into Surgical Technique},
  author={R. Randall McKnight and Christian A. Pean and J. Stewart Buck and John S. Hwang and Joseph R. Hsu and Sarah N. Pierrie},
  journal={Current Reviews in Musculoskeletal Medicine},
  year={2020},
  volume={13},
  pages={663 - 674},
  url={https://api.semanticscholar.org/CorpusID:221102082}
}

@article{Lungu2020ARO,
  title={A review on the applications of virtual reality, augmented reality and mixed reality in surgical simulation: an extension to different kinds of surgery},
  author={Abel J. Lungu and Wout Swinkels and Luc J. M. Claesen and Puxun Tu and Jan Egger and Xiaojun Chen},
  journal={Expert Review of Medical Devices},
  year={2020},
  volume={18},
  pages={47 - 62},
  url={https://api.semanticscholar.org/CorpusID:227524032}
}

@article{Mandal2022SurgeryTA,
  title={Surgery Training and Simulation Using Virtual and Augmented Reality for Knee Arthroplasty},
  author={Pooja Mandal and Ratnakar E Ambade},
  journal={Cureus},
  year={2022},
  volume={14},
  url={https://api.semanticscholar.org/CorpusID:252139028}
}




@article{AR_visualization,
  title={How different augmented reality visualizations for drilling affect trajectory deviation, visual attention, and user experience},
  author={Wolf, Julian and Luchmann, Dietmar and Lohmeyer, Quentin and Farshad, Mazda and F{\"u}rnstahl, Philipp and Meboldt, Mirko},
  journal={International Journal of Computer Assisted Radiology and Surgery},
  volume={18},
  number={8},
  pages={1363--1371},
  year={2023},
  publisher={Springer}
}


@article{Tnnis2005ExperimentalEO,
  title={Experimental evaluation of an augmented reality visualization for directing a car driver's attention},
  author={Marcus T{\"o}nnis and Christian Sandor and Christian Lange and Heiner Bubb},
  journal={Fourth IEEE and ACM International Symposium on Mixed and Augmented Reality (ISMAR'05)},
  year={2005},
  pages={56-59},
  url={https://doi.org/10.1109/ISMAR.2005.31}
}

@article{Jasche2021ComparisonOD,
  title={Comparison of Different Types of Augmented Reality Visualizations for Instructions},
  author={Florian Jasche and Sven Hoffmann and Thomas Ludwig and Volker Wulf},
  journal={Proceedings of the 2021 CHI Conference on Human Factors in Computing Systems},
  year={2021},
  url={https://doi.org/10.1145/3411764.3445724}
}
@article{Marquardt2020ComparingNA,
  title={Comparing Non-Visual and Visual Guidance Methods for Narrow Field of View Augmented Reality Displays},
  author={Alexander Marquardt and Christina Trepkowski and Tom David Eibich and Jens Maiero and Ernst Kruijff and Johannes Sch{\"o}ning},
  journal={IEEE Transactions on Visualization and Computer Graphics},
  year={2020},
  volume={26},
  pages={3389-3401},
  url={https://api.semanticscholar.org/CorpusID:221789156}
}


@article{Siopack1995TotalHA,
  title={Total hip arthroplasty.},
  author={J S Siopack and Harry E. Jergesen},
  journal={The Western journal of medicine},
  year={1995},
  volume={162 3},
  pages={
          243-9
        },
  url={https://api.semanticscholar.org/CorpusID:30895630}
}


@unknown{HoloLensInMedicine,
author = {Gsaxner, Christina and Li, Jianning and Pepe, Antonio and Yuan, Jin and Kleesiek, Jens and Schmalstieg, Dieter and Egger, Jan},
year = {2022},
month = {09},
pages = {},
title = {The HoloLens in Medicine: A systematic Review and Taxonomy},
doi = {10.48550/arXiv.2209.03245}
}

@article{AR_neurosurgical_training,
author = {Si, Wei-Xin and Liao, Xiang-Yun and Qian, Yin-Ling and Sun, Hai-Tao and Chen, Xiang-Dong and Wang, Qiong and Heng, Pheng},
year = {2019},
month = {12},
pages = {},
title = {Assessing performance of augmented reality-based neurosurgical training},
volume = {2},
journal = {Visual Computing for Industry, Biomedicine, and Art},
url = {https://doi.org/10.1186/s42492-019-0015-8}
}


@article{AR_orthopedics,
author = {Keating, Timothy and Jacobs, Joshua},
year = {2021},
month = {01},
pages = {15-26},
title = {Augmented Reality in Orthopedic Practice and Education},
volume = {52},
isbn = {9780323835527},
journal = {Orthopedic Clinics of North America},
url = {https://doi.org/10.1016/j.ocl.2020.08.002}
}

@article{AR_orthopedic_simulator,
  title={How to Build a Patient-Specific Hybrid Simulator for Orthopaedic Open Surgery: Benefits and Limits of Mixed-Reality Using the Microsoft HoloLens},
  author={Sara Condino and Giuseppe Turini and Paolo Domenico Parchi and Rosanna Maria Viglialoro and Nicola Piolanti and Marco Gesi and Mauro Ferrari and Vincenzo Ferrari},
  journal={Journal of Healthcare Engineering},
  year={2018},
  volume={2018},
  url={https://doi.org/10.1155/2018/5435097}
}

@inproceedings{AR_orthopedic_simulator2,
  title={A Microsoft HoloLens Mixed Reality Surgical Simulator for Patient-Specific Hip Arthroplasty Training},
  author={Si, Wei-Xin and Liao, Xiang-Yun and Qian, Yin-Ling and Sun, Hai-Tao and Chen, Xiang-Dong and Wang, Qiong and Heng, Pheng Ann},
  booktitle={5th International Conference on Augmented Reality, Virtual Reality, and Computer Graphics (AVR 2018), Proceedings Part II},
  year={2018},
  publisher={Springer},
  address={Otranto, Italy},
  month={June 24-27},
  url={https://doi.org/10.1007/978-3-319-95282-6_15}
}

@article{AR_orthopedic_simulator3,
  author    = {Logishetty, K. and others},
  title     = {Can an Augmented Reality Headset Improve Accuracy of Acetabular Cup Orientation in Simulated THA?},
  journal   = {Journal of Orthopaedic Research},
  year      = {2019},
  volume    = {37},
  number    = {5},
  pages     = {1007--1014},
  doi       = {10.1002/jor.24253},
  url={https://doi.org/10.1097/corr.0000000000000542}
}



@article{marker-free_tracking1,
author = {Hein, Jonas and Seibold, Matthias and Bogo, Federica and Farshad, Mazda and Pollefeys, Marc and Fürnstahl, Philipp and Navab, Nassir},
year = {2021},
month = {04},
pages = {},
title = {Towards markerless surgical tool and hand pose estimation},
volume = {16},
journal = {International Journal of Computer Assisted Radiology and Surgery},
url = {https://doi.org/10.1007/s11548-021-02369-2}
}

@misc{marker-free_tracking2,
Author = {Jonas Hein and Nicola Cavalcanti and Daniel Suter and Lukas Zingg and Fabio Carrillo and Lilian Calvet and Mazda Farshad and Marc Pollefeys and Nassir Navab and Philipp Fürnstahl},
Title = {Next-generation Surgical Navigation: Marker-less Multi-view 6DoF Pose Estimation of Surgical Instruments},
Year = {2023},
Eprint = {arXiv:2305.03535},
url={https://doi.org/10.48550/arXiv.2305.03535}
}

@inproceedings{marker-free_tracking3,
Author = {Bowen Wen and Wei Yang and Jan Kautz and Stan Birchfield},
Title = {FoundationPose: Unified 6D Pose Estimation and Tracking of Novel Objects},
Year = {2024},
booktitle= {CVPR},
url={https://github.com/NVlabs/FoundationPose}
}


@article{Impact_AO,
  title={The impact of the AO Foundation on fracture care: An evaluation of 60 years AO Foundation},
  author={Joeris, Alexander and H{\"o}glinger, Marc and Meier, Flurina and Kn{\"o}fler, Fabio and Scholz, Stefan and Br{\"u}gger, Urs and Denk, Eberhard and Gutzwiller, Felix and Prein, Joachim and Renner, Nikolaus and others},
  journal={Injury},
  volume={50},
  number={11},
  pages={1868--1875},
  year={2019},
  publisher={Elsevier}
}


@article{AR_in_orthopedic_surgery_review,
  title={Applicability of augmented reality in orthopedic surgery--a systematic review},
  author={Jud, Lukas and Fotouhi, Javad and Andronic, Octavian and Aichmair, Alexander and Osgood, Greg and Navab, Nassir and Farshad, Mazda},
  journal={BMC musculoskeletal disorders},
  volume={21},
  pages={1--13},
  year={2020},
  publisher={Springer}
}

@article{first_AR_PSP_in_man,
  title={First in man in-situ augmented reality pedicle screw navigation},
  author={Farshad, Mazda and F{\"u}rnstahl, Philipp and Spirig, Jos{\'e} Miguel},
  journal={North American Spine Society Journal (NASSJ)},
  volume={6},
  pages={100065},
  year={2021},
  publisher={Elsevier}
}



@inproceedings{HND,
  title={Can a hand-held navigation device reduce cognitive load? A user-centered approach evaluated by 18 surgeons},
  author={Brendle, Caroline and Sch{\"u}tz, Laura and Esteban, Javier and Krieg, Sandro M and Eck, Ulrich and Navab, Nassir},
  booktitle={Medical Image Computing and Computer Assisted Intervention--MICCAI 2020: 23rd International Conference, Lima, Peru, October 4--8, 2020, Proceedings, Part III 23},
  pages={399--408},
  year={2020},
  organization={Springer}
}


@article{haptic_impact_surgical_training,
  title={Impact of haptic feedback on surgical training outcomes: a randomised controlled trial of haptic versus non-haptic immersive virtual reality training},
  author={Gani, Abrar and Pickering, Oliver and Ellis, Caroline and Sabri, Omar and Pucher, Philip},
  journal={Annals of Medicine and Surgery},
  volume={83},
  pages={104734},
  year={2022},
  publisher={Elsevier}
}