@inproceedings{langley00,
 author    = {P. Langley},
 title     = {Crafting Papers on Machine Learning},
 year      = {2000},
 pages     = {1207--1216},
 editor    = {Pat Langley},
 booktitle     = {Proceedings of the 17th International Conference
              on Machine Learning (ICML 2000)},
 address   = {Stanford, CA},
 publisher = {Morgan Kaufmann}
}

@TechReport{mitchell80,
  author = 	 "T. M. Mitchell",
  title = 	 "The Need for Biases in Learning Generalizations",
  institution =  "Computer Science Department, Rutgers University",
  year = 	 "1980",
  address =	 "New Brunswick, MA",
}

@phdthesis{kearns89,
  author = {M. J. Kearns},
  title =  {Computational Complexity of Machine Learning},
  school = {Department of Computer Science, Harvard University},
  year =   {1989}
}

@Book{MachineLearningI,
  editor = 	 "R. S. Michalski and J. G. Carbonell and T.
		  M. Mitchell",
  title = 	 "Machine Learning: An Artificial Intelligence
		  Approach, Vol. I",
  publisher = 	 "Tioga",
  year = 	 "1983",
  address =	 "Palo Alto, CA"
}

@Book{DudaHart2nd,
  author =       "R. O. Duda and P. E. Hart and D. G. Stork",
  title =        "Pattern Classification",
  publisher =    "John Wiley and Sons",
  edition =      "2nd",
  year =         "2000"
}

@misc{anonymous,
  title= {Suppressed for Anonymity},
  author= {Author, N. N.},
  year= {2021}
}

@InCollection{Newell81,
  author =       "A. Newell and P. S. Rosenbloom",
  title =        "Mechanisms of Skill Acquisition and the Law of
                  Practice", 
  booktitle =    "Cognitive Skills and Their Acquisition",
  pages =        "1--51",
  publisher =    "Lawrence Erlbaum Associates, Inc.",
  year =         "1981",
  editor =       "J. R. Anderson",
  chapter =      "1",
  address =      "Hillsdale, NJ"
}


@Article{Samuel59,
  author = 	 "A. L. Samuel",
  title = 	 "Some Studies in Machine Learning Using the Game of
		  Checkers",
  journal =	 "IBM Journal of Research and Development",
  year =	 "1959",
  volume =	 "3",
  number =	 "3",
  pages =	 "211--229"
}

@article{xiao2024omnigen,
  title={Omnigen: Unified image generation},
  author={Xiao, Shitao and Wang, Yueze and Zhou, Junjie and Yuan, Huaying and Xing, Xingrun and Yan, Ruiran and Wang, Shuting and Huang, Tiejun and Liu, Zheng},
  journal={arXiv preprint arXiv:2409.11340},
  year={2024}
}
@inproceedings{sun2024generative,
  title={Generative multimodal models are in-context learners},
  author={Sun, Quan and Cui, Yufeng and Zhang, Xiaosong and Zhang, Fan and Yu, Qiying and Wang, Yueze and Rao, Yongming and Liu, Jingjing and Huang, Tiejun and Wang, Xinlong},
  booktitle={Proceedings of the IEEE/CVF Conference on Computer Vision and Pattern Recognition},
  pages={14398--14409},
  year={2024}
}
@InProceedings{Rombach_2022_CVPR,
    author    = {Rombach, Robin and Blattmann, Andreas and Lorenz, Dominik and Esser, Patrick and Ommer, Bj\"orn},
    title     = {High-Resolution Image Synthesis With Latent Diffusion Models},
    booktitle = {Proceedings of the IEEE/CVF Conference on Computer Vision and Pattern Recognition (CVPR)},
    month     = {June},
    year      = {2022},
    pages     = {10684-10695}
}
@article{podell2023sdxl,
  title={Sdxl: Improving latent diffusion models for high-resolution image synthesis},
  author={Podell, Dustin and English, Zion and Lacey, Kyle and Blattmann, Andreas and Dockhorn, Tim and M{\"u}ller, Jonas and Penna, Joe and Rombach, Robin},
  journal={arXiv preprint arXiv:2307.01952},
  year={2023}
}
@inproceedings{esser2024scaling,
  title={Scaling rectified flow transformers for high-resolution image synthesis},
  author={Esser, Patrick and Kulal, Sumith and Blattmann, Andreas and Entezari, Rahim and M{\"u}ller, Jonas and Saini, Harry and Levi, Yam and Lorenz, Dominik and Sauer, Axel and Boesel, Frederic and others},
  booktitle={Forty-first International Conference on Machine Learning},
  year={2024}
}
@misc{flux,
    title = {Black Forest Labs; Frontier AI Lab},
    url = {https://blackforestlabs.ai/},
    author = {BlackForest},
    year = {2024}
}
@misc{openai2023gpt4,
      title={GPT-4 Technical Report}, 
      author={OpenAI},
      year={2023},
      eprint={2303.08774},
      archivePrefix={arXiv},
      primaryClass={cs.CL}
}
@article{touvron2023llama,
  title={Llama: Open and efficient foundation language models},
  author={Touvron, Hugo and Lavril, Thibaut and Izacard, Gautier and Martinet, Xavier and Lachaux, Marie-Anne and Lacroix, Timoth{\'e}e and Rozi{\`e}re, Baptiste and Goyal, Naman and Hambro, Eric and Azhar, Faisal and others},
  journal={arXiv preprint arXiv:2302.13971},
  year={2023}
}
@article{gao2023retrieval,
  title={Retrieval-augmented generation for large language models: A survey},
  author={Gao, Yunfan and Xiong, Yun and Gao, Xinyu and Jia, Kangxiang and Pan, Jinliu and Bi, Yuxi and Dai, Yi and Sun, Jiawei and Wang, Haofen},
  journal={arXiv preprint arXiv:2312.10997},
  year={2023}
}
@inproceedings{peebles2023scalable,
  title={Scalable diffusion models with transformers},
  author={Peebles, William and Xie, Saining},
  booktitle={Proceedings of the IEEE/CVF International Conference on Computer Vision},
  pages={4195--4205},
  year={2023}
}
@inproceedings{chen2020simple,
  title={A simple framework for contrastive learning of visual representations},
  author={Chen, Ting and Kornblith, Simon and Norouzi, Mohammad and Hinton, Geoffrey},
  booktitle={International conference on machine learning},
  pages={1597--1607},
  year={2020},
  organization={PMLR}
}
@article{khosla2020supervised,
  title={Supervised contrastive learning},
  author={Khosla, Prannay and Teterwak, Piotr and Wang, Chen and Sarna, Aaron and Tian, Yonglong and Isola, Phillip and Maschinot, Aaron and Liu, Ce and Krishnan, Dilip},
  journal={Advances in neural information processing systems},
  volume={33},
  pages={18661--18673},
  year={2020}
}
@article{le2020contrastive,
  title={Contrastive representation learning: A framework and review},
  author={Le-Khac, Phuc H and Healy, Graham and Smeaton, Alan F},
  journal={Ieee Access},
  volume={8},
  pages={193907--193934},
  year={2020},
  publisher={IEEE}
}
@inproceedings{he2020momentum,
  title={Momentum contrast for unsupervised visual representation learning},
  author={He, Kaiming and Fan, Haoqi and Wu, Yuxin and Xie, Saining and Girshick, Ross},
  booktitle={Proceedings of the IEEE/CVF conference on computer vision and pattern recognition},
  pages={9729--9738},
  year={2020}
}
@inproceedings{radford2021learning,
  title={Learning transferable visual models from natural language supervision},
  author={Radford, Alec and Kim, Jong Wook and Hallacy, Chris and Ramesh, Aditya and Goh, Gabriel and Agarwal, Sandhini and Sastry, Girish and Askell, Amanda and Mishkin, Pamela and Clark, Jack and others},
  booktitle={International conference on machine learning},
  pages={8748--8763},
  year={2021},
  organization={PMLR}
}

@inproceedings{sun2023learning,
  title={Learning Audio-Visual Source Localization via False Negative Aware Contrastive Learning},
  author={Sun, Weixuan and Zhang, Jiayi and Wang, Jianyuan and Liu, Zheyuan and Zhong, Yiran and Feng, Tianpeng and Guo, Yandong and Zhang, Yanhao and Barnes, Nick},
  booktitle={Proceedings of the IEEE/CVF Conference on Computer Vision and Pattern Recognition},
  pages={6420--6429},
  year={2023}
}
@article{likhosherstov2021polyvit,
  title={Polyvit: Co-training vision transformers on images, videos and audio},
  author={Likhosherstov, Valerii and Arnab, Anurag and Choromanski, Krzysztof and Lucic, Mario and Tay, Yi and Weller, Adrian and Dehghani, Mostafa},
  journal={arXiv preprint arXiv:2111.12993},
  year={2021}
}
@inproceedings{guzhov2022audioclip,
  title={Audioclip: Extending clip to image, text and audio},
  author={Guzhov, Andrey and Raue, Federico and Hees, J{\"o}rn and Dengel, Andreas},
  booktitle={ICASSP 2022-2022 IEEE International Conference on Acoustics, Speech and Signal Processing (ICASSP)},
  pages={976--980},
  year={2022},
  organization={IEEE}
}
@inproceedings{mahmud2023ave,
  title={Ave-clip: Audioclip-based multi-window temporal transformer for audio visual event localization},
  author={Mahmud, Tanvir and Marculescu, Diana},
  booktitle={Proceedings of the IEEE/CVF Winter Conference on Applications of Computer Vision},
  pages={5158--5167},
  year={2023}
}
@inproceedings{girdhar2023imagebind,
  title={Imagebind: One embedding space to bind them all},
  author={Girdhar, Rohit and El-Nouby, Alaaeldin and Liu, Zhuang and Singh, Mannat and Alwala, Kalyan Vasudev and Joulin, Armand and Misra, Ishan},
  booktitle={Proceedings of the IEEE/CVF Conference on Computer Vision and Pattern Recognition},
  pages={15180--15190},
  year={2023}
}

@inproceedings{huang2023clover,
  title={Clover: Towards a unified video-language alignment and fusion model},
  author={Huang, Jingjia and Li, Yinan and Feng, Jiashi and Wu, Xinglong and Sun, Xiaoshuai and Ji, Rongrong},
  booktitle={Proceedings of the IEEE/CVF Conference on Computer Vision and Pattern Recognition},
  pages={14856--14866},
  year={2023}
}
@article{fang2021clip2video,
  title={Clip2video: Mastering video-text retrieval via image clip},
  author={Fang, Han and Xiong, Pengfei and Xu, Luhui and Chen, Yu},
  journal={arXiv preprint arXiv:2106.11097},
  year={2021}
}
@article{luo2022clip4clip,
  title={Clip4clip: An empirical study of clip for end to end video clip retrieval and captioning},
  author={Luo, Huaishao and Ji, Lei and Zhong, Ming and Chen, Yang and Lei, Wen and Duan, Nan and Li, Tianrui},
  journal={Neurocomputing},
  volume={508},
  pages={293--304},
  year={2022},
  publisher={Elsevier}
}
@article{xue2022clip,
  title={Clip-vip: Adapting pre-trained image-text model to video-language representation alignment},
  author={Xue, Hongwei and Sun, Yuchong and Liu, Bei and Fu, Jianlong and Song, Ruihua and Li, Houqiang and Luo, Jiebo},
  journal={arXiv preprint arXiv:2209.06430},
  year={2022}
}
@article{zhu2023languagebind,
  title={Languagebind: Extending video-language pretraining to n-modality by language-based semantic alignment},
  author={Zhu, Bin and Lin, Bin and Ning, Munan and Yan, Yang and Cui, Jiaxi and Wang, HongFa and Pang, Yatian and Jiang, Wenhao and Zhang, Junwu and Li, Zongwei and others},
  journal={arXiv preprint arXiv:2310.01852},
  year={2023}
}

@inproceedings{zhang2022pointclip,
  title={Pointclip: Point cloud understanding by clip},
  author={Zhang, Renrui and Guo, Ziyu and Zhang, Wei and Li, Kunchang and Miao, Xupeng and Cui, Bin and Qiao, Yu and Gao, Peng and Li, Hongsheng},
  booktitle={Proceedings of the IEEE/CVF Conference on Computer Vision and Pattern Recognition},
  pages={8552--8562},
  year={2022}
}
@article{zhu2022pointclip,
  title={Pointclip v2: Adapting clip for powerful 3d open-world learning},
  author={Zhu, Xiangyang and Zhang, Renrui and He, Bowei and Zeng, Ziyao and Zhang, Shanghang and Gao, Peng},
  journal={arXiv preprint arXiv:2211.11682},
  year={2022}
}
@article{huang2022clip2point,
  title={Clip2point: Transfer clip to point cloud classification with image-depth pre-training},
  author={Huang, Tianyu and Dong, Bowen and Yang, Yunhan and Huang, Xiaoshui and Lau, Rynson WH and Ouyang, Wanli and Zuo, Wangmeng},
  journal={arXiv preprint arXiv:2210.01055},
  year={2022}
}
@article{guo2023point,
  title={Point-Bind \& Point-LLM: Aligning Point Cloud with Multi-modality for 3D Understanding, Generation, and Instruction Following},
  author={Guo, Ziyu and Zhang, Renrui and Zhu, Xiangyang and Tang, Yiwen and Ma, Xianzheng and Han, Jiaming and Chen, Kexin and Gao, Peng and Li, Xianzhi and Li, Hongsheng and others},
  journal={arXiv preprint arXiv:2309.00615},
  year={2023}
}

@inproceedings{yang2024binding,
  title={Binding touch to everything: Learning unified multimodal tactile representations},
  author={Yang, Fengyu and Feng, Chao and Chen, Ziyang and Park, Hyoungseob and Wang, Daniel and Dou, Yiming and Zeng, Ziyao and Chen, Xien and Gangopadhyay, Rit and Owens, Andrew and others},
  booktitle={Proceedings of the IEEE/CVF Conference on Computer Vision and Pattern Recognition},
  pages={26340--26353},
  year={2024}
}
@inproceedings{lei2024vit,
  title={Vit-lens: Towards omni-modal representations},
  author={Lei, Weixian and Ge, Yixiao and Yi, Kun and Zhang, Jianfeng and Gao, Difei and Sun, Dylan and Ge, Yuying and Shan, Ying and Shou, Mike Zheng},
  booktitle={Proceedings of the IEEE/CVF Conference on Computer Vision and Pattern Recognition},
  pages={26647--26657},
  year={2024}
}
@article{kalantidis2020hard,
  title={Hard negative mixing for contrastive learning},
  author={Kalantidis, Yannis and Sariyildiz, Mert Bulent and Pion, Noe and Weinzaepfel, Philippe and Larlus, Diane},
  journal={Advances in neural information processing systems},
  volume={33},
  pages={21798--21809},
  year={2020}
}
@article{robinson2020contrastive,
  title={Contrastive learning with hard negative samples},
  author={Robinson, Joshua and Chuang, Ching-Yao and Sra, Suvrit and Jegelka, Stefanie},
  journal={arXiv preprint arXiv:2010.04592},
  year={2020}
}
@inproceedings{zhu2022balanced,
  title={Balanced contrastive learning for long-tailed visual recognition},
  author={Zhu, Jianggang and Wang, Zheng and Chen, Jingjing and Chen, Yi-Ping Phoebe and Jiang, Yu-Gang},
  booktitle={Proceedings of the IEEE/CVF Conference on Computer Vision and Pattern Recognition},
  pages={6908--6917},
  year={2022}
}
@article{liu2022universal,
  title={Universal vision-language dense retrieval: Learning a unified representation space for multi-modal retrieval},
  author={Liu, Zhenghao and Xiong, Chenyan and Lv, Yuanhuiyi and Liu, Zhiyuan and Yu, Ge},
  journal={arXiv preprint arXiv:2209.00179},
  year={2022}
}
@inproceedings{zhang2021cross,
  title={Cross-modal contrastive learning for text-to-image generation},
  author={Zhang, Han and Koh, Jing Yu and Baldridge, Jason and Lee, Honglak and Yang, Yinfei},
  booktitle={Proceedings of the IEEE/CVF conference on computer vision and pattern recognition},
  pages={833--842},
  year={2021}
}


@article{lewis2020retrieval,
  title={Retrieval-augmented generation for knowledge-intensive nlp tasks},
  author={Lewis, Patrick and Perez, Ethan and Piktus, Aleksandra and Petroni, Fabio and Karpukhin, Vladimir and Goyal, Naman and K{\"u}ttler, Heinrich and Lewis, Mike and Yih, Wen-tau and Rockt{\"a}schel, Tim and others},
  journal={Advances in Neural Information Processing Systems},
  volume={33},
  pages={9459--9474},
  year={2020}
}
@inproceedings{guu2020retrieval,
  title={Retrieval augmented language model pre-training},
  author={Guu, Kelvin and Lee, Kenton and Tung, Zora and Pasupat, Panupong and Chang, Mingwei},
  booktitle={International conference on machine learning},
  pages={3929--3938},
  year={2020},
  organization={PMLR}
}
@article{wu2024retrieval,
  title={Retrieval-augmented generation for natural language processing: A survey},
  author={Wu, Shangyu and Xiong, Ying and Cui, Yufei and Wu, Haolun and Chen, Can and Yuan, Ye and Huang, Lianming and Liu, Xue and Kuo, Tei-Wei and Guan, Nan and others},
  journal={arXiv preprint arXiv:2407.13193},
  year={2024}
}

@article{jiang2023active,
  title={Active retrieval augmented generation},
  author={Jiang, Zhengbao and Xu, Frank F and Gao, Luyu and Sun, Zhiqing and Liu, Qian and Dwivedi-Yu, Jane and Yang, Yiming and Callan, Jamie and Neubig, Graham},
  journal={arXiv preprint arXiv:2305.06983},
  year={2023}
}

@article{blattmann2022retrieval,
  title={Retrieval-augmented diffusion models},
  author={Blattmann, Andreas and Rombach, Robin and Oktay, Kaan and M{\"u}ller, Jonas and Ommer, Bj{\"o}rn},
  journal={Advances in Neural Information Processing Systems},
  volume={35},
  pages={15309--15324},
  year={2022}
}

@inproceedings{deng2009imagenet,
  title={Imagenet: A large-scale hierarchical image database},
  author={Deng, Jia and Dong, Wei and Socher, Richard and Li, Li-Jia and Li, Kai and Fei-Fei, Li},
  booktitle={2009 IEEE conference on computer vision and pattern recognition},
  pages={248--255},
  year={2009},
  organization={Ieee}
}
@inproceedings{krause20133d,
  title={3d object representations for fine-grained categorization},
  author={Krause, Jonathan and Stark, Michael and Deng, Jia and Fei-Fei, Li},
  booktitle={Proceedings of the IEEE international conference on computer vision workshops},
  pages={554--561},
  year={2013}
}
@inproceedings{dataset2011novel,
  title={Novel datasets for fine-grained image categorization},
  author={Dataset, E},
  booktitle={First Workshop on Fine Grained Visual Categorization, CVPR. Citeseer. Citeseer. Citeseer},
  volume={5},
  number={1},
  pages={2},
  year={2011},
  organization={Citeseer}
}
@inproceedings{nilsback2008automated,
  title={Automated flower classification over a large number of classes},
  author={Nilsback, Maria-Elena and Zisserman, Andrew},
  booktitle={2008 Sixth Indian conference on computer vision, graphics \& image processing},
  pages={722--729},
  year={2008},
  organization={IEEE}
}

@article{chen2024diffusion,
  title={Diffusion forcing: Next-token prediction meets full-sequence diffusion},
  author={Chen, Boyuan and Monso, Diego Marti and Du, Yilun and Simchowitz, Max and Tedrake, Russ and Sitzmann, Vincent},
  journal={arXiv preprint arXiv:2407.01392},
  year={2024}
}
@article{xie2024show,
  title={Show-o: One single transformer to unify multimodal understanding and generation},
  author={Xie, Jinheng and Mao, Weijia and Bai, Zechen and Zhang, David Junhao and Wang, Weihao and Lin, Kevin Qinghong and Gu, Yuchao and Chen, Zhijie and Yang, Zhenheng and Shou, Mike Zheng},
  journal={arXiv preprint arXiv:2408.12528},
  year={2024}
}
@article{zhou2024transfusion,
  title={Transfusion: Predict the next token and diffuse images with one multi-modal model},
  author={Zhou, Chunting and Yu, Lili and Babu, Arun and Tirumala, Kushal and Yasunaga, Michihiro and Shamis, Leonid and Kahn, Jacob and Ma, Xuezhe and Zettlemoyer, Luke and Levy, Omer},
  journal={arXiv preprint arXiv:2408.11039},
  year={2024}
}

@article{hashimoto2018retrieve,
  title={A retrieve-and-edit framework for predicting structured outputs},
  author={Hashimoto, Tatsunori B and Guu, Kelvin and Oren, Yonatan and Liang, Percy S},
  journal={Advances in Neural Information Processing Systems},
  volume={31},
  year={2018}
}
@article{khandelwal2019generalization,
  title={Generalization through memorization: Nearest neighbor language models},
  author={Khandelwal, Urvashi and Levy, Omer and Jurafsky, Dan and Zettlemoyer, Luke and Lewis, Mike},
  journal={arXiv preprint arXiv:1911.00172},
  year={2019}
}
@article{shi2023replug,
  title={Replug: Retrieval-augmented black-box language models},
  author={Shi, Weijia and Min, Sewon and Yasunaga, Michihiro and Seo, Minjoon and James, Rich and Lewis, Mike and Zettlemoyer, Luke and Yih, Wen-tau},
  journal={arXiv preprint arXiv:2301.12652},
  year={2023}
}
@article{cherti2022reproducible,
  title={Reproducible scaling laws for contrastive language-image learning},
  author={Cherti, Mehdi and Beaumont, Romain and Wightman, Ross and Wortsman, Mitchell and Ilharco, Gabriel and Gordon, Cade and Schuhmann, Christoph and Schmidt, Ludwig and Jitsev, Jenia},
  journal={arXiv preprint arXiv:2212.07143},
  year={2022}
}
@article{schuhmann2022laion,
  title={Laion-5b: An open large-scale dataset for training next generation image-text models},
  author={Schuhmann, Christoph and Beaumont, Romain and Vencu, Richard and Gordon, Cade and Wightman, Ross and Cherti, Mehdi and Coombes, Theo and Katta, Aarush and Mullis, Clayton and Wortsman, Mitchell and others},
  journal={Advances in Neural Information Processing Systems},
  volume={35},
  pages={25278--25294},
  year={2022}
}