@inproceedings{collins2022eliciting,
  title={Eliciting and learning with soft labels from every annotator},
  author={Collins, Katherine M. and Bhatt, Umang and Weller, Adrian},
  booktitle={Proceedings of the 10th AAAI conference on human computation and crowdsourcing},
  pages={40--52},
  year={2022}
}

@inproceedings{feng2020learning,
  title={Learning with multiple complementary labels},
  author={Feng, Lei and Kaneko, Takuo and Han, Bo and Niu, Gang and An, Bo and Sugiyama, Masashi},
  booktitle={Proceedings of the 37th International Conference on Machine Learning},
  pages={3072--3081},
  year={2020}
}

@inproceedings{feng2020provably,
    author = {Feng, Lei and Lv, Jiaqi and Han, Bo and Xu, Miao and Niu, Gang and Geng, Xin and An, Bo and Sugiyama, Masashi},
    title = {Provably consistent partial-label learning},
    booktitle = {Advances in Neural Information Processing Systems 33},
    year = {2020},
    pages = {10948--10960}
}

@inproceedings{gao2022learning,
  title={Learning from multiple annotator noisy labels via sample-wise label fusion},
  author={Gao, Zhengqi and Sun, Fan-Keng and Yang, Mingran and Ren, Sucheng and Xiong, Zikai and Engeler, Marc and Burazer, Antonio and Wildling, Linda and Daniel, Luca and Boning, Duane S.},
  booktitle={Proceedings of the 17th European Conference on Computer Vision},
  pages={407--422},
  year={2022}
}

@InProceedings{gong2022partial,
  title = {Partial label learning via label influence function},
  author = {Gong, Xiuwen and Yuan, Dong and Bao, Wei},
  booktitle = {Proceedings of the 39th International Conference on Machine Learning},
  pages = {7665--7678},
  year = {2022}

}

@inproceedings{goswami2023aqua,
 author = {Goswami, Mononito and Sanil, Vedant and Choudhry, Arjun and Srinivasan, Arvind and Udompanyawit, Chalisa and Dubrawski, Artur},
 booktitle = {Advances in Neural Information Processing Systems 36},
 pages = {79792--79807},
 title = {{AQuA}: A benchmarking tool for label quality assessment},
 year = {2023}
}

@inproceedings{khetan2018learning,
title={Learning from noisy singly-labeled data},
author={Ashish Khetan and Zachary C. Lipton and Anima Anandkumar},
booktitle={Proceedings of the 6th International Conference on Learning Representations},
year={2018}
}

@inproceedings{li2023learning,
  author = {Ximing Li and
                  Yuanzhi Jiang and
                  Changchun Li and
                  Yiyuan Wang and
                  Jihong Ouyang},
  title = {Learning with Partial Labels from Semi-supervised Perspective},
  booktitle = {Proceedings of the 37th {AAAI} Conference on Artificial Intelligence},
  pages = {8666--8674},
  year = {2023}
}

@inproceedings{lv2020progressive,
  title={Progressive identification of true labels for partial-label learning},
  author={Lv, Jiaqi and Xu, Miao and Feng, Lei and Niu, Gang and Geng, Xin and Sugiyama, Masashi},
  booktitle={Proceedings of the 37th International Conference on Machine Learning},
  pages={6500-6510},
  year={2020}
}

@ARTICLE{lv2024on,
  author={Lv, Jiaqi and Liu, Biao and Feng, Lei and Xu, Ning and Xu, Miao and An, Bo and Niu, Gang and Geng, Xin and Sugiyama, Masashi},
  journal={IEEE Transactions on Pattern Analysis and Machine Intelligence}, 
  title={On the Robustness of Average Losses for Partial-Label Learning}, 
  year={2024},
  volume={46},
  number={5},
  pages={2569-2583}
}

@inproceedings{peterson2019human,
  title={Human uncertainty makes classification more robust},
  author={Peterson, Joshua C. and Battleday, Ruairidh M. and Griffiths, Thomas L. and Russakovsky, Olga},
  booktitle={Proceedings of the 2019 IEEE/CVF International Conference on Computer Vision},
  pages={9617--9626},
  year={2019}
}

@inproceedings{schmarje2022is,
 author = {Schmarje, Lars and Grossmann, Vasco and Zelenka, Claudius and Dippel, Sabine and Kiko, Rainer and Oszust, Mariusz and Pastell, Matti and Stracke, Jenny and Valros, Anna and Volkmann, Nina and Koch, Reinhard},
 booktitle = {Advances in Neural Information Processing Systems 35},
 pages = {33215--33232},
 title = {Is one annotation enough? -  A data-centric image classification benchmark for noisy and ambiguous label estimation},
 year = {2022}
}

@inproceedings{tian2024crosel,
    author = {Tian, Shiyu and Wei, Hongxin and Wang, Yiqun and Feng, Lei},
    title = {{CroSel}: Cross Selection of Confident Pseudo Labels for Partial-Label Learning},
    booktitle = {Proceedings of the 2024 IEEE/CVF Conference on Computer Vision and Pattern Recognition},
    year = {2024},
    pages = {19479-19488}
}

@inproceedings{wang2020semi,
    author = {Wang, Wei and Zhang, Min-Ling},
    title = {Semi-supervised partial label learning via confidence-rated margin maximization},
    booktitle = {Advances in Neural Information Processing Systems 33},
    year = {2020},
    pages = {6982-6993}
}

@inproceedings{wang2022partial,
    author = {Wang, Wei and Zhang, Min-Ling},
    title = {Partial label learning with discrimination augmentation},
    booktitle = {Proceedings of the 28th ACM SIGKDD Conference on Knowledge Discovery and Data Mining},
    year = {2022},
    pages = {1920--1928}
}

@inproceedings{wang2022pico,
    author = {Haobo Wang and Ruixuan Xiao and Sharon Li and Lei Feng and Gang Niu and Gang Chen and Junbo Zhao},
    title = {{PiCO}: Contrastive label disambiguation for partial label learning},
    booktitle = {Proceedings of the 10th International Conference on Learning Representations},
    year = {2022}
}

@inproceedings{wen2021leveraged,
  title={Leveraged weighted loss for partial label learning},
  author={Wen, Hongwei and Cui, Jingyi and Hang, Hanyuan and Liu, Jiabin and Wang, Yisen and Lin, Zhouchen},
  booktitle={Proceedings of the 38th International Conference on Machine Learning},
  pages={11091--11100},
  year={2021}
}

@inproceedings{wu2022revisiting,
  title={Revisiting consistency regularization for deep partial label learning},
  author={Wu, Dong-Dong and Wang, Deng-Bao and Zhang, Min-Ling},
  booktitle={Proceedings of the 39th International Conference on Machine Learning},
  pages={24212--24225},
  year={2022}
}

@article{wu2024distilling, 
title={Distilling reliable knowledge for instance-dependent partial label learning}, 
journal={Proceedings of the AAAI Conference on Artificial Intelligence}, 
author={Wu, Dong-Dong and Wang, Deng-Bao and Zhang, Min-Ling}, 
year={2024}, 
pages={15888-15896} 
}

@inproceedings{xia2022ambiguity,
  author       = {Shiyu Xia and
                  Jiaqi Lv and
                  Ning Xu and
                  Xin Geng},
  title        = {Ambiguity-Induced Contrastive Learning for Instance-Dependent Partial
                  Label Learning},
  booktitle    = {Proceedings of the 31st International Joint Conference on
                  Artificial Intelligence},
  pages        = {3615--3621},
  year         = {2022}
}

@inproceedings{xu2023progressive,
  title={Progressive purification for instance-dependent partial label learning},
  author={Xu, Ning and Liu, Biao and Lv, Jiaqi and Qiao, Congyu and Geng, Xin},
  booktitle={Proceedings of the 40th International Conference on Machine Learning},
  pages={38551--38565},
  year={2023}
}

@inproceedings{yao2020deep,
  author       = {Yao Yao and
                  Jiehui Deng and
                  Xiuhua Chen and
                  Chen Gong and
                  Jianxin Wu and
                  Jian Yang},
  title        = {Deep discriminative {CNN} with temporal ensembling for ambiguously-labeled image classification},
  booktitle    = {Proceedings of the 34th {AAAI} Conference on Artificial Intelligence},
  pages        = {12669--12676},
  year         = {2020}
}

@inproceedings{zhang20222exploiting,
    author = {Fei Zhang and Lei Feng and Bo Han and Tongliang Liu and Gang Niu and Tao Qin and Masashi Sugiyama},
    title = {Exploiting class activation value for partial-label learning},
    booktitle = {Proceedings of the 10th International Conference on Learning Representations},
    year = {2022}
}

