@inproceedings{wang2019partial,
  title     = {Partial label learning with unlabeled data},
  author    = {Wang, Qian-Wei and Li, Yu-Feng and Zhou, Zhi-Hua},
  booktitle = {Proceedings of the 28th International Joint Conference on Artificial Intelligence},
  pages     = {3755--3761},
  year      = {2019}
}

@inproceedings{tang2023disambiguated,
 author = {Tang, Wei and Zhang, Weijia and Zhang, Min-Ling},
 booktitle = {Advances in Neural Information Processing Systems 36},
 pages = {56756--56771},
 title = {Disambiguated attention embedding for multi-instance partial-label learning},
 year = {2023}
}

@misc{
wang2024climage,
title={{CLI}mage: Human-annotated datasets for complementary-label learning},
author={Wang, Hsiu-Hsuan and Ha, Mai Tan and Ye, Nai-Xuan and Lin, Wei-I and Lin, Hsuan-Tien},
year={2024},
url={https://openreview.net/forum?id=36ehx1GHD0}
}

@inproceedings{
lv2024what,
title={What makes partial-label learning algorithms effective?},
author={Jiaqi Lv and Yangfan Liu and Shiyu Xia and Ning Xu and Miao Xu and Gang Niu and Min-Ling Zhang and Masashi Sugiyama and Xin Geng},
booktitle={Advances in Neural Information Processing Systems 37},
year={2024}
}

@inproceedings{goswami2023aqua,
 author = {Goswami, Mononito and Sanil, Vedant and Choudhry, Arjun and Srinivasan, Arvind and Udompanyawit, Chalisa and Dubrawski, Artur},
 booktitle = {Advances in Neural Information Processing Systems 36},
 pages = {79792--79807},
 title = {{AQuA}: A benchmarking tool for label quality assessment},
 year = {2023}
}


@inproceedings{schmarje2022is,
 author = {Schmarje, Lars and Grossmann, Vasco and Zelenka, Claudius and Dippel, Sabine and Kiko, Rainer and Oszust, Mariusz and Pastell, Matti and Stracke, Jenny and Valros, Anna and Volkmann, Nina and Koch, Reinhard},
 booktitle = {Advances in Neural Information Processing Systems 35},
 pages = {33215--33232},
 title = {Is one annotation enough? -  A data-centric image classification benchmark for noisy and ambiguous label estimation},
 year = {2022}
}


@inproceedings{khetan2018learning,
title={Learning from noisy singly-labeled data},
author={Ashish Khetan and Zachary C. Lipton and Anima Anandkumar},
booktitle={Proceedings of the 6th International Conference on Learning Representations},
year={2018}
}

@inproceedings{gao2022learning,
  title={Learning from multiple annotator noisy labels via sample-wise label fusion},
  author={Gao, Zhengqi and Sun, Fan-Keng and Yang, Mingran and Ren, Sucheng and Xiong, Zikai and Engeler, Marc and Burazer, Antonio and Wildling, Linda and Daniel, Luca and Boning, Duane S.},
  booktitle={Proceedings of the 17th European Conference on Computer Vision},
  pages={407--422},
  year={2022}
}

@inproceedings{collins2022eliciting,
  title={Eliciting and learning with soft labels from every annotator},
  author={Collins, Katherine M. and Bhatt, Umang and Weller, Adrian},
  booktitle={Proceedings of the 10th AAAI conference on human computation and crowdsourcing},
  pages={40--52},
  year={2022}
}

@inproceedings{peterson2019human,
  title={Human uncertainty makes classification more robust},
  author={Peterson, Joshua C. and Battleday, Ruairidh M. and Griffiths, Thomas L. and Russakovsky, Olga},
  booktitle={Proceedings of the 2019 IEEE/CVF International Conference on Computer Vision},
  pages={9617--9626},
  year={2019}
}

@inproceedings{huang2017densely,
  title={Densely connected convolutional networks},
  author={Huang, Gao and Liu, Zhuang and Van Der Maaten, Laurens and Weinberger, Kilian Q.},
  booktitle={Proceedings of the 2017 IEEE Conference on Computer Vision and Pattern Recognition},
  pages={4700--4708},
  year={2017}
}

@InProceedings{oquab2015object,
author = {Oquab, Maxime and Bottou, Leon and Laptev, Ivan and Sivic, Josef},
title = {Is object localization for free? {W}eakly-supervised learning with convolutional neural networks},
booktitle = {Proceedings of the 2015 IEEE Conference on Computer Vision and Pattern Recognition},
pages = {685--694},
year = {2015}
}
@InProceedings{jiang2020beyond,
  title = {Beyond Synthetic Noise: Deep Learning on Controlled Noisy Labels},
  author = {Jiang, Lu and Huang, Di and Liu, Mason and Yang, Weilong},
  booktitle = {Proceedings of the 37th International Conference on Machine Learning},
  pages = {4804--4815},
  year = {2020}
}


@article{li2021survey,
  title={A survey of convolutional neural networks: analysis, applications, and prospects},
  author={Li, Zewen and Liu, Fan and Yang, Wenjie and Peng, Shouheng and Zhou, Jun},
  journal={IEEE transactions on neural networks and learning systems},
  volume={33},
  number={12},
  pages={6999--7019},
  year={2021},
  publisher={IEEE}
}

@InProceedings{wang2024learning,
  title = 	 {Learning with complementary labels revisited: {T}he selected-completely-at-random Setting is more practical},
  author =       {Wang, Wei and Ishida, Takashi and Zhang, Yu-Jie and Niu, Gang and Sugiyama, Masashi},
  booktitle = 	 {Proceedings of the 41st International Conference on Machine Learning},
  pages = 	 {50683--50710},
  year = 	 {2024}
}

@inproceedings{yao2020deep,
  author       = {Yao Yao and
                  Jiehui Deng and
                  Xiuhua Chen and
                  Chen Gong and
                  Jianxin Wu and
                  Jian Yang},
  title        = {Deep discriminative {CNN} with temporal ensembling for ambiguously-labeled image classification},
  booktitle    = {Proceedings of the 34th {AAAI} Conference on Artificial Intelligence},
  pages        = {12669--12676},
  year         = {2020}
}

@ARTICLE{gong2018regularization,
  author={Gong, Chen and Liu, Tongliang and Tang, Yuanyan and Yang, Jian and Yang, Jie and Tao, Dacheng},
  journal={IEEE Transactions on Cybernetics}, 
  title={A regularization approach for instance-based superset label learning}, 
  year={2018},
  volume={48},
  number={3},
  pages={967-978}}

@ARTICLE{lyu2021gmpll,
  author={Lyu, Gengyu and Feng, Songhe and Wang, Tao and Lang, Congyan and Li, Yidong},
  journal={IEEE Transactions on Knowledge and Data Engineering}, 
  title={{GM-PLL}: Graph matching based partial label learning}, 
  year={2021},
  volume={33},
  number={2},
  pages={521-535}}

@inproceedings{li2023learning,
  author = {Ximing Li and
                  Yuanzhi Jiang and
                  Changchun Li and
                  Yiyuan Wang and
                  Jihong Ouyang},
  title = {Learning with Partial Labels from Semi-supervised Perspective},
  booktitle = {Proceedings of the 37th {AAAI} Conference on Artificial Intelligence},
  pages = {8666--8674},
  year = {2023}
}


@inproceedings{li2021detecting,
author = {Li, Changchun and Li, Ximing and Ouyang, Jihong and Wang, Yiming},
title = {Detecting the fake candidate instances: Ambiguous label learning with generative adversarial networks},
year = {2021},
booktitle = {Proceedings of the 30th ACM International Conference on Information \& Knowledge Management},
pages = {903â€“912}
}


@InProceedings{gong2022partial,
  title = {Partial label learning via label influence function},
  author = {Gong, Xiuwen and Yuan, Dong and Bao, Wei},
  booktitle = {Proceedings of the 39th International Conference on Machine Learning},
  pages = {7665--7678},
  year = {2022}

}

@ARTICLE{lyu2022self,
  author={Lyu, Gengyu and Feng, Songhe and Wang, Tao and Lang, Congyan},
  journal={IEEE Transactions on Cybernetics}, 
  title={A Self-Paced regularization framework for Partial-label learning}, 
  year={2022},
  volume={52},
  number={2},
  pages={899-911}}

@inproceedings{tian2024crosel,
    author = {Tian, Shiyu and Wei, Hongxin and Wang, Yiqun and Feng, Lei},
    title = {{CroSel}: Cross Selection of Confident Pseudo Labels for Partial-Label Learning},
    booktitle = {Proceedings of the 2024 IEEE/CVF Conference on Computer Vision and Pattern Recognition},
    year = {2024},
    pages = {19479-19488}
}

@inproceedings{
he2024candidate,
title={Candidate label set pruning: A data-centric perspective for deep partial-label learning},
author={Shuo He and Chaojie Wang and Guowu Yang and Lei Feng},
booktitle={Proceedings of the 12th International Conference on Learning Representations},
year={2024}
}


@article{zhang2017disambiguation,
  title={Disambiguation-free partial label learning},
  author={Zhang, Min-Ling and Yu, Fei and Tang, Cai-Zhi},
  journal={IEEE Transactions on Knowledge and Data Engineering},
  volume={29},
  number={10},
  pages={2155--2167},
  year={2017},
  publisher={IEEE}
}

@article{wang2022adaptive,
  title={Adaptive graph guided disambiguation for partial label learning},
  author={Wang, Deng-Bao and Zhang, Min-Ling and Li, Li},
  journal={IEEE Transactions on Pattern Analysis and Machine Intelligence},
  volume={44},
  number={12},
  pages={8796-8811},
  year={2022},
  publisher={IEEE}
}

@inproceedings{feng2020learning,
  title={Learning with multiple complementary labels},
  author={Feng, Lei and Kaneko, Takuo and Han, Bo and Niu, Gang and An, Bo and Sugiyama, Masashi},
  booktitle={Proceedings of the 37th International Conference on Machine Learning},
  pages={3072--3081},
  year={2020}
}


@article{zhu2009introduction,
	title={Introduction to semi-supervised learning},
	author={Zhu, Xiaojin and Goldberg, Andrew B.},
	journal={Synthesis Lectures on Artificial Intelligence and Machine Learning},
	volume={3},
	number={1},
	pages={1--130},
	year={2009}
}

@book{chapelle2006semi,
    author    = {Olivier Chapelle and Bernhard Sch{\"{o}}lkopf and Alexander Zien},
    title = {Semi-Supervised Learning},
    publisher = {The {MIT} Press},
    year      = {2006}
}

@inproceedings{berthelot2019mixmatch,
 author = {Berthelot, David and Carlini, Nicholas and Goodfellow, Ian and Papernot, Nicolas and Oliver, Avital and Raffel, Colin A.},
 booktitle = {Advances in Neural Information Processing Systems 32},
 pages = {5050--5060},
 title = {{MixMatch}: A holistic approach to semi-supervised learning},
 year = {2019}
}

@inproceedings{patrini2017making,
  author    = {Giorgio Patrini and Alessandro Rozza and Aditya K. Menon and Richard Nock and Lizhen Qu},
  title     = {Making deep neural networks robust to label noise: {A} loss correction approach},
  booktitle = {Proceedings of the 2017 IEEE Conference on Computer Vision and Pattern Recognition},
  pages     = {1944--1952},
  year      = {2017}
}

@inproceedings{han2018co,
  title={Co-teaching: Robust training of deep neural networks with extremely noisy labels},
  author={Han, Bo and Yao, Quanming and Yu, Xingrui and Niu, Gang and Xu, Miao and Hu, Weihua and Tsang, Ivor and Sugiyama, Masashi},
  booktitle={Advances in Neural Information Processing Systems 31},
  year={2018},
  pages={8536--8546}
}

@inproceedings{
wei2022learning,
title={Learning with noisy labels revisited: {A} study using real-world human annotations},
author={Jiaheng Wei and Zhaowei Zhu and Hao Cheng and Tongliang Liu and Gang Niu and Yang Liu},
booktitle={Proceedings of the 10th International Conference on Learning Representations},
year={2022}
}


@InProceedings{bao2022pairwise,
  title = 	 { Pairwise supervision can provably elicit a decision boundary },
  author =       {Bao, Han and Shimada, Takuya and Xu, Liyuan and Sato, Issei and Sugiyama, Masashi},
  booktitle = 	 {Proceedings of the 25th International Conference on Artificial Intelligence and Statistics},
  pages = 	 {2618--2640},
  year = 	 {2022}
}


@inproceedings{wang2020semi,
    author = {Wang, Wei and Zhang, Min-Ling},
    title = {Semi-supervised partial label learning via confidence-rated margin maximization},
    booktitle = {Advances in Neural Information Processing Systems 33},
    year = {2020},
    pages = {6982-6993}
}

@inproceedings{wen2021leveraged,
  title={Leveraged weighted loss for partial label learning},
  author={Wen, Hongwei and Cui, Jingyi and Hang, Hanyuan and Liu, Jiabin and Wang, Yisen and Lin, Zhouchen},
  booktitle={Proceedings of the 38th International Conference on Machine Learning},
  pages={11091--11100},
  year={2021}
}

@inproceedings{wang2022pico,
    author = {Haobo Wang and Ruixuan Xiao and Sharon Li and Lei Feng and Gang Niu and Gang Chen and Junbo Zhao},
    title = {{PiCO}: Contrastive label disambiguation for partial label learning},
    booktitle = {Proceedings of the 10th International Conference on Learning Representations},
    year = {2022}
}

@inproceedings{
zhang2021wrench,
title={{WRENCH}: A comprehensive benchmark for weak supervision},
author={Jieyu Zhang and Yue Yu and Yinghao Li and Yujing Wang and Yaming Yang and Mao Yang and Alexander Ratner},
booktitle={Advances in Neural Information Processing Systems 34 Datasets and Benchmarks Track},
year={2021}
}



@book{mohri2012foundations,
	title = {Foundations of Machine Learning},
	publisher = {The {MIT} Press},
	author = {Mohri, Mehryar and Rostamizadeh, Afshin and Talwalkar, Ameet},
	year = {2012},
}



@ARTICLE{lecun1998gradient,  
    author={Yann LeCun and
               L{\'{e}}on Bottou and
               Yoshua Bengio and
               Patrick Haffner},  
    journal={Proceedings of the IEEE},   
    title={Gradient-based learning applied to document recognition},
    year={1998},  
    volume={86},  
    number={11},  
    pages={2278-2324}}
    
@article{clanuwat2018deep,
  author    = {Tarin Clanuwat and
               Mikel Bober{-}Irizar and
               Asanobu Kitamoto and
               Alex Lamb and
               Kazuaki Yamamoto and
               David Ha},
  title     = {Deep learning for classical {Japanese} literature},
  journal   = {arXiv preprint arXiv:1812.01718},
  year      = {2018}
}

@article{xiao2017fashion,
  author    = {Han Xiao and
               Kashif Rasul and
               Roland Vollgraf},
  title     = {{Fashion-MNIST}: A novel image dataset for benchmarking machine learning algorithms},
  journal   = {arXiv preprint arXiv:1708.07747},
  year      = {2017}
}

@Techreport{krizhevsky2009learning,
author = {Krizhevsky, Alex and Hinton, Geoffrey E.},
institution = {University of Toronto},
title = {Learning multiple layers of features from tiny images},
year = {2009}
}

@inproceedings{he2016deep,
  title={Deep residual learning for image recognition},
  author={He, Kaiming and Zhang, Xiangyu and Ren, Shaoqing and Sun, Jian},
  booktitle={Proceedings of the 2016 IEEE Conference on Computer Vision and Pattern Recognition},
  pages={770--778},
  year={2016}
}

@inproceedings{nair2010rectified,
  title={Rectified linear units improve restricted boltzmann machines},
  author={Vinod Nair and
               Geoffrey E. Hinton},
  booktitle={Proceedings of the 27th International Conference on Machine Learning},
  pages={807--814},
  year={2010}
}

@inproceedings{ioffe2015batch,
  title={Batch normalization: Accelerating deep network training by reducing internal covariate shift},
  author={Sergey Ioffe and
               Christian Szegedy},
  booktitle={Proceedings of the 32nd International Conference on Machine Learning},
  pages={448--456},
  year={2015}
}

@inproceedings{paszke2019pytorch,
  title={Pytorch: An imperative style, high-performance deep learning library},
  author={Paszke, Adam and Gross, Sam and Massa, Francisco and Lerer, Adam and Bradbury, James and Chanan, Gregory and Killeen, Trevor and Lin, Zeming and Gimelshein, Natalia and Antiga, Luca and others},
  booktitle={Advances in Neural Information Processing Systems 32},
  pages={8026--8037},
  year={2019}
}

@inproceedings{kingma2015adam,
  author    = {Diederik P. Kingma and
               Jimmy Ba},
  title     = {Adam: {A} method for stochastic optimization},
  booktitle = {Proceedings of the 3rd International Conference on Learning Representations},
  year      = {2015}
}

@article{lin2023enhancing,
  title={Enhancing label sharing efficiency in complementary-label learning with label augmentation},
  author={Lin, Wei-I and Niu, Gang and Lin, Hsuan-Tien and Sugiyama, Masashi},
  journal={arXiv preprint arXiv:2305.08344},
  year={2023}
}

@article{wang2023clcifar,
  title={{CLCIFAR}: {CIFAR}-derived benchmark datasets with human annotated complementary labels},
  author={Wang, Hsiu-Hsuan and Lin, Wei-I and Lin, Hsuan-Tien},
  journal={arXiv preprint arXiv:2305.08295},
  year={2023}
}

@inproceedings{feng2020provably,
    author = {Feng, Lei and Lv, Jiaqi and Han, Bo and Xu, Miao and Niu, Gang and Geng, Xin and An, Bo and Sugiyama, Masashi},
    title = {Provably consistent partial-label learning},
    booktitle = {Advances in Neural Information Processing Systems 33},
    year = {2020},
    pages = {10948--10960}
}

@inproceedings{lv2020progressive,
  title={Progressive identification of true labels for partial-label learning},
  author={Lv, Jiaqi and Xu, Miao and Feng, Lei and Niu, Gang and Geng, Xin and Sugiyama, Masashi},
  booktitle={Proceedings of the 37th International Conference on Machine Learning},
  pages={6500-6510},
  year={2020}
}

@inproceedings{zhang20222exploiting,
    author = {Fei Zhang and Lei Feng and Bo Han and Tongliang Liu and Gang Niu and Tao Qin and Masashi Sugiyama},
    title = {Exploiting class activation value for partial-label learning},
    booktitle = {Proceedings of the 10th International Conference on Learning Representations},
    year = {2022}
}

@inproceedings{
qiao2023decompositional,
title={Decompositional generation process for instance-dependent partial label learning},
author={Congyu Qiao and Ning Xu and Xin Geng},
booktitle={Proceedings of the 11th International Conference on Learning Representations},
year={2023}
}

@inproceedings{loshchilov2019decoupled,
  title={Decoupled weight decay regularization},
  author={Loshchilov, Ilya and Hutter, Frank},
  booktitle={Proceedings of the 7th International Conference on Learning Representations},
  year={2019}
}

@inproceedings{wang2023binary,
    author = {Wang, Wei and Feng, Lei and Jiang, Yuchen and Niu, Gang and Zhang, Min-Ling and Sugiyama, Masashi},
    title = {Binary classification with confidence difference},
    booktitle = {Advances in Neural Information Processing Systems 36},
    year = {2023}
}

@inproceedings{xu2023progressive,
  title={Progressive purification for instance-dependent partial label learning},
  author={Xu, Ning and Liu, Biao and Lv, Jiaqi and Qiao, Congyu and Geng, Xin},
  booktitle={Proceedings of the 40th International Conference on Machine Learning},
  pages={38551--38565},
  year={2023}
}



@inproceedings{hu2019active,
  author={Peiyun Hu and Zachary C. Lipton and Anima Anandkumar and Deva Ramanan},
  title={Active learning with partial feedback},
  booktitle={Proceedings of the 7th International Conference on Learning Representations},
  year={2019}
}

@inproceedings{zhang2020unbiased,
  title={An unbiased risk estimator for learning with augmented classes},
  author={Zhang, Yu-Jie and Zhao, Peng and Ma, Lanjihong and Zhou, Zhi-Hua},
  booktitle={Advances in Neural Information Processing Systems 33},
  pages={10247--10258},
  year={2020}
}

@article{cour2011learning,
  title={Learning from partial labels},
  author={Cour, Timothee and Sapp, Ben and Taskar, Ben},
  journal={Journal of Machine Learning Research},
  volume={12},
  number={May},
  pages={1501--1536},
  year={2011}
}

@inproceedings{briggs2012rank,
	title={Rank-loss support instance machines for {MIML} instance annotation},
	author={Briggs, Forrest and Fern, Xiaoli Z. and Raich, Raviv},
	booktitle={Proceedings of the 18th ACM SIGKDD International Conference on Knowledge Discovery \& Data Mining},
	pages={534--542},
	year={2012}
}

@inproceedings{zeng2013learning,
  title={Learning by associating ambiguously labeled images},
  author={Zeng, Zinan and Xiao, Shijie and Jia, Kui and Chan, Tsung-Han and Gao, Shenghua and Xu, Dong and Ma, Yi},
  booktitle={Proceedings of the IEEE Conference on Computer Vision and Pattern Recognition},
  pages={708-715},
  year={2013}
}

@inproceedings{guillaumin2010multiple,
	title={Multiple instance metric learning from automatically labeled bags of faces},
	author={Guillaumin, Matthieu and Verbeek, Jakob and Schmid, Cordelia},
	booktitle={Proceedings of the 11th European Conference on Computer Vision},
	pages={634--647},
	year={2010}
}

@inproceedings{liu2012conditional,
  title={A conditional multinomial mixture model for superset label learning},
  author={Liu, Liping and Dietterich, Thomas G.},
  booktitle={Advances in Neural Information Processing Systems 25},
  pages={548--556},
  year={2012}
}

@article{panis2016overview,
  title={Overview of research on facial ageing using the {FG-NET} ageing database},
  author={Panis, Gabriel and Lanitis, Andreas and Tsapatsoulis, Nicholas and Cootes, Timothy F.},
  journal={Iet Biometrics},
  volume={5},
  number={2},
  pages={37--46},
  year={2016},
  publisher={Wiley Online Library}
}

@inproceedings{huiskes2008mir,
  title={The {MIR} flickr retrieval evaluation},
  author={Huiskes, Mark J. and Lew, Michael S.},
  booktitle={Proceedings of the 1st ACM International Conference on Multimedia Information Retrieval},
  pages={39--43},
  year={2008}
}

@inproceedings{garrette2013learning,
  title={Learning a part-of-speech tagger from two hours of annotation},
  author={Garrette, Dan and Baldridge, Jason},
  booktitle={Proceedings of the 2013 Conference of the North American Chapter of the Association for Computational Linguistics: Human Language Technologies},
  pages={138--147},
  year={2013}
}

@inproceedings{johan2009converting,
  title={Converting a dependency treebank to a categorial grammar treebank for {Italian}},
  author={Johan, Bos and Bosco, Cristina and Mazzei, Alessandro and others},
  booktitle={Proceedings of the 8th International Workshop on Treebanks and Linguistic Theories},
  pages={27--38},
  year={2009}
}

@article{lecun2015deep,
  title={Deep learning},
  author={LeCun, Yann and Bengio, Yoshua and Hinton, Geoffrey},
  journal={Nature},
  volume={521},
  number={7553},
  pages={436--444},
  year={2015}
}

@article{karimi2020deep,
  title={Deep learning with noisy labels: Exploring techniques and remedies in medical image analysis},
  author={Karimi, Davood and Dou, Haoran and Warfield, Simon K. and Gholipour, Ali},
  journal={Medical Image Analysis},
  volume={65},
  pages={101759},
  year={2020}
}

@inproceedings{wang2023regularization,
  title={On regularization and inference with label constraints},
  author={Wang, Kaifu and He, Hangfeng and Nguyen, Tin D and Kumar, Piyush and Roth, Dan},
  booktitle={Proceedings of the 40th International Conference on Machine Learning},
  pages={35740--35762},
  year={2023}
}

@inproceedings{cui2022dc,
  title={{DC-BENCH}: Dataset condensation benchmark},
  author={Cui, Justin and Wang, Ruochen and Si, Si and Hsieh, Cho-Jui},
  booktitle={Advances in Neural Information Processing Systems 35},
  pages={810--822},
  year={2022}
}

@inproceedings{guo2020record,
  title={Record: Resource constrained semi-supervised learning under distribution shift},
  author={Guo, Lan-Zhe and Zhou, Zhi and Li, Yu-Feng},
  booktitle={Proceedings of the 26th ACM SIGKDD International Conference on Knowledge Discovery \& Data Mining},
  pages={1636--1644},
  year={2020}
}

@inproceedings{shubham2024wiser,
  title={{WISER}: Weak supervISion and supErvised Representation learning to improve drug response prediction in cancer},
  author={Shubham, Kumar and Jayagopal, Aishwarya and Danish, Syed Mohammed and AP, Prathosh and Rajan, Vaibhav},
  booktitle={Proceedings of the 41st International Conference on Machine Learning},
  year={2024}
}

@book{sugiyama2022machine,
  title={Machine learning from weak supervision: An empirical risk minimization approach},
  author={Sugiyama, Masashi and Bao, Han and Ishida, Takashi and Lu, Nan and Sakai, Tomoya and Niu, Gang},
  year={2022},
  publisher={MIT Press}
}

@article{zhou2018brief,
  title={A brief introduction to weakly supervised learning},
  author={Zhou, Zhi-Hua},
  journal={National science review},
  volume={5},
  number={1},
  pages={44--53},
  year={2018}
}

@article{zhou2018weakly,
  title={Weakly supervised {POS} tagging without disambiguation},
  author={Zhou, Deyu and Zhang, Zhikai and Zhang, Min-Ling and He, Yulan},
  journal={ACM Transactions on Asian and Low-Resource Language Information Processing},
  volume={17},
  number={4},
  pages={1--19},
  year={2018}
}

@inproceedings{luo2010learning,
  title={Learning from candidate labeling sets},
  author={Luo, Jie and Orabona, Francesco},
  booktitle={Advances in Neural Information Processing Systems 23},
  pages={1504--1512},
  year={2010}
}

@inproceedings{ren2016label,
title={Label noise reduction in entity typing by heterogeneous partial-label embedding},
author={Ren, Xiang and He, Wenqi and Qu, Meng and Voss, Clare R. and Ji, Heng and Han, Jiawei},
booktitle={Proceedings of the 22nd ACM SIGKDD International Conference on Knowledge Discovery \& Data Mining},
pages={1825--1834},
year={2016}
}

@inproceedings{ren2016afet,
title={{AFET}: Automatic fine-grained entity typing by hierarchical partial-label embedding},
author={Ren, Xiang and He, Wenqi and Qu, Meng and Huang, Lifu and Ji, Heng and Han, Jiawei},
booktitle={Proceedings of the 2016 Conference on Empirical Methods in Natural Language Processing},
pages={1369--1378},
year={2016}
}

@article{chen2018learning,
  title={Learning from ambiguously labeled face images},
  author={Chen, Ching-Hui and Patel, Vishal M. and Chellappa, Rama},
  journal={IEEE Transactions on Pattern Analysis and Machine Intelligence},
  volume={40},
  number={7},
  pages={1653--1667},
  year={2018}
}

@inproceedings{jin2002learning,
	title={Learning with multiple labels},
	author={Jin, Rong and Ghahramani, Zoubin},
	booktitle={Advances in Neural Information Processing systems 15},
	pages={897--904},
	year={2002}
}

@ARTICLE{wang2024picoplus,
  author={Wang, Haobo and Xiao, Ruixuan and Li, Yixuan and Feng, Lei and Niu, Gang and Chen, Gang and Zhao, Junbo},
  journal={IEEE Transactions on Pattern Analysis and Machine Intelligence}, 
  title={{PiCO+}: Contrastive Label Disambiguation for Robust Partial Label Learning}, 
  year={2024},
  volume={46},
  number={5},
  pages={3183-3198}
}

@ARTICLE{lv2024on,
  author={Lv, Jiaqi and Liu, Biao and Feng, Lei and Xu, Ning and Xu, Miao and An, Bo and Niu, Gang and Geng, Xin and Sugiyama, Masashi},
  journal={IEEE Transactions on Pattern Analysis and Machine Intelligence}, 
  title={On the Robustness of Average Losses for Partial-Label Learning}, 
  year={2024},
  volume={46},
  number={5},
  pages={2569-2583}
}

@inproceedings{xu2021instance,
  title={Instance-dependent partial label learning},
  author={Xu, Ning and Qiao, Congyu and Geng, Xin and Zhang, Min-Ling},
  booktitle={Advances in Neural Information Processing Systems 34},
  pages={27119--27130},
  year={2021}
}

@article{wu2024distilling, 
title={Distilling reliable knowledge for instance-dependent partial label learning}, 
journal={Proceedings of the AAAI Conference on Artificial Intelligence}, 
author={Wu, Dong-Dong and Wang, Deng-Bao and Zhang, Min-Ling}, 
year={2024}, 
pages={15888-15896} 
}

@inproceedings{wu2022revisiting,
  title={Revisiting consistency regularization for deep partial label learning},
  author={Wu, Dong-Dong and Wang, Deng-Bao and Zhang, Min-Ling},
  booktitle={Proceedings of the 39th International Conference on Machine Learning},
  pages={24212--24225},
  year={2022}
}

@inproceedings{xia2022ambiguity,
  author       = {Shiyu Xia and
                  Jiaqi Lv and
                  Ning Xu and
                  Xin Geng},
  title        = {Ambiguity-Induced Contrastive Learning for Instance-Dependent Partial
                  Label Learning},
  booktitle    = {Proceedings of the 31st International Joint Conference on
                  Artificial Intelligence},
  pages        = {3615--3621},
  year         = {2022}
}


@article{raschka2018model,
  title={Model evaluation, model selection, and algorithm selection in machine learning},
  author={Raschka, Sebastian},
  journal={arXiv preprint arXiv:1811.12808},
  year={2018}
}

@article{wu2023learning,
  title={Learning with proper partial labels},
  author={Wu, Zhenguo and Lv, Jiaqi and Sugiyama, Masashi},
  journal={Neural Computation},
  volume={35},
  number={1},
  pages={58--81},
  year={2023}
}

@inproceedings{
gulrajani2021in,
title={In Search of lost domain generalization},
author={Ishaan Gulrajani and David Lopez-Paz},
booktitle={Proceedings of the 9th International Conference on Learning Representations},
year={2021}
}

@inproceedings{qiao2023fredis,
  author       = {Congyu Qiao and
                  Ning Xu and
                  Jiaqi Lv and
                  Yi Ren and
                  Xin Geng},
  title        = {{FREDIS:} {A} Fusion Framework of Refinement and Disambiguation for
                  Unreliable Partial Label Learning},
  booktitle    = {Proceedings of the 40th International Conference on Machine Learning},
  pages        = {28321--28336},
  year         = {2023}
}

@inproceedings{ishida2019complementary,
  title={Complementary-label learning for arbitrary losses and models},
  author={Ishida, Takashi and Niu, Gang and Menon, Aditya K. and Sugiyama, Masashi},
  booktitle={Proceedings of the 36th International Conference on Machine Learning},
  pages={2971--2980},
  year={2019}
}

@inproceedings{ishida2017learning,
  title={Learning from complementary labels},
  author={Ishida, Takashi and Niu, Gang and Hu, Weihua and Sugiyama, Masashi},
  booktitle={Advances in Neural Information Processing Systems 30},
  pages={5644--5654},
  year={2017}
}

@inproceedings{chou2020unbiased,
  title={Unbiased risk estimators can mislead: A case study of learning with complementary labels},
  author={Chou, Yu-Ting and Niu, Gang and Lin, Hsuan-Tien and Sugiyama, Masashi},
  booktitle={Proceedings of the 37th International Conference on Machine Learning},
  pages={1929--1938},
  year={2020}
}

@inproceedings{yu2018learning,
  title={Learning with biased complementary labels},
  author={Yu, Xiyu and Liu, Tongliang and Gong, Mingming and Tao, Dacheng},
  booktitle={Proceedings of the 15th European Conference on Computer Vision},
  pages={68--83},
  year={2018}
}

@inproceedings{gao2021discriminative,
  title={Discriminative complementary-label learning with weighted loss},
  author={Gao, Yi and Zhang, Min-Ling},
  booktitle={Proceedings of the 38th International Conference on Machine Learning},
  pages={3587--3597},
  year={2021}
}

@inproceedings{liu2023consistent,
  title={Consistent complementary-label learning via order-preserving losses},
  author={Liu, Shuqi and Cao, Yuzhou and Zhang, Qiaozhen and Feng, Lei and An, Bo},
  booktitle={Proceedings of the 26th International Conference on Artificial Intelligence and Statistics},
  year={2023},
  pages={8734--8748}
}

@inproceedings{xu2023alim,
author={Mingyu Xu and
Zheng Lian and
Lei Feng and
Bin Liu and
Jianhua Tao},
title={{ALIM:} Adjusting label importance mechanism for noisy partial label learning},
booktitle={Advances in Neural Information Processing Systems 36},
year={2023},
pages={38668--38684}
}

@article{yu2017maximum,
	title={Maximum margin partial label learning},
	author={Yu, Fei and Zhang, Min-Ling},
	journal={Machine learning},
	volume={106},
	number={4},
	pages={573--593},
	year={2017}
}

@inproceedings{wang2022partial,
    author = {Wang, Wei and Zhang, Min-Ling},
    title = {Partial label learning with discrimination augmentation},
    booktitle = {Proceedings of the 28th ACM SIGKDD Conference on Knowledge Discovery and Data Mining},
    year = {2022},
    pages = {1920--1928}
}

@inproceedings{hendrycks2018using,
  title={Using trusted data to train deep networks on labels corrupted by severe noise},
  author={Hendrycks, Dan and Mazeika, Mantas and Wilson, Duncan and Gimpel, Kevin},
  booktitle={Advances in Neural Information Processing Systems 31},
  pages={10477--10486},
  year={2018}
}

@inproceedings{yu2023delving,
  author={Chenglin Yu and
                  Xinsong Ma and
                  Weiwei Liu},
  title={Delving into noisy label detection with clean data},
  booktitle={Proceedings of the 40th International Conference on Machine Learning},
  pages={40290--40305},
  year={2023}
}


@InProceedings{liu2014learnability,
  title={Learnability of the superset label learning problem},
  author={Liu, Liping and Dietterich, Thomas},
  booktitle={Proceedings of the 31st International Conference on Machine Learning},
  pages={1629--1637},
  year={2014}
}

@InProceedings{charoenphakdee2021on,
    author    = {Charoenphakdee, Nontawat and Vongkulbhisal, Jayakorn and Chairatanakul, Nuttapong and Sugiyama, Masashi},
    title     = {On focal loss for class-posterior probability estimation: A theoretical perspective},
    booktitle = {Proceedings of the 2021 IEEE/CVF Conference on Computer Vision and Pattern Recognition},
    year      = {2021},
    pages     = {5202-5211}
}

@article{gneiting2007strictly,
  title={Strictly proper scoring rules, prediction, and estimation},
  author={Gneiting, Tilmann and Raftery, Adrian E.},
  journal={Journal of the American statistical Association},
  volume={102},
  number={477},
  pages={359--378},
  year={2007}
}

@article{tian2023partial,
  title={Partial label learning: Taxonomy, analysis and outlook},
  author={Tian, Yingjie and Yu, Xiaotong and Fu, Saiji},
  journal={Neural Networks},
  volume={161},
  pages={708--734},
  year={2023}
}