@inproceedings{prats2012open,
  title={An open source tool for simulation and supervision of underwater intervention missions},
  author={Prats, Mario and Perez, Javier and Fern{\'a}ndez, J Javier and Sanz, Pedro J},
  booktitle={2012 IEEE/RSJ international conference on Intelligent Robots and Systems},
  pages={2577--2582},
  year={2012},
  organization={IEEE}
}
@article{centelles2019underwater,
  title={Underwater wireless communications for cooperative robotics with uwsim-net},
  author={Centelles, Diego and Soriano-Asensi, Antonio and Mart{\'\i}, Jos{\'e} Vicente and Mar{\'\i}n, Ra{\'u}l and Sanz, Pedro J},
  journal={Applied Sciences},
  volume={9},
  number={17},
  pages={3526},
  year={2019},
  publisher={MDPI}
}
@inproceedings{potokar2022holoocean,
  title={HoloOcean: An underwater robotics simulator},
  author={Potokar, Easton and Ashford, Spencer and Kaess, Michael and Mangelson, Joshua G},
  booktitle={2022 International Conference on Robotics and Automation (ICRA)},
  pages={3040--3046},
  year={2022},
  organization={IEEE}
}
@inproceedings{potokar2022holoocean,
  title={HoloOcean: Realistic sonar simulation},
  author={Potokar, Easton and Lay, Kalliyan and Norman, Kalin and Benham, Derek and Neilsen, Tracianne B and Kaess, Michael and Mangelson, Joshua G},
  booktitle={2022 IEEE/RSJ International Conference on Intelligent Robots and Systems (IROS)},
  pages={8450--8456},
  year={2022},
  organization={IEEE}
}

@inproceedings{manhaes2016uuv,
  title={UUV simulator: A gazebo-based package for underwater intervention and multi-robot simulation},
  author={Manh{\~a}es, Musa Morena Marcusso and Scherer, Sebastian A and Voss, Martin and Douat, Luiz Ricardo and Rauschenbach, Thomas},
  booktitle={Oceans 2016 Mts/Ieee Monterey},
  pages={1--8},
  year={2016},
  organization={Ieee}
}

@article{perez2006overview,
  title={An overview of the marine systems simulator (MSS): A simulink toolbox for marine control systems},
  author={Perez, Tristan and Smogeli, Oyvind and Fossen, Thor and Sorensen, Asgeir J},
  journal={Modeling, identification and Control},
  volume={27},
  number={4},
  pages={259--275},
  year={2006},
  publisher={Research Council of Norway}
}

@inproceedings{amer2023unav,
  title={UNav-Sim: A Visually Realistic Underwater Robotics Simulator and Synthetic Data-generation Framework},
  author={Amer, Abdelhakim and {\'A}lvarez-Tu{\~n}{\'o}n, Olaya and U{\u{g}}urlu, Halil {\.I}brahim and Sejersen, Jonas Le Fevre and Brodskiy, Yury and Kayacan, Erdal},
  booktitle={2023 21st International Conference on Advanced Robotics (ICAR)},
  pages={570--576},
  year={2023},
  organization={IEEE}
}

@inproceedings{alvarez2023mimir,
  title={Mimir-uw: A multipurpose synthetic dataset for underwater navigation and inspection},
  author={{\'A}lvarez-Tu{\~n}{\'o}n, Olaya and Kanner, Hemanth and Marnet, Luiza Ribeiro and Pham, Huy Xuan and le Fevre Sejersen, Jonas and Brodskiy, Yury and Kayacan, Erdal},
  booktitle={2023 IEEE/RSJ International Conference on Intelligent Robots and Systems (IROS)},
  pages={6141--6148},
  year={2023},
  organization={IEEE}
}

@inproceedings{carpin2007usarsim,
  title={USARSim: a robot simulator for research and education},
  author={Carpin, Stefano and Lewis, Mike and Wang, Jijun and Balakirsky, Stephen and Scrapper, Chris},
  booktitle={Proceedings 2007 IEEE international conference on robotics and automation},
  pages={1400--1405},
  year={2007},
  organization={IEEE}
}

@INPROCEEDINGS{MarineSim,

  author={Namal Senarathne, P.G.C. and Wijesoma, Wijerupage Sardha and Kwang Wee Lee and Kalyan, Bharath and Moratuwage, M.D.P and Patrikalakis, Nicholas M. and Hover, Franz S.},

  booktitle={OCEANS'10 IEEE SYDNEY}, 

  title={MarineSIM: Robot simulation for marine environments}, 

  year={2010},

  volume={},

  number={},

  pages={1-5},

  keywords={Robot sensing systems;Lasers;Robot kinematics;Servers;Driver circuits;Testing},

  doi={10.1109/OCEANSSYD.2010.5603839}}


@INPROCEEDINGS{Marus,
  author={Lončar, Ivan and Obradović, Juraj and Kraševac, Natko and Mandić, Luka and Kvasić, Igor and Ferreira, Fausto and Slošić, Vladimir and Nađ, Đula and Mišković, Nikola},
  booktitle={OCEANS 2022, Hampton Roads}, 
  title={MARUS - A Marine Robotics Simulator}, 
  year={2022},
  volume={},
  number={},
  pages={1-7},
  keywords={Visualization;Annotations;Heuristic algorithms;Sonar;Sonar navigation;Robot sensing systems;Data models;marine robotics;simulation;underwater robotics;open-source;dataset generation},
  doi={10.1109/OCEANS47191.2022.9976969}}
