% Use this file for citations not found in the ACL Anthology (contained in "anthology.bib").

MODELS
@inproceedings{kenton2019bert,
  title={Bert: Pre-training of deep bidirectional transformers for language understanding},
  author={Kenton, Jacob Devlin Ming-Wei Chang and Toutanova, Lee Kristina},
  booktitle={Proceedings of naacL-HLT},
  volume={1},
  pages={2},
  year={2019},
  organization={Minneapolis, Minnesota}
}

@article{liu2019roberta,
  title={Roberta: A robustly optimized bert pretraining approach},
  author={Liu, Yinhan},
  journal={arXiv preprint arXiv:1907.11692},
  volume={364},
  year={2019}
}

@article{yang2019xlnet,
  title={XLNet: Generalized Autoregressive Pretraining for Language Understanding},
  author={Yang, Zhilin},
  journal={arXiv preprint arXiv:1906.08237},
  year={2019}
}

@article{brown2020language,
  title={Language models are few-shot learners},
  author={Brown, Tom and Mann, Benjamin and Ryder, Nick and Subbiah, Melanie and Kaplan, Jared D and Dhariwal, Prafulla and Neelakantan, Arvind and Shyam, Pranav and Sastry, Girish and Askell, Amanda and others},
  journal={Advances in neural information processing systems},
  volume={33},
  pages={1877--1901},
  year={2020}
}

@article{raffel2020exploring,
  title={Exploring the limits of transfer learning with a unified text-to-text transformer},
  author={Raffel, Colin and Shazeer, Noam and Roberts, Adam and Lee, Katherine and Narang, Sharan and Matena, Michael and Zhou, Yanqi and Li, Wei and Liu, Peter J},
  journal={Journal of machine learning research},
  volume={21},
  number={140},
  pages={1--67},
  year={2020}
}

@article{sun2021ernie,
  title={Ernie 3.0: Large-scale knowledge enhanced pre-training for language understanding and generation},
  author={Sun, Yu and Wang, Shuohuan and Feng, Shikun and Ding, Siyu and Pang, Chao and Shang, Junyuan and Liu, Jiaxiang and Chen, Xuyi and Zhao, Yanbin and Lu, Yuxiang and others},
  journal={arXiv preprint arXiv:2107.02137},
  year={2021}
}

@article{thoppilan2022lamda,
  title={Lamda: Language models for dialog applications},
  author={Thoppilan, Romal and De Freitas, Daniel and Hall, Jamie and Shazeer, Noam and Kulshreshtha, Apoorv and Cheng, Heng-Tze and Jin, Alicia and Bos, Taylor and Baker, Leslie and Du, Yu and others},
  journal={arXiv preprint arXiv:2201.08239},
  year={2022}
}

@inproceedings{du2022glam,
  title={Glam: Efficient scaling of language models with mixture-of-experts},
  author={Du, Nan and Huang, Yanping and Dai, Andrew M and Tong, Simon and Lepikhin, Dmitry and Xu, Yuanzhong and Krikun, Maxim and Zhou, Yanqi and Yu, Adams Wei and Firat, Orhan and others},
  booktitle={International Conference on Machine Learning},
  pages={5547--5569},
  year={2022},
  organization={PMLR}
}
@article{zhong2022toward,
  title={Toward efficient language model pretraining and downstream adaptation via self-evolution: A case study on superglue},
  author={Zhong, Qihuang and Ding, Liang and Zhan, Yibing and Qiao, Yu and Wen, Yonggang and Shen, Li and Liu, Juhua and Yu, Baosheng and Du, Bo and Chen, Yixin and others},
  journal={arXiv preprint arXiv:2212.01853},
  year={2022}
}
@article{zoph2022st,
  title={St-moe: Designing stable and transferable sparse expert models},
  author={Zoph, Barret and Bello, Irwan and Kumar, Sameer and Du, Nan and Huang, Yanping and Dean, Jeff and Shazeer, Noam and Fedus, William},
  journal={arXiv preprint arXiv:2202.08906},
  year={2022}
}

@article{bajaj2022metro,
  title={Metro: Efficient denoising pretraining of large scale autoencoding language models with model generated signals},
  author={Bajaj, Payal and Xiong, Chenyan and Ke, Guolin and Liu, Xiaodong and He, Di and Tiwary, Saurabh and Liu, Tie-Yan and Bennett, Paul and Song, Xia and Gao, Jianfeng},
  journal={arXiv preprint arXiv:2204.06644},
  year={2022}
}

@article{weber2024redpajama,
  title={Redpajama: an open dataset for training large language models},
  author={Weber, Maurice and Fu, Daniel and Anthony, Quentin and Oren, Yonatan and Adams, Shane and Alexandrov, Anton and Lyu, Xiaozhong and Nguyen, Huu and Yao, Xiaozhe and Adams, Virginia and others},
  journal={arXiv preprint arXiv:2411.12372},
  year={2024}
}

@article{jiang2024mixtral,
  title={Mixtral of experts},
  author={Jiang, Albert Q and Sablayrolles, Alexandre and Roux, Antoine and Mensch, Arthur and Savary, Blanche and Bamford, Chris and Chaplot, Devendra Singh and Casas, Diego de las and Hanna, Emma Bou and Bressand, Florian and others},
  journal={arXiv preprint arXiv:2401.04088},
  year={2024}
}

@article{tunstall2023zephyr,
  title={Zephyr: Direct distillation of lm alignment},
  author={Tunstall, Lewis and Beeching, Edward and Lambert, Nathan and Rajani, Nazneen and Rasul, Kashif and Belkada, Younes and Huang, Shengyi and von Werra, Leandro and Fourrier, Cl{\'e}mentine and Habib, Nathan and others},
  journal={arXiv preprint arXiv:2310.16944},
  year={2023}
}

@article{achiam2023gpt,
  title={Gpt-4 technical report},
  author={Achiam, Josh and Adler, Steven and Agarwal, Sandhini and Ahmad, Lama and Akkaya, Ilge and Aleman, Florencia Leoni and Almeida, Diogo and Altenschmidt, Janko and Altman, Sam and Anadkat, Shyamal and others},
  journal={arXiv preprint arXiv:2303.08774},
  year={2023}
}

@article{penedo2023refinedweb,
  title={The RefinedWeb dataset for Falcon LLM: outperforming curated corpora with web data, and web data only},
  author={Penedo, Guilherme and Malartic, Quentin and Hesslow, Daniel and Cojocaru, Ruxandra and Cappelli, Alessandro and Alobeidli, Hamza and Pannier, Baptiste and Almazrouei, Ebtesam and Launay, Julien},
  journal={arXiv preprint arXiv:2306.01116},
  year={2023}
}

@misc{alpaca,
  author = {Rohan Taori and Ishaan Gulrajani and Tianyi Zhang and Yann Dubois and Xuechen Li and Carlos Guestrin and Percy Liang and Tatsunori B. Hashimoto },
  title = {Stanford Alpaca: An Instruction-following LLaMA model},
  year = {2023},
  publisher = {GitHub},
  journal = {GitHub repository},
  howpublished = {\url{https://github.com/tatsu-lab/stanford_alpaca}},
}
https://x.ai/blog/grok-2
@misc{claude23,
author = {Antropic},
title = {Model Card and Evaluations for Claude Models},
year = {2023},
howpublished = {\url{https://www-cdn.anthropic.com/files/4zrzovbb/website/bd2a28d2535bfb0494cc8e2a3bf135d2e7523226.pdf
}}
}
@misc{deepseekai2024deepseekv3technicalreport,
      title={DeepSeek-V3 Technical Report}, 
      author={DeepSeek-AI and Aixin Liu and Bei Feng and Bing Xue and Bingxuan Wang and Bochao Wu and Chengda Lu and Chenggang Zhao and Chengqi Deng and Chenyu Zhang and Chong Ruan and Damai Dai and Daya Guo and Dejian Yang and Deli Chen and Dongjie Ji and Erhang Li and Fangyun Lin and Fucong Dai and Fuli Luo and Guangbo Hao and Guanting Chen and Guowei Li and H. Zhang and Han Bao and Hanwei Xu and Haocheng Wang and Haowei Zhang and Honghui Ding and Huajian Xin and Huazuo Gao and Hui Li and Hui Qu and J. L. Cai and Jian Liang and Jianzhong Guo and Jiaqi Ni and Jiashi Li and Jiawei Wang and Jin Chen and Jingchang Chen and Jingyang Yuan and Junjie Qiu and Junlong Li and Junxiao Song and Kai Dong and Kai Hu and Kaige Gao and Kang Guan and Kexin Huang and Kuai Yu and Lean Wang and Lecong Zhang and Lei Xu and Leyi Xia and Liang Zhao and Litong Wang and Liyue Zhang and Meng Li and Miaojun Wang and Mingchuan Zhang and Minghua Zhang and Minghui Tang and Mingming Li and Ning Tian and Panpan Huang and Peiyi Wang and Peng Zhang and Qiancheng Wang and Qihao Zhu and Qinyu Chen and Qiushi Du and R. J. Chen and R. L. Jin and Ruiqi Ge and Ruisong Zhang and Ruizhe Pan and Runji Wang and Runxin Xu and Ruoyu Zhang and Ruyi Chen and S. S. Li and Shanghao Lu and Shangyan Zhou and Shanhuang Chen and Shaoqing Wu and Shengfeng Ye and Shengfeng Ye and Shirong Ma and Shiyu Wang and Shuang Zhou and Shuiping Yu and Shunfeng Zhou and Shuting Pan and T. Wang and Tao Yun and Tian Pei and Tianyu Sun and W. L. Xiao and Wangding Zeng and Wanjia Zhao and Wei An and Wen Liu and Wenfeng Liang and Wenjun Gao and Wenqin Yu and Wentao Zhang and X. Q. Li and Xiangyue Jin and Xianzu Wang and Xiao Bi and Xiaodong Liu and Xiaohan Wang and Xiaojin Shen and Xiaokang Chen and Xiaokang Zhang and Xiaosha Chen and Xiaotao Nie and Xiaowen Sun and Xiaoxiang Wang and Xin Cheng and Xin Liu and Xin Xie and Xingchao Liu and Xingkai Yu and Xinnan Song and Xinxia Shan and Xinyi Zhou and Xinyu Yang and Xinyuan Li and Xuecheng Su and Xuheng Lin and Y. K. Li and Y. Q. Wang and Y. X. Wei and Y. X. Zhu and Yang Zhang and Yanhong Xu and Yanhong Xu and Yanping Huang and Yao Li and Yao Zhao and Yaofeng Sun and Yaohui Li and Yaohui Wang and Yi Yu and Yi Zheng and Yichao Zhang and Yifan Shi and Yiliang Xiong and Ying He and Ying Tang and Yishi Piao and Yisong Wang and Yixuan Tan and Yiyang Ma and Yiyuan Liu and Yongqiang Guo and Yu Wu and Yuan Ou and Yuchen Zhu and Yuduan Wang and Yue Gong and Yuheng Zou and Yujia He and Yukun Zha and Yunfan Xiong and Yunxian Ma and Yuting Yan and Yuxiang Luo and Yuxiang You and Yuxuan Liu and Yuyang Zhou and Z. F. Wu and Z. Z. Ren and Zehui Ren and Zhangli Sha and Zhe Fu and Zhean Xu and Zhen Huang and Zhen Zhang and Zhenda Xie and Zhengyan Zhang and Zhewen Hao and Zhibin Gou and Zhicheng Ma and Zhigang Yan and Zhihong Shao and Zhipeng Xu and Zhiyu Wu and Zhongyu Zhang and Zhuoshu Li and Zihui Gu and Zijia Zhu and Zijun Liu and Zilin Li and Ziwei Xie and Ziyang Song and Ziyi Gao and Zizheng Pan},
      year={2024},
      eprint={2412.19437},
      archivePrefix={arXiv},
      primaryClass={cs.CL},
      url={https://arxiv.org/abs/2412.19437}, 
}
@article{team2023gemini,
  title={Gemini: a family of highly capable multimodal models},
  author={Team Gemini and Anil, Rohan and Borgeaud, Sebastian and Alayrac, Jean-Baptiste and Yu, Jiahui and Soricut, Radu and Schalkwyk, Johan and Dai, Andrew M and Hauth, Anja and Millican, Katie and others},
  journal={arXiv preprint arXiv:2312.11805},
  year={2023}
}
@article{bai2023qwen,
  title={Qwen technical report},
  author={Bai, Jinze and Bai, Shuai and Chu, Yunfei and Cui, Zeyu and Dang, Kai and Deng, Xiaodong and Fan, Yang and Ge, Wenbin and Han, Yu and Huang, Fei and others},
  journal={arXiv preprint arXiv:2309.16609},
  year={2023}
}

@misc{mosaic2023,
    title = {Introducing MPT-7B: A New Standard for Open-Source, Commercially Usable LLMs},
    author = {Mosaic Research},
    year = {2023},
    howpublished = {\url{https://www.databricks.com/blog/mpt-7b}}
}

@article{dubey2024llama,
  title={The llama 3 herd of models},
  author={Dubey, Abhimanyu and Jauhri, Abhinav and Pandey, Abhinav and Kadian, Abhishek and Al-Dahle, Ahmad and Letman, Aiesha and Mathur, Akhil and Schelten, Alan and Yang, Amy and Fan, Angela and others},
  journal={arXiv preprint arXiv:2407.21783},
  year={2024}
}

@article{research2024exaone,
  title={EXAONE 3.5: Series of Large Language Models for Real-world Use Cases},
  author={Research, LG and An, Soyoung and Bae, Kyunghoon and Choi, Eunbi and Choi, Kibong and Choi, Stanley Jungkyu and Hong, Seokhee and Hwang, Junwon and Jeon, Hyojin and Jo, Gerrard Jeongwon and others},
  journal={arXiv preprint arXiv:2412.04862},
  year={2024}
}
@article{team2024gemma,
  title={Gemma: Open models based on gemini research and technology},
  author={Team, Gemma and Mesnard, Thomas and Hardin, Cassidy and Dadashi, Robert and Bhupatiraju, Surya and Pathak, Shreya and Sifre, Laurent and Rivi{\`e}re, Morgane and Kale, Mihir Sanjay and Love, Juliette and others},
  journal={arXiv preprint arXiv:2403.08295},
  year={2024}
}

@article{rae2021scaling,
  title={Scaling language models: Methods, analysis \& insights from training gopher},
  author={Rae, Jack W and Borgeaud, Sebastian and Cai, Trevor and Millican, Katie and Hoffmann, Jordan and Song, Francis and Aslanides, John and Henderson, Sarah and Ring, Roman and Young, Susannah and others},
  journal={arXiv preprint arXiv:2112.11446},
  year={2021}
}

@article{laurenccon2022bigscience,
  title={The bigscience roots corpus: A 1.6 tb composite multilingual dataset},
  author={Lauren{\c{c}}on, Hugo and Saulnier, Lucile and Wang, Thomas and Akiki, Christopher and Villanova del Moral, Albert and Le Scao, Teven and Von Werra, Leandro and Mou, Chenghao and Gonz{\'a}lez Ponferrada, Eduardo and Nguyen, Huu and others},
  journal={Advances in Neural Information Processing Systems},
  volume={35},
  pages={31809--31826},
  year={2022}
}

@article{le2023bloom,
  title={Bloom: A 176b-parameter open-access multilingual language model},
  author={Le Scao, Teven and Fan, Angela and Akiki, Christopher and Pavlick, Ellie and Ili{\'c}, Suzana and Hesslow, Daniel and Castagn{\'e}, Roman and Luccioni, Alexandra Sasha and Yvon, Fran{\c{c}}ois and Gall{\'e}, Matthias and others},
  year={2023}
}
@article{xie2023data,
  title={Data selection for language models via importance resampling},
  author={Xie, Sang Michael and Santurkar, Shibani and Ma, Tengyu and Liang, Percy S},
  journal={Advances in Neural Information Processing Systems},
  volume={36},
  pages={34201--34227},
  year={2023}
}
@misc{grok,
  author = {Grok team},
  title = {Grok-2 Beta Release},
  year = {2024},
  howpublished = {\url{https://x.ai/blog/grok-2}},
}

@article{lieber2024jamba,
  title={Jamba: A hybrid transformer-mamba language model},
  author={Lieber, Opher and Lenz, Barak and Bata, Hofit and Cohen, Gal and Osin, Jhonathan and Dalmedigos, Itay and Safahi, Erez and Meirom, Shaked and Belinkov, Yonatan and Shalev-Shwartz, Shai and others},
  journal={arXiv preprint arXiv:2403.19887},
  year={2024}
}
@misc{nova,
  author = {Amazon Artificial General Intelligence},
  title = {The Amazon Nova Family of Models: Technical Report and Model Card},
  year = {2024},
  howpublished = {\url{https://assets.amazon.science/}},
}
@inproceedings{
he2021deberta,
title={DEBERTA: DECODING-ENHANCED BERT WITH DISENTANGLED ATTENTION},
author={Pengcheng He and Xiaodong Liu and Jianfeng Gao and Weizhu Chen},
booktitle={International Conference on Learning Representations},
year={2021},
url={https://openreview.net/forum?id=XPZIaotutsD}
}

@article{abdin2024phi,
  title={Phi-3 technical report: A highly capable language model locally on your phone},
  author={Abdin, Marah and Aneja, Jyoti and Awadalla, Hany and Awadallah, Ahmed and Awan, Ammar Ahmad and Bach, Nguyen and Bahree, Amit and Bakhtiari, Arash and Bao, Jianmin and Behl, Harkirat and others},
  journal={arXiv preprint arXiv:2404.14219},
  year={2024}
}
@article{wake2024yi,
  title={Yi-lightning technical report},
  author={Wake, Alan and Wang, Albert and Chen, Bei and Lv, CX and Li, Chao and Huang, Chengen and Cai, Chenglin and Zheng, Chujie and Cooper, Daniel and Dai, Ethan and others},
  journal={arXiv preprint arXiv:2412.01253},
  year={2024}
}

@article{team2024reka,
  title={Reka core, flash, and edge: A series of powerful multimodal language models},
  author={Team, Reka and Ormazabal, Aitor and Zheng, Che and d'Autume, Cyprien de Masson and Yogatama, Dani and Fu, Deyu and Ong, Donovan and Chen, Eric and Lamprecht, Eugenie and Pham, Hai and others},
  journal={arXiv preprint arXiv:2404.12387},
  year={2024}
}
@article{chowdhery2023palm,
  title={Palm: Scaling language modeling with pathways},
  author={Chowdhery, Aakanksha and Narang, Sharan and Devlin, Jacob and Bosma, Maarten and Mishra, Gaurav and Roberts, Adam and Barham, Paul and Chung, Hyung Won and Sutton, Charles and Gehrmann, Sebastian and others},
  journal={Journal of Machine Learning Research},
  volume={24},
  number={240},
  pages={1--113},
  year={2023}
}
@article{gu2023mamba,
  title={Mamba: Linear-time sequence modeling with selective state spaces},
  author={Gu, Albert and Dao, Tri},
  journal={arXiv preprint arXiv:2312.00752},
  year={2023}
}

@inproceedings{dodge2021documenting,
  title={Documenting Large Webtext Corpora: A Case Study on the Colossal Clean Crawled Corpus},
  author={Dodge, Jesse and Sap, Maarten and Marasovi{\'c}, Ana and Agnew, William and Ilharco, Gabriel and Groeneveld, Dirk and Mitchell, Margaret and Gardner, Matt},
  booktitle={Proceedings of the 2021 Conference on Empirical Methods in Natural Language Processing},
  pages={1286--1305},
  year={2021}
}
# LEADERBOARD

@article{wang2019superglue,
  title={Superglue: A stickier benchmark for general-purpose language understanding systems},
  author={Wang, Alex and Pruksachatkun, Yada and Nangia, Nikita and Singh, Amanpreet and Michael, Julian and Hill, Felix and Levy, Omer and Bowman, Samuel},
  journal={Advances in neural information processing systems},
  volume={32},
  year={2019}
}

@inproceedings{rajpurkar2016squad,
  title={SQuAD: 100,000+ Questions for Machine Comprehension of Text},
  author={Rajpurkar, Pranav and Zhang, Jian and Lopyrev, Konstantin and Liang, Percy},
  booktitle={Proceedings of the 2016 Conference on Empirical Methods in Natural Language Processing},
  pages={2383--2392},
  year={2016}
}

@article{tedeschi2024alert,
  title={ALERT: A Comprehensive Benchmark for Assessing Large Language Models' Safety through Red Teaming},
  author={Tedeschi, Simone and Friedrich, Felix and Schramowski, Patrick and Kersting, Kristian and Navigli, Roberto and Nguyen, Huu and Li, Bo},
  journal={arXiv preprint arXiv:2404.08676},
  year={2024}
}

@article{wang2024mmlu,
  title={Mmlu-pro: A more robust and challenging multi-task language understanding benchmark},
  author={Wang, Yubo and Ma, Xueguang and Zhang, Ge and Ni, Yuansheng and Chandra, Abhranil and Guo, Shiguang and Ren, Weiming and Arulraj, Aaran and He, Xuan and Jiang, Ziyan and others},
  journal={arXiv preprint arXiv:2406.01574},
  year={2024}
}
@article{chiang2024chatbot,
  title={Chatbot arena: An open platform for evaluating llms by human preference},
  author={Chiang, Wei-Lin and Zheng, Lianmin and Sheng, Ying and Angelopoulos, Anastasios Nikolas and Li, Tianle and Li, Dacheng and Zhang, Hao and Zhu, Banghua and Jordan, Michael and Gonzalez, Joseph E and others},
  journal={arXiv preprint arXiv:2403.04132},
  year={2024}
}

### RELATED WORK
@inproceedings{bender2021dangers,
  title={On the dangers of stochastic parrots: Can language models be too big?},
  author={Bender, Emily M and Gebru, Timnit and McMillan-Major, Angelina and Shmitchell, Shmargaret},
  booktitle={Proceedings of the 2021 ACM conference on fairness, accountability, and transparency},
  pages={610--623},
  year={2021}
}
@inproceedings{mitchell2019model,
  title={Model cards for model reporting},
  author={Mitchell, Margaret and Wu, Simone and Zaldivar, Andrew and Barnes, Parker and Vasserman, Lucy and Hutchinson, Ben and Spitzer, Elena and Raji, Inioluwa Deborah and Gebru, Timnit},
  booktitle={Proceedings of the conference on fairness, accountability, and transparency},
  pages={220--229},
  year={2019}
}
@article{gebru2021datasheets,
  title={Datasheets for datasets},
  author={Gebru, Timnit and Morgenstern, Jamie and Vecchione, Briana and Vaughan, Jennifer Wortman and Wallach, Hanna and Iii, Hal Daum{\'e} and Crawford, Kate},
  journal={Communications of the ACM},
  volume={64},
  number={12},
  pages={86--92},
  year={2021},
  publisher={ACM New York, NY, USA}
}

### datasets
@INPROCEEDINGS{7410368,
  author={Zhu, Yukun and Kiros, Ryan and Zemel, Rich and Salakhutdinov, Ruslan and Urtasun, Raquel and Torralba, Antonio and Fidler, Sanja},
  booktitle={2015 IEEE International Conference on Computer Vision (ICCV)}, 
  title={Aligning Books and Movies: Towards Story-Like Visual Explanations by Watching Movies and Reading Books}, 
  year={2015},
  volume={},
  number={},
  pages={19-27},
  keywords={Motion pictures;Visualization;Videos;Semantics;Grounding;Voltage control;Roads},
  doi={10.1109/ICCV.2015.11}}

@misc{Gokaslan2019OpenWeb,
    title={OpenWebText Corpus},
    author={Gokaslan, Aaron and Cohen, Vanya and Pavlick, Ellie and Tellex, Stefanie},
    howpublished={\url{http://Skylion007.github.io/OpenWebTextCorpus}},
    year={2019}
}
@article{lucy2024aboutme,
  title={AboutMe: Using self-descriptions in webpages to document the effects of english pretraining data filters},
  author={Lucy, Li and Gururangan, Suchin and Soldaini, Luca and Strubell, Emma and Bamman, David and Klein, Lauren F and Dodge, Jesse},
  journal={arXiv preprint arXiv:2401.06408},
  year={2024}
}
@inproceedings{blodgett2020language,
  title={Language (Technology) is Power: A Critical Survey of “Bias” in NLP},
  author={Blodgett, Su Lin and Barocas, Solon and Daum{\'e} III, Hal and Wallach, Hanna},
  booktitle={Proceedings of the 58th Annual Meeting of the Association for Computational Linguistics},
  pages={5454--5476},
  year={2020}
}
@inproceedings{jo2020lessons,
  title={Lessons from archives: Strategies for collecting sociocultural data in machine learning},
  author={Jo, Eun Seo and Gebru, Timnit},
  booktitle={Proceedings of the 2020 conference on fairness, accountability, and transparency},
  pages={306--316},
  year={2020}
}
@article{albalak2024survey,
  title={A survey on data selection for language models},
  author={Albalak, Alon and Elazar, Yanai and Xie, Sang Michael and Longpre, Shayne and Lambert, Nathan and Wang, Xinyi and Muennighoff, Niklas and Hou, Bairu and Pan, Liangming and Jeong, Haewon and others},
  journal={arXiv preprint arXiv:2402.16827},
  year={2024}
}

@inproceedings{xu2021detoxifying,
  title={Detoxifying Language Models Risks Marginalizing Minority Voices},
  author={Xu, Albert and Pathak, Eshaan and Wallace, Eric and Gururangan, Suchin and Sap, Maarten and Klein, Dan},
  booktitle={Proceedings of the 2021 Conference of the North American Chapter of the Association for Computational Linguistics: Human Language Technologies},
  pages={2390--2397},
  year={2021}
}
@article{edwards2021eu,
  title={The EU AI Act: a summary of its significance and scope},
  author={Edwards, Lilian},
  journal={Artificial Intelligence (the EU AI Act)},
  volume={1},
  year={2021}
}
@article{luccioni2021s,
  title={What's in the box? a preliminary analysis of undesirable content in the common crawl corpus},
  author={Luccioni, Alexandra Sasha and Viviano, Joseph D},
  journal={arXiv preprint arXiv:2105.02732},
  year={2021}
}
@article{touvron2023llama,
  title={Llama 2: Open foundation and fine-tuned chat models},
  author={Touvron, Hugo and Martin, Louis and Stone, Kevin and Albert, Peter and Almahairi, Amjad and Babaei, Yasmine and Bashlykov, Nikolay and Batra, Soumya and Bhargava, Prajjwal and Bhosale, Shruti and others},
  journal={arXiv preprint arXiv:2307.09288},
  year={2023}
}

@inproceedings{gehman2020realtoxicityprompts,
  title={RealToxicityPrompts: Evaluating Neural Toxic Degeneration in Language Models},
  author={Gehman, Samuel and Gururangan, Suchin and Sap, Maarten and Choi, Yejin and Smith, Noah A},
  booktitle={Findings of the Association for Computational Linguistics: EMNLP 2020},
  pages={3356--3369},
  year={2020}
}
@article{gao2020pile,
  title={The pile: An 800gb dataset of diverse text for language modeling},
  author={Gao, Leo and Biderman, Stella and Black, Sid and Golding, Laurence and Hoppe, Travis and Foster, Charles and Phang, Jason and He, Horace and Thite, Anish and Nabeshima, Noa and others},
  journal={arXiv preprint arXiv:2101.00027},
  year={2020}
}

@inproceedings{hateoffensive,
  title = {Automated Hate Speech Detection and the Problem of Offensive Language},
  author = {Davidson, Thomas and Warmsley, Dana and Macy, Michael and Weber, Ingmar}, 
  booktitle = {Proceedings of the 11th International AAAI Conference on Web and Social Media},
  series = {ICWSM '17},
  year = {2017},
  location = {Montreal, Canada},
  pages = {512-515}
  }
@inproceedings{Jigsaw,
 author = {Jain, Naman and Vaidyanath, Skanda and Iyer, Arun and Natarajan, Nagarajan and Parthasarathy, Suresh and Rajamani, Sriram and Sharma, Rahul},
 title = {Jigsaw: Large Language Models meet Program Synthesis},
 booktitle = {ICSE 2022},
 location = {Pittsburgh, Pennsylvania},
}  

@inproceedings{caselli2021hatebert,
  title={HateBERT: Retraining BERT for Abusive Language Detection in English},
  author={Caselli, Tommaso and Basile, Valerio and Mitrovi{\'c}, Jelena and Granitzer, Michael},
  booktitle={Proceedings of the 5th Workshop on Online Abuse and Harms (WOAH 2021)},
  pages={17--25},
  year={2021}
}
@inproceedings{bassignana2018hurtlex,
  title={Hurtlex: A multilingual lexicon of words to hurt},
  author={Bassignana, Elisa and Basile, Valerio and Patti, Viviana and others},
  booktitle={CEUR Workshop proceedings},
  volume={2253},
  pages={1--6},
  year={2018},
  organization={CEUR-WS}
}
### other

@inproceedings{stranisci2023wikibio,
  title={WikiBio: a Semantic Resource for the Intersectional Analysis of Biographical Events},
  author={Stranisci, Marco Antonio and Damiano, Rossana and Mensa, Enrico and Patti, Viviana and Radicioni, Daniele and Caselli, Tommaso},
  booktitle={Proceedings of the 61st Annual Meeting of the Association for Computational Linguistics (Volume 1: Long Papers)},
  pages={12370--12384},
  year={2023}
}

@inproceedings{heist2019uncovering,
  title={Uncovering the semantics of Wikipedia categories},
  author={Heist, Nicolas and Paulheim, Heiko},
  booktitle={The Semantic Web--ISWC 2019: 18th International Semantic Web Conference, Auckland, New Zealand, October 26--30, 2019, Proceedings, Part I 18},
  pages={219--236},
  year={2019},
  organization={Springer}
}

@incollection{crenshaw2013mapping,
  title={Mapping the margins: Intersectionality, identity politics, and violence against women of color},
  author={Crenshaw, Kimberl{\'e} Williams},
  booktitle={The public nature of private violence},
  pages={93--118},
  year={2013},
  publisher={Routledge}
}

@inproceedings{erxleben2014introducing,
  title={Introducing wikidata to the linked data web},
  author={Erxleben, Fredo and G{\"u}nther, Michael and Kr{\"o}tzsch, Markus and Mendez, Julian and Vrande{\v{c}}i{\'c}, Denny},
  booktitle={The Semantic Web--ISWC 2014: 13th International Semantic Web Conference, Riva del Garda, Italy, October 19-23, 2014. Proceedings, Part I 13},
  pages={50--65},
  year={2014},
  organization={Springer}

}

@article{manghi2023miriam,
  title={Miriam Baglioni1, Andrea Mannocci1, Gina Pavone1, Michele De Bonis1 and},
  author={Manghi, Paolo},
  booktitle={IRCDL},
  pages={47-59},
  year={2023}
}

@inproceedings{stranisci2023world,
  title={The World Literature Knowledge Graph},
  author={Stranisci, Marco Antonio and Bernasconi, Eleonora and Patti, Viviana and Ferilli, Stefano and Ceriani, Miguel and Damiano, Rossana},
  booktitle={International Semantic Web Conference},
  pages={435--452},
  year={2023},
  organization={Springer}
}

@article{st1989analysis,
  title={Analysis of variance (ANOVA)},
  author={St, Lars and Wold, Svante and others},
  journal={Chemometrics and intelligent laboratory systems},
  volume={6},
  number={4},
  pages={259--272},
  year={1989},
  publisher={Elsevier}
}