@InProceedings{MeMOTR,
    author    = {Gao, Ruopeng and Wang, Limin},
    title     = {{MeMOTR}: Long-Term Memory-Augmented Transformer for Multi-Object Tracking},
    booktitle = {Proceedings of the IEEE/CVF International Conference on Computer Vision (ICCV)},
    month     = {October},
    year      = {2023},
    pages     = {9901-9910}
}

@inproceedings{Wojke2018deepsort,
  title={Deep Cosine Metric Learning for Person Re-identification},
  author={Wojke, Nicolai and Bewley, Alex},
  booktitle={2018 IEEE Winter Conference on Applications of Computer Vision (WACV)},
  year={2018},
  pages={748--756},
  organization={IEEE},
  doi={10.1109/WACV.2018.00087}
}

@article{ZHAO202310,
title = {Transformer vision-language tracking via proxy token guided cross-modal fusion},
journal = {Pattern Recognition Letters},
volume = {168},
pages = {10-16},
year = {2023},
issn = {0167-8655},
doi = {https://doi.org/10.1016/j.patrec.2023.02.023},
url = {https://www.sciencedirect.com/science/article/pii/S0167865523000545},
author = {Haojie Zhao and Xiao Wang and Dong Wang and Huchuan Lu and Xiang Ruan},
}

@article{aharon2022botsort,
  title={BoT-SORT: Robust associations multi-pedestrian tracking},
  author={Aharon, Nir and Orfaig, Roy and Bobrovsky, Ben-Zion},
  journal={arXiv preprint arXiv:2206.14651},
  year={2022}
}

@inproceedings{botach2021end,
  title={End-to-End Referring Video Object Segmentation with Multimodal Transformers},
  author={Botach, Adam and Zheltonozhskii, Evgenii and Baskin, Chaim},
  booktitle={Proc. IEEE Conf. Computer Vision and Pattern Recognition (CVPR)},
  year={2022}
}

@inproceedings{cai2022memot,
  title={Memot: Multi-object tracking with memory},
  author={Cai, Jiarui and Xu, Mingze and Li, Wei and Xiong, Yuanjun and Xia, Wei and Tu, Zhuowen and Soatto, Stefano},
  booktitle={Proceedings of the IEEE/CVF Conference on Computer Vision and Pattern Recognition},
  pages={8090--8100},
  year={2022}
}

@inproceedings{cao2023observation,
  title={Observation-centric sort: Rethinking sort for robust multi-object tracking},
  author={Cao, Jinkun and Pang, Jiangmiao and Weng, Xinshuo and Khirodkar, Rawal and Kitani, Kris},
  booktitle={Proceedings of the IEEE/CVF Conference on Computer Vision and Pattern Recognition},
  pages={9686--9696},
  year={2023}
}

@InProceedings{du2024ikun,
    author    = {Du, Yunhao and Lei, Cheng and Zhao, Zhicheng and Su, Fei},
    title     = {iKUN: Speak to Trackers without Retraining},
    booktitle = {Proceedings of the IEEE/CVF Conference on Computer Vision and Pattern Recognition (CVPR)},
    month     = {June},
    year      = {2024},
    pages     = {19135-19144}
}

@InProceedings{meinhardt2021trackformer,
    title={TrackFormer: Multi-Object Tracking with Transformers},
    author={Tim Meinhardt and Alexander Kirillov and Laura Leal-Taixe and Christoph Feichtenhofer},
    year={2022},
    month = {June},
    booktitle = {The IEEE Conference on Computer Vision and Pattern Recognition (CVPR)},
}

@article{vaswani2017attention,
  title={Attention is all you need},
  author={Vaswani, Ashish and Shazeer, Noam and Parmar, Niki and Uszkoreit, Jakob and Jones, Llion and Gomez, Aidan N and Kaiser, {\L}ukasz and Polosukhin, Illia},
  journal={Advances in neural information processing systems},
  volume={30},
  year={2017}
}

@inproceedings{wojke2017simple,
  title={Simple online and realtime tracking with a deep association metric},
  author={Wojke, Nicolai and Bewley, Alex and Paulus, Dietrich},
  booktitle={2017 IEEE international conference on image processing (ICIP)},
  pages={3645--3649},
  year={2017},
  organization={IEEE}
}

@inproceedings{wu2022language,
  title={Language as queries for referring video object segmentation},
  author={Wu, Jiannan and Jiang, Yi and Sun, Peize and Yuan, Zehuan and Luo, Ping},
  booktitle={Proceedings of the IEEE/CVF Conference on Computer Vision and Pattern Recognition},
  pages={4974--4984},
  year={2022}
}

@InProceedings{wu2023referring,
 title={Referring Multi-Object Tracking},
 author= {Wu, Dongming and Han, Wencheng and Wang, Tiancai and Dong, Xingping and Zhang, Xiangyu and Shen, Jianbing},
 booktitle={Proceedings of the IEEE/CVF Conference on Computer Vision and Pattern Recognition},
 pages={14633--14642},
 year={2023},
}

@article{yolox2021,
  title={YOLOX: Exceeding YOLO Series in 2021},
  author={Ge, Zheng and Liu, Songtao and Wang, Feng and Li, Zeming and Sun, Jian},
  journal={arXiv preprint arXiv:2107.08430},
  year={2021}
}

@inproceedings{zeng2021motr,
  title={MOTR: End-to-End Multiple-Object Tracking with TRansformer},
  author={Zeng, Fangao and Dong, Bin and Zhang, Yuang and Wang, Tiancai and Zhang, Xiangyu and Wei, Yichen},
  booktitle={European Conference on Computer Vision (ECCV)},
  year={2022}
}

@inproceedings{zhang2022bytetrack,
  title={Bytetrack: Multi-object tracking by associating every detection box},
  author={Zhang, Yifu and Sun, Peize and Jiang, Yi and Yu, Dongdong and Weng, Fucheng and Yuan, Zehuan and Luo, Ping and Liu, Wenyu and Wang, Xinggang},
  booktitle={European conference on computer vision},
  pages={1--21},
  year={2022},
  organization={Springer}
}

@inproceedings{zhang2023motrv2,
  title={Motrv2: Bootstrapping end-to-end multi-object tracking by pretrained object detectors},
  author={Zhang, Yuang and Wang, Tiancai and Zhang, Xiangyu},
  booktitle={Proceedings of the IEEE/CVF Conference on Computer Vision and Pattern Recognition},
  pages={22056--22065},
  year={2023}
}

@article{zheng2023towards,
  title={Towards unified token learning for vision-language tracking},
  author={Zheng, Yaozong and Zhong, Bineng and Liang, Qihua and Li, Guorong and Ji, Rongrong and Li, Xianxian},
  journal={IEEE Transactions on Circuits and Systems for Video Technology},
  year={2023},
  publisher={IEEE}
}

@inproceedings{zhou2023joint,
  title={Joint visual grounding and tracking with natural language specification},
  author={Zhou, Li and Zhou, Zikun and Mao, Kaige and He, Zhenyu},
  booktitle={Proceedings of the IEEE/CVF conference on computer vision and pattern recognition},
  pages={23151--23160},
  year={2023}
}

