@inproceedings{r:133,
    author = {Wu, Yueh-Hua and Wang, Xiaolong and Hamaya, Masashi},
    title = {Elastic Decision Transformer},
    year = {2023},
    booktitle = neurips,
    pages = {18532 - 18550}
}

@inproceedings{r:134,
    title = {Bootstrapped Transformer for Offline Reinforcement Learning},
    author = {Wang, Kerong and Zhao, Hanye and Luo, Xufang and Ren, Kan and Zhang, Weinan and Li, Dongsheng},
    year = {2022},
    booktitle = neurips,
    numpages = {34748 - 34761},
}

@inproceedings{r:135,
    title = {Q-learning Decision Transformer: Leveraging Dynamic Programming for Conditional Sequence Modeling in Offline RL},
    author = {Yamagata, Taku and Khalil, Ahmed and Santos-Rodr\'{\i}guez, Ra\'{u}l},
    year = {2023},
    booktitle = icml,
    pages = {38989 - 39007},
}

@misc{r:136,
      title={Diverse Beam Search: Decoding Diverse Solutions from Neural Sequence Models}, 
      author={Ashwin K Vijayakumar and Michael Cogswell and Ramprasath R. Selvaraju and Qing Sun and Stefan Lee and David Crandall and Dhruv Batra},
      year={2018},
      eprint={1610.02424},
      archivePrefix={arXiv},
      primaryClass={cs.AI},
      url={https://arxiv.org/abs/1610.02424}, 
}

@inproceedings{r:140,
author = {Kumar, Saurabh and Kumar, Aviral and Levine, Sergey and Finn, Chelsea},
title = {One Solution is Not All You Need: Few-shot Extrapolation via Structured Maxent RL},
year = {2020},
booktitle = neurips,
pages = {8198 - 8210}
}

@inproceedings{r:141,
author = {Osa, Takayuki and Harada, Tatsuya},
title = {Discovering Multiple Solutions From a Single Task in Offline Reinforcement Learning},
year = {2024},
booktitle = icml,
pages = {38864 - 38884},
}

@inproceedings{r:142,
author = {Kumar, Aviral and Zhou, Aurick and Tucker, George and Levine, Sergey},
title = {Conservative Q-learning for Offline Reinforcement Learning},
year = {2020},
booktitle = neurips,
pages = {1179 - 1191}
}

@inproceedings{r:15,
    title = {The Curious Case of Neural Text Degeneration},
    year = {2019},
    booktitle = {CEUR Workshop Proceedings},
    author = {Holtzman, Ari and Buys, Jan and Du, Leo and Forbes, Maxwell and Choi, Yejin},
    volume = {2540},
    issn = {16130073}
}

@inproceedings{r:16,
    title = {Hierarchical Neural Story Generation},
    year = {2018},
    author = "  Fan, Angela and
                Lewis, Mike and
                Dauphin, Yann",
    booktitle = acl,
    pages = {889-898}
}

@inproceedings{r:17,
    title = {Off-policy Deep Reinforcement Learning Without Exploration},
    year = {2019},
    author = "  Fujimoto, Scott and
                Meger, David and
                Precup, Doina",
    booktitle = icml,
    pages = {2052-2062}
}

@inproceedings{r:21,
    title = {Stabilizing Off-Policy Q-Learning via Bootstrapping Error Reduction},
    year = {2019},
    author = "  Kumar, Aviral and
                Fu, Justin and
                Tucker, George and
                Levine, Sergey",
    booktitle = neurips,
    pages = {11761-11771}
}

@inproceedings{r:22,
    title = {Keep Doing What Worked : Behavioral Cloning Priors for Fully Offline Learning},
    year = {2020},
    author = "  Siegel, Noah Y and
                Springenberg, Jost Tobias and
                Berkenkamp, Felix and
                Neunert, Michael and
                Lampe, Thomas and
                Hafner, Roland and
                Riedmiller, Martin",
    booktitle = iclr
}

@inproceedings{r:24,
    title = {MOReL : Model-Based Offline Reinforcement Learning},
    year = {2020},
    author = "  Kidambi, Rahul and
    Rajeswaran, Aravind and
    Netrapalli, Praneeth and
    Joachims, Thorsten",
    booktitle = neurips,
    pages = {21810-21823}
}

@inproceedings{r:3,
    title = {Offline Reinforcement Learning as One Big Sequence Modeling Problem},
    author = {Janner, Michael and Li, Qiyang and Levine, Sergey},
    year = {2021},
    booktitle = neurips,
    pages = {1273 - 1286}
}

@inproceedings{r:4,
    title = {Decision Transformer: Reinforcement Learning via Sequence Modeling},
    author = {Chen, Lili and Lu, Kevin and Rajeswaran, Aravind and Lee, Kimin and Grover, Aditya and Laskin, Michael and Abbeel, Pieter and Srinivas, Aravind and Mordatch, Igor},
    year = {2021},
    booktitle = neurips,
    pages = {15084 - 15097}
}

@misc{r:67,
  doi = {10.48550/ARXIV.1910.00177},
  url = {https://arxiv.org/abs/1910.00177},
  author = {Peng, Xue Bin and Kumar, Aviral and Zhang, Grace and Levine, Sergey},
  keywords = {Machine Learning (cs.LG), Machine Learning (stat.ML), FOS: Computer and information sciences, FOS: Computer and information sciences},
  title = {Advantage-Weighted Regression: Simple and Scalable Off-Policy Reinforcement Learning},
  publisher = {arXiv},
  year = {2019},
  copyright = {arXiv.org perpetual, non-exclusive license}
}

@inproceedings{r:80,
  title = {An Optimistic Perspective on Offline Reinforcement Learning},
  year = {2020},
  author = "Agarwal, Rishabh and
            Schuurmans, Dale and
            Norouzi, Mohammad",
  booktitle = icml,
  pages = {104â€“114}
}

@misc{r:81,
  doi = {10.48550/ARXIV.1907.00456},
  url = {https://arxiv.org/abs/1907.00456},
  author = {Jaques, Natasha and Ghandeharioun, Asma and Shen, Judy Hanwen and Ferguson, Craig and Lapedriza, Agata and Jones, Noah and Gu, Shixiang and Picard, Rosalind},
  keywords = {Machine Learning (cs.LG), Artificial Intelligence (cs.AI), Machine Learning (stat.ML), FOS: Computer and information sciences, FOS: Computer and information sciences},
  title = {Way Off-Policy Batch Deep Reinforcement Learning of Implicit Human Preferences in Dialog},
  publisher = {arXiv},
  year = {2019},
  copyright = {arXiv.org perpetual, non-exclusive license}
}

@misc{r:82,
  doi = {10.48550/ARXIV.1911.11361},
  url = {https://arxiv.org/abs/1911.11361},
  author = {Wu, Yifan and Tucker, George and Nachum, Ofir},
  keywords = {Machine Learning (cs.LG), Artificial Intelligence (cs.AI), Machine Learning (stat.ML), FOS: Computer and information sciences, FOS: Computer and information sciences},
  title = {Behavior Regularized Offline Reinforcement Learning},
  publisher = {arXiv},
  year = {2019},
  copyright = {arXiv.org perpetual, non-exclusive license}
}

@inproceedings{r:92,
  title = {Model-Based Offline Planning},
  year = {2020},
  author = "    Argenson, Arthur and
                Dulac-Arnold, Gabriel",

  booktitle = iclr,
  pages = {14129--14142}
}

