
@string{iclr = "{International Conference on Learning Representations (ICLR)}"}
@string{corr = "{Computing Research Repository (CoRR)}"}
@string{neurips = "{Advances in Neural Information Processing Systems (NeurIPS)}"}
@string{nips = "{Advances in Neural Information Processing Systems (NIPS)}"}
@string{emnlp = "{Empirical Methods in Natural Language Processing (EMNLP)}"}
@string{naacl = "{North American Chapter of the Association for Computational Linguistics: Human Language Technologies (NAACL HLT)}"}
@string{acl = "{Association for Computational Linguistics (ACL)}"}
@string{icml = "{International Conference on Machine Learning (ICML)}"}
@string{wmt = "{Workshop on Statistical Machine Translation (WMT)}"}
@string{icra = "{International Conference on Robotics and Automation (ICRA)}"}
@string{esann = "{European Symposium on Artificial Neural Networks, Computational Intelligence and Machine Learning (ESANN)}"}
@string{aaai = "{Association for the Advancement of Artificial Intelligence (AAAI)}"}
@string{icaps = "{International Conference on Automated Planning and Scheduling (ICAPS)}"}
@string{ecml = "{European Conference on Machine Learning (ECML)}"}
@string{uai = "{Uncertainty in Artificial Intelligence (UAI)}"}

@string{prl = "{ICAPs Workshop on Bridging the Gap Between AI Planning and Reinforcement Learning Planning and Reinforcement Learning workshop (PRL)}"}

@string{sigkdd = "{International Conference on Knowledge Discovery and Data Mining (SIGKDD)}"}

@string{iros = "{International Conference on Intelligent Robots and Systems (IROS)}"}

@string{corl = "{Annual Conference on Robot Learning (CoRL)}"}
@string{cvpr = "{Conference on Computer Vision and Pattern Recognition (CVPR)}"}




% Now at r:92 (including)



@book{r:1,
    title   = {Reinforcement Learning: An Introduction},
    year    = {1998},
    author  = " Sutton, R.S. and 
                Barto, A.G.",
    publisher = {{MIT} Press}
}


@book{r:64,
    title = {The Book of Why},
    year = {2018},
    author = "  Pearl, Judea and
                Mackenzie, Dana",
    publisher = {Basic Books}

}


@book{r:40,
    title={Optimal Learning: Computational procedures for Bayes-adaptive Markov decision processes},
    year={2002},
    author="Duff, Michael O'Gordon",
    publisher={University of Massachusetts Amherst}
}


@book{r:54,
    title = {Modern Portfolio Theory and Investments Analysis. 9th ed.},
    year = {2013},
    author = "  Elton, E. J. and
                Gruber, M. J. and
                Brown, S. J. and
                Goetzmann, W. N.",
    publisher = {Wiley}
}


@book{r:61,
    title = {The Best Quotes Book: 555 Daily Inspirational and Motivational Quotations by Famous People},
    year = {2018},
    author = "  Goodman, Joseph ",
    publisher = {Lulu}
}


@book{r:91,
    title = {Portfolio Selection: Efficient Diversification of Investments},
    year = {1959},
    author = "Markowitz, Harry M. ",
    publisher = {Yale University Press},
}


@misc{r:2,
  doi = {10.48550/ARXIV.2005.01643},
  url = {https://arxiv.org/abs/2005.01643},
  author = {Levine, Sergey and Kumar, Aviral and Tucker, George and Fu, Justin},
  keywords = {Machine Learning (cs.LG), Artificial Intelligence (cs.AI), Machine Learning (stat.ML), FOS: Computer and information sciences, FOS: Computer and information sciences},
  title = {Offline Reinforcement Learning: Tutorial, Review, and Perspectives on Open Problems},
  publisher = {arXiv},
  year = {2020},
  copyright = {arXiv.org perpetual, non-exclusive license}
}





@inproceedings{r:3,
    title = {Offline Reinforcement Learning as One Big Sequence Modeling Problem},
    author = {Janner, Michael and Li, Qiyang and Levine, Sergey},
    year = {2021},
    booktitle = neurips,
    pages = {1273 - 1286}
}



@inproceedings{r:4,
    title = {Decision Transformer: Reinforcement Learning via Sequence Modeling},
    author = {Chen, Lili and Lu, Kevin and Rajeswaran, Aravind and Lee, Kimin and Grover, Aditya and Laskin, Michael and Abbeel, Pieter and Srinivas, Aravind and Mordatch, Igor},
    year = {2021},
    booktitle = neurips,
    pages = {15084 - 15097}
}




@misc{r:9,
  doi = {10.48550/ARXIV.2004.07219},
  url = {https://arxiv.org/abs/2004.07219},
  author = {Fu, Justin and Kumar, Aviral and Nachum, Ofir and Tucker, George and Levine, Sergey},
  keywords = {Machine Learning (cs.LG), Machine Learning (stat.ML), FOS: Computer and information sciences, FOS: Computer and information sciences},
  title = {D4RL: Datasets for Deep Data-Driven Reinforcement Learning},
  publisher = {arXiv},
  year = {2020},
  copyright = {arXiv.org perpetual, non-exclusive license}
}


@misc{r:13,
  doi = {10.48550/ARXIV.2108.07258},
  url = {https://arxiv.org/abs/2108.07258},
  author = {Bommasani, Rishi and Hudson, Drew A. and Adeli, Ehsan and Altman, Russ and Arora, Simran and von Arx, Sydney and Bernstein, Michael S. and Bohg, Jeannette and Bosselut, Antoine and Brunskill, Emma and Brynjolfsson, Erik and Buch, Shyamal and Card, Dallas and Castellon, Rodrigo and Chatterji, Niladri and Chen, Annie and Creel, Kathleen and Davis, Jared Quincy and Demszky, Dora and Donahue, Chris and Doumbouya, Moussa and Durmus, Esin and Ermon, Stefano and Etchemendy, John and Ethayarajh, Kawin and Fei-Fei, Li and Finn, Chelsea and Gale, Trevor and Gillespie, Lauren and Goel, Karan and Goodman, Noah and Grossman, Shelby and Guha, Neel and Hashimoto, Tatsunori and Henderson, Peter and Hewitt, John and Ho, Daniel E. and Hong, Jenny and Hsu, Kyle and Huang, Jing and Icard, Thomas and Jain, Saahil and Jurafsky, Dan and Kalluri, Pratyusha and Karamcheti, Siddharth and Keeling, Geoff and Khani, Fereshte and Khattab, Omar and Koh, Pang Wei and Krass, Mark and Krishna, Ranjay and Kuditipudi, Rohith and Kumar, Ananya and Ladhak, Faisal and Lee, Mina and Lee, Tony and Leskovec, Jure and Levent, Isabelle and Li, Xiang Lisa and Li, Xuechen and Ma, Tengyu and Malik, Ali and Manning, Christopher D. and Mirchandani, Suvir and Mitchell, Eric and Munyikwa, Zanele and Nair, Suraj and Narayan, Avanika and Narayanan, Deepak and Newman, Ben and Nie, Allen and Niebles, Juan Carlos and Nilforoshan, Hamed and Nyarko, Julian and Ogut, Giray and Orr, Laurel and Papadimitriou, Isabel and Park, Joon Sung and Piech, Chris and Portelance, Eva and Potts, Christopher and Raghunathan, Aditi and Reich, Rob and Ren, Hongyu and Rong, Frieda and Roohani, Yusuf and Ruiz, Camilo and Ryan, Jack and Ré, Christopher and Sadigh, Dorsa and Sagawa, Shiori and Santhanam, Keshav and Shih, Andy and Srinivasan, Krishnan and Tamkin, Alex and Taori, Rohan and Thomas, Armin W. and Tramèr, Florian and Wang, Rose E. and Wang, William and Wu, Bohan and Wu, Jiajun and Wu, Yuhuai and Xie, Sang Michael and Yasunaga, Michihiro and You, Jiaxuan and Zaharia, Matei and Zhang, Michael and Zhang, Tianyi and Zhang, Xikun and Zhang, Yuhui and Zheng, Lucia and Zhou, Kaitlyn and Liang, Percy},
  keywords = {Machine Learning (cs.LG), Artificial Intelligence (cs.AI), Computers and Society (cs.CY), FOS: Computer and information sciences, FOS: Computer and information sciences},
  title = {On the Opportunities and Risks of Foundation Models},
  publisher = {arXiv},
  year = {2021},
  copyright = {Creative Commons Attribution 4.0 International}
}


@misc{r:27,
  doi = {10.48550/ARXIV.1906.08649},
  url = {https://arxiv.org/abs/1906.08649},
  author = {Wang, Tingwu and Ba, Jimmy},
  keywords = {Machine Learning (cs.LG), Artificial Intelligence (cs.AI), Robotics (cs.RO), Machine Learning (stat.ML), FOS: Computer and information sciences, FOS: Computer and information sciences},
  title = {Exploring Model-based Planning with Policy Networks},
  publisher = {arXiv},
  year = {2019},
  copyright = {Creative Commons Attribution Non Commercial Share Alike 4.0 International}
}


@misc{r:63,
  doi = {10.48550/ARXIV.1805.12298},
  url = {https://arxiv.org/abs/1805.12298},
  author = {Gottesman, Omer and Johansson, Fredrik and Meier, Joshua and Dent, Jack and Lee, Donghun and Srinivasan, Srivatsan and Zhang, Linying and Ding, Yi and Wihl, David and Peng, Xuefeng and Yao, Jiayu and Lage, Isaac and Mosch, Christopher and Lehman, Li-wei H. and Komorowski, Matthieu and Komorowski, Matthieu and Faisal, Aldo and Celi, Leo Anthony and Sontag, David and Doshi-Velez, Finale},
  keywords = {Machine Learning (cs.LG), Machine Learning (stat.ML), FOS: Computer and information sciences, FOS: Computer and information sciences},
  title = {Evaluating Reinforcement Learning Algorithms in Observational Health Settings},
  publisher = {arXiv},
  year = {2018},
  copyright = {arXiv.org perpetual, non-exclusive license}
}










@misc{r:42,
  doi = {10.48550/ARXIV.2107.06277},
  url = {https://arxiv.org/abs/2107.06277},
  author = {Ghosh, Dibya and Rahme, Jad and Kumar, Aviral and Zhang, Amy and Adams, Ryan P. and Levine, Sergey},
  keywords = {Machine Learning (cs.LG), Artificial Intelligence (cs.AI), Machine Learning (stat.ML), FOS: Computer and information sciences, FOS: Computer and information sciences},
  title = {Why Generalization in RL is Difficult: Epistemic POMDPs and Implicit Partial Observability},
  publisher = {arXiv},
  year = {2021},
  copyright = {arXiv.org perpetual, non-exclusive license}
}


@misc{r:67,
  doi = {10.48550/ARXIV.1910.00177},
  url = {https://arxiv.org/abs/1910.00177},
  author = {Peng, Xue Bin and Kumar, Aviral and Zhang, Grace and Levine, Sergey},
  keywords = {Machine Learning (cs.LG), Machine Learning (stat.ML), FOS: Computer and information sciences, FOS: Computer and information sciences},
  title = {Advantage-Weighted Regression: Simple and Scalable Off-Policy Reinforcement Learning},
  publisher = {arXiv},
  year = {2019},
  copyright = {arXiv.org perpetual, non-exclusive license}
}


@misc{r:71,
  doi = {10.48550/ARXIV.1605.07127},
  url = {https://arxiv.org/abs/1605.07127},
  author = {Depeweg, Stefan and Hernández-Lobato, José Miguel and Doshi-Velez, Finale and Udluft, Steffen},
  keywords = {Machine Learning (stat.ML), Machine Learning (cs.LG), FOS: Computer and information sciences, FOS: Computer and information sciences},
  title = {Learning and Policy Search in Stochastic Dynamical Systems with Bayesian Neural Networks},
  publisher = {arXiv},
  year = {2016},
  copyright = {arXiv.org perpetual, non-exclusive license}
}


@misc{r:73,
  doi = {10.48550/ARXIV.1906.08649},
  url = {https://arxiv.org/abs/1906.08649},
  author = {Wang, Tingwu and Ba, Jimmy},
  keywords = {Machine Learning (cs.LG), Artificial Intelligence (cs.AI), Robotics (cs.RO), Machine Learning (stat.ML), FOS: Computer and information sciences, FOS: Computer and information sciences},
  title = {Exploring Model-based Planning with Policy Networks},
  publisher = {arXiv},
  year = {2019},
  copyright = {Creative Commons Attribution Non Commercial Share Alike 4.0 International}
}






@misc{r:81,
  doi = {10.48550/ARXIV.1907.00456},
  url = {https://arxiv.org/abs/1907.00456},
  author = {Jaques, Natasha and Ghandeharioun, Asma and Shen, Judy Hanwen and Ferguson, Craig and Lapedriza, Agata and Jones, Noah and Gu, Shixiang and Picard, Rosalind},
  keywords = {Machine Learning (cs.LG), Artificial Intelligence (cs.AI), Machine Learning (stat.ML), FOS: Computer and information sciences, FOS: Computer and information sciences},
  title = {Way Off-Policy Batch Deep Reinforcement Learning of Implicit Human Preferences in Dialog},
  publisher = {arXiv},
  year = {2019},
  copyright = {arXiv.org perpetual, non-exclusive license}
}


@misc{r:82,
  doi = {10.48550/ARXIV.1911.11361},
  url = {https://arxiv.org/abs/1911.11361},
  author = {Wu, Yifan and Tucker, George and Nachum, Ofir},
  keywords = {Machine Learning (cs.LG), Artificial Intelligence (cs.AI), Machine Learning (stat.ML), FOS: Computer and information sciences, FOS: Computer and information sciences},
  title = {Behavior Regularized Offline Reinforcement Learning},
  publisher = {arXiv},
  year = {2019},
  copyright = {arXiv.org perpetual, non-exclusive license}
}


@misc{r:95,
  doi = {10.48550/ARXIV.2110.06169},
  url = {https://arxiv.org/abs/2110.06169},
  author = {Kostrikov, Ilya and Nair, Ashvin and Levine, Sergey},
  keywords = {Machine Learning (cs.LG), FOS: Computer and information sciences, FOS: Computer and information sciences},
  title = {Offline Reinforcement Learning with Implicit Q-Learning},
  publisher = {arXiv},
  year = {2021},
  copyright = {arXiv.org perpetual, non-exclusive license}
}





@article{r:84,
    title = {A Survey of Monte Carlo Tree Search Methods},
    year = {2012},
    author = "  Browne, Cameron  and
                Powley, Edward  and
                Whitehouse, Daniel  and
                Lucas, Simon  and
                Cowling, Peter I.  and
                Tavener, Stephen  and
                Perez, Diego  and
                Samothrakis, Spyridon  and
                Colton, Simon ",
    journal = {Transactions on Artificial Intelligence (TAI)},
    volume = {4},
    pages = {1-43}
}


@article{r:6,
    title = {Portfolio Selection},
    year = {1952},
    author = "Markowitz, Harry",
    journal = {The Journal of Finance},
    number = {1},
    volume = {7},
    pages = {77-91}
}


@article{r:7,
    title = {Model Predictive Heuristic Control. Applications to Industrial Processes},
    year = {1978},
    author = "  Richalet, J. and
                Rault, A. and
                Testud, J. L. and
                Papon, J.",
    journal = {Automatica},
    number = {5},
    volume = {14},
    pages = {413-428}
}


@article{r:89,
    title = {Bayesian Interpolation},
    year = {1992},
    author = "MacKay, David J. C.",
    journal = {Neural Computation},
    number = {3},
    volume = {4},
    pages = {415–447}
}


@article{r:11,
    title = {PyPortfolioOpt: Portfolio Optimization in Python},
    year = {2021},
    author = "Martin, Robert",
    journal = {Journal of Open Source Software},
    number = {61},
    volume = {6},
    pages = {3066}
}


@article{r:90,
    title = {Conditional Value-at-risk for General Loss Distributions},
    year = {2002},
    author = "  Rockafellar, R.Tyrrell and
                Uryasev, Stanislav ",
    journal = {Journal of Banking & Finance},
    number = {7},
    volume = {26},
    pages = {1443-1471}
}


@article{r:44,
    title = {DESPOT: Online POMDP Planning with Regularization},
    year = {2017},
    author = "  Ye, Nan and
    Somani, Adhiraj and
    Hsu, David and
    Lee, Wee Sun",
    journal = {Journal of Artificial Intelligence Research},
    volume = {58},
    pages = {231-266}
}


@article{r:59,
    title = {Verification of Probabilistic Predictions: A Brief Review},
    year = {1967},
    author = "  Murphy, Allan H. and
                Epstein, Edward S.",
    journal = {Journal of Applied Meteorology},
    number = {5},
    volume = {6},
    pages = {748-755}
}


@article{r:60,
    title = {The Harpy Speech Recognition System: Performance with Large Vocabularies},
    year = {1976},
    author = "  Lowerre, B. and
                Reddy, R.",
    journal = {The Journal of the Acoustical Society of America},
    number = {S1},
    volume = {60},
    Pages = {S10-S11}
}


@article{r:30,
    title = {Bayesian Reinforcement Learning: A Survey},
    year = {2015},
    author = "  Ghavamzadeh, Mohammad and
                Mannor, Shie and
                Pineau, Joelle and
                Tamar, Aviv",
    journal = {Foundations and Trends in Machine Learning},
    number = {5-6},
    volume = {8},
    pages ={359-483}
}


@article{r:31,
    title = {Optimization of Conditional Value-at-Risk},
    year = {2000},
    author = "  Rockafellar, R. Tyrrell and
                Uryasev, Stanislav",
    journal = {The Journal of Risk},
    number = {3},
    volume = {2},
    pages = {21-42}
}


@article{r:33,
    title = {The Utility Analysis of Choices Involving Risk},
    year = {1948},
    author = "  Friedman, Milton and
                Savage, L. J.",
    journal = {Journal of Political Economy},
    number = {4},
    volume = {56},
    pages = {279-304}
}


@article{r:34,
    title = {Robust Dynamic Programming},
    year = {2005},
    author = "Iyengar, Garud N.",
    journal = {Mathematics of Operations Research},
    number = {2},
    volume = {30},
    pages = {257-280}
}


@article{r:49,
    title = {A Survey of Monte Carlo Tree Search Methods},
    year = {2012},
    author = "  Browne, Cameron B. and
                Powley, Edward and
                Whitehouse, Daniel and
                Lucas, Simon M. and
                Cowling, Peter I. and
                Rohlfshagen, Philipp and 
                Tavener, Stephen and
                Perez, Diego and
                Samothrakis, Spyridon and
                Colton, Simon",
    journal = {IEEE Transactions on Computational Intelligence and AI in Games},
    number = {1},
    volume = {4},
    pages = {1-43}
}


@article{r:55,
    title = {Approximating Expected Utility by a Function of Mean and Variance},
    year = {1979},
    author = "  Levy, H. and
                Markowitz, H. M.",
    journal = {American Economic Review},
    number = {3},
    volume = {69},
    pages = {308-317}
}


@article{r:56,
    title = {Advances in Prospect Theory: Cumulative Representation of Uncertainty},
    year = {1992},
    author = "  Tversky, Amos and
                Kahneman, Daniel",
    journal = {Journal of Risk and Uncertainty},
    number = {4},
    volume = {5},
    pages = {297-323}
}


@article{r:65,
    title = {Best-First Beam Search},
    year = {2020},
    author = "  Meister, Clara  and
                Vieira, Tim  and
                Cotterell, Ryan",
    journal = {Transactions of the Association for Computational Linguistics},
    volume = {8},
    pages = {795-809}
}


@article{r:70,
  title={Model Predictive Control Using Neural Networks},
  year={1995},
  author="  Draeger, Andreas and
            Engell, Sebastian and
            Ranke, Horst",
  journal={IEEE Control Systems Magazine},
  volume={15},
  pages={61--66}
}


@inproceedings{r:77,
  title={Learning from logged implicit exploration data},
  year={2010},
  author="  Strehl, Alex and
            Langford, John and
            Li, Lihong and
            Kakade, Sham M",
  booktitle=nips,
  pages={217-–2225}
  
}


@article{r:79,
  title={Deep reinforcement learning framework for autonomous driving},
  author="  Sallab, Ahmad EL and
            Abdou, Mohammed and
            Perot, Etienne and
            Yogamani, Senthil",
  journal={Electronic Imaging},
  volume={19},
  pages={70-76},
  year={2017},

}


@inproceedings{r:5,
 title = {Language Models are Few-Shot Learners},
 year = {2020},
 author = "Brown, Tom and Mann, Benjamin and Ryder, Nick and Subbiah, Melanie and Kaplan, Jared D and Dhariwal, Prafulla and Neelakantan, Arvind and Shyam, Pranav and Sastry, Girish and Askell, Amanda and Agarwal, Sandhini and Herbert-Voss, Ariel and Krueger, Gretchen and Henighan, Tom and Child, Rewon and Ramesh, Aditya and Ziegler, Daniel and Wu, Jeffrey and Winter, Clemens and Hesse, Chris and Chen, Mark and Sigler, Eric and Litwin, Mateusz and Gray, Scott and Chess, Benjamin and Clark, Jack and Berner, Christopher and McCandlish, Sam and Radford, Alec and Sutskever, Ilya and Amodei, Dario",
 booktitle = neurips,
 pages = {1877-1901}
}


@inproceedings{r:8,
    title = {If Beam Search is the Answer, What Was the Question?},
    year = {2020},
    author = "  Meister, Clara and
                Cotterell, Ryan and
                Vieira, Tim",
    booktitle = emnlp,
    pages = {2173-2185}
}


@inproceedings{r:10,
    title = {Recurrent Neural Networks as Weighted Language Recognizers},
    year = {2018},
    author = "  Chen, Yining and
                Gilroy, Sorcha and
                Maletti, Andreas and
                May, Jonathan and
                Knight, Kevin",
    booktitle = naacl,
    pages = {2261-2271}
}


@inproceedings{r:12,
    title = {BERT: Pre-training of Deep Bidirectional Transformers for Language Understanding},
    year = {2019},
    author = "  Devlin, Jacob and
                Chang, Ming Wei and
                Lee, Kenton and
                Toutanova, Kristina",
    booktitle = naacl,
    pages = {4171-4186}
}


@inproceedings{r:14,
    title = {On NMT Search Errors and Model Errors: Cat Got Your Tongue?},
    year = {2020},
    author = "  Stahlberg, Felix and
                Byrne, Bill",
    booktitle = emnlp,
    pages = {3356-3362}
}


@inproceedings{r:16,
    title = {Hierarchical Neural Story Generation},
    year = {2018},
    author = "  Fan, Angela and
                Lewis, Mike and
                Dauphin, Yann",
    booktitle = acl,
    pages = {889-898}
}


@inproceedings{r:17,
    title = {Off-policy Deep Reinforcement Learning Without Exploration},
    year = {2019},
    author = "  Fujimoto, Scott and
                Meger, David and
                Precup, Doina",
    booktitle = icml,
    pages = {2052-2062}
}


@inproceedings{r:85,
    title = {Being Bayesian, Even Just a Bit,
Fixes Overconfidence in ReLU Networks},
    year = {2020},
    author = " Kristiadi, Agustinus and
               Hein, Matthias and 
               Hennig, Philipp",
    booktitle = icml,
    pages = {5436–5446}
}


@inproceedings{r:80,
  title = {An Optimistic Perspective on Offline Reinforcement Learning},
  year = {2020},
  author = "Agarwal, Rishabh and
            Schuurmans, Dale and
            Norouzi, Mohammad",
  booktitle = icml,
  pages = {104–114}
}


@inproceedings{r:86,
    title={Simple and Scalable Predictive Uncertainty Estimation Using Deep Ensembles},
    year={2017},
    author="Lakshminarayanan, Balaji and
            Pritzel, Alexander and
            Blundell, Charles",
  booktitle=nips,
  pages={6405–6416}
}


@inproceedings{r:87,
  title = 	 {Dropout as a Bayesian Approximation: Representing Model Uncertainty in Deep Learning},
  year = 	 {2016},
  author = 	 "  Gal, Yarin and
                Ghahramani, Zoubin",
  booktitle =icml,
  pages = 	 {1050-1059}
}


@inproceedings{r:88,
  title={A Simple Baseline for Bayesian Uncertainty in Deep Learning},
  year={2019},
  author="  Wesley J. Maddox and
            T. Garipov and
            Pavel Izmailov and
            Dmitry P. Vetrov and
            Andrew Gordon Wilson",
  booktitle=neurips,
  pages = {13153–13164}
}


@inproceedings{r:62,
    title = {Agnostic System Identification for Model-based Reinforcement Learning},
    year = {2012},
    author = "  Ross, Stéphane and
                Bagnell, J. Andrew",
    booktitle = icml,
    pages = {1905–1912}
}


@inproceedings{r:18,
    title = {Montreal Neural Machine Translation Systems for WMT’15},
    year = {2015},
    author = "  Jean, Sébastien and
                Firat, Orhan and
                Cho, Kyunghyun and
                Memisevic, Roland and
                Bengio, Yoshua",
    booktitle = wmt,
    pages = {134-140}
}


@inproceedings{r:19,
    title = {Modeling Coverage for Neural Machine Translation},
    year = {2016},
    author = "  Tu, Zhaopeng and
                Lu, Zhengdong and
                Yang, Liu and
                Liu, Xiaohua and
                Li, Hang",
    booktitle = acl,
    pages = {76-85}
}


@inproceedings{r:20,
    title = {Correcting Length Bias in Neural Machine Translation},
    year = {2018},
    author = "  Murray, Kenton and
                Chiang, David",
    
    booktitle = wmt,
    pages = {212-223}
}


@inproceedings{r:21,
    title = {Stabilizing Off-Policy Q-Learning via Bootstrapping Error Reduction},
    year = {2019},
    author = "  Kumar, Aviral and
                Fu, Justin and
                Tucker, George and
                Levine, Sergey",
    booktitle = neurips,
    pages = {11761-11771}
}


@inproceedings{r:23,
    title = {Conservative Q-Learning for Offline Reinforcement Learning},
    year = {2020},
    author = "  Kumar, Aviral and
                Zhou, Aurick and
                Tucker, George and
                Levine, Sergey",
    booktitle = neurips,
    pages = {1179-1191}
}


@inproceedings{r:24,
    title = {MOReL : Model-Based Offline Reinforcement Learning},
    year = {2020},
    author = "  Kidambi, Rahul and
    Rajeswaran, Aravind and
    Netrapalli, Praneeth and
    Joachims, Thorsten",
    booktitle = neurips,
    pages = {21810-21823}
}


@inproceedings{r:25,
    title = {MOPO: Model-based Offline Policy Optimization},
    year = {2020},
    author = "  Yu, Tianhe and
                Thomas, Garrett and
                Yu, Lantao and
                Ermon, Stefano and
                Zou, James and
                Levine, Sergey and
                Finn, Chelsea and
                Ma, Tengyu",
    booktitle = neurips,
    pages = {14129-14142}
}


@inproceedings{r:26,
    title = {Deep Reinforcement Learning in a Handful of Trials using Probabilistic Dynamics Models},
    year = {2018},
    author = "  Chua, Kurtland and
                Calandra, Roberto and
                McAllister, Rowan and
                Levine, Sergey",
    booktitle = neurips,
    pages = {4759-4770}
}


@inproceedings{r:29,
    title = {Safe Reinforcement Learning with Model Uncertainty Estimates},
    year = {2019},
     author = " L{\"{u}}tjens, Björn and
                Everett, Michael and
                How, Jonathan P.",
    booktitle = icra,
    pages = {8662-8668}
}


@inproceedings{r:32,
    title = {Policy Gradients with Variance Related Risk Criteria},
    year = {2012},
    author = "  Tamar, Aviv and
                Di Castro, Dotan and
                Mannor, Shie",
    booktitle = icml,
    pages = {1651–1658}
}


@inproceedings{r:36,
    title = {Scaling Up Robust MDPs using Function Approximation},
    year = {2014},
    author = "  Tamar, Aviv and
                Mannor, Shie and
                Xu, Huan",
    booktitle = icml,
    pages = {181-189}
}


@inproceedings{r:37,
    title = {Epistemic Risk-Sensitive Reinforcement Learning},
    year = {2020},
    author = "  Eriksson, Hannes and
                Dimitrakakis, Christos",
    booktitle = esann,
    pages ={339-344}
}


@inproceedings{r:39,
    title = {Bayesian Q-Learning},
    year = {1998},
    author = "  Dearden, Richard and
                Friedman, Nir and
                Russell, Stuart",
    booktitle = aaai,
    pages = {761-768}
}


@inproceedings{r:41,
    title = {A Bayesian Framework for Reinforcement Learning},
    year = {2000},
    author = "Strens, Malcolm",
    journal = icml,
    pages = {943-950}
}


@inproceedings{r:45,
    title = {Calibration of Pre-trained Transformers},
    year = {2020},
    author = "  Desai, Shrey and
                Durrett, Greg",
    booktitle = emnlp,
    pages = {295-302}
}


@inproceedings{r:46,
    title = {On Calibration of Modern Neural Networks},
    year = {2017},
    author = "  Guo, Chuan and
                Pleiss, Geoff and
                Sun, Yu and
                Weinberger, Kilian Q.",
    booktitle = icml,
    pages = {1321-1330}
}


@inproceedings{r:48,
    title = {Optimal Allocation of Very Limited Search Resources},
    year = {1986},
    author = "Mutchler, D",
    booktitle = aaai,
    pages = {467-471}
}


@inproceedings{r:50,
    title={Bandit Based Monte-Carlo Planning},
    year={2006},
    author="Kocsis, Levente and
            Szepesv{\'a}ri, Csaba",
    booktitle=ecml,
    pages={282-293}
}


@inproceedings{r:52,
    title = {Monte-Carlo Planning in Large POMDPs},
    year = {2010},
    author = "  Silver, David and
                Veness, Joel",
    booktitle = nips,
    pages = {2164–2172}
}


@inproceedings{r:53,
    title = {Selecting Computations: Theory and Applications},
    year = {2012},
    author = "  Hay, Nicholas and
                Russell, Stuart and
                Tolpin, David and
                Shimony, Solomon Eyal",
    booktitle = uai,
    pages = {346-355}
}


@inproceedings{r:57,
    title = {Attention is all you need},
    year = {2017},
    author = "  Vaswani, Ashish and
                Shazeer, Noam and
                Parmar, Niki and
                Uszkoreit, Jakob and
                Jones, Llion and
                Gomez, Aidan N. and
                Kaiser, Lukasz and
                Polosukhin, Illia",
    booktitle = nips,
    pages = {6000–6010}
}


@inproceedings{r:51,
    title = {PROST: Probabilistic Planning Based on UCT},
    year = {2012},
    author = "  Keller, Thomas and
                Eyerich, Patrick",
    booktitle = icaps,
    pages ={119-127}
}


@inproceedings{r:58,
    title = {Neural Machine Translation by Jointly Learning to Align and Translate},
    year = {2015},
    author = "  Bahdanau, Dzmitry and
                Cho, Kyung Hyun and
                Bengio, Yoshua",
    booktitle = iclr
}

@inproceedings{r:47,
    title = {Real-time Planning as Data-driven Decision-making},
    year = {2020},
    author = "  Fickert, Maximilian and
                Gu, Tianyi and
                Staut, Leonhard and
                Lekyang, Sai and
                Ruml, Wheeler and
                Hoffmann, Jorg and
                Petrik, Marek",
    booktitle = prl
}


@inproceedings{r:22,
    title = {Keep Doing What Worked : Behavioral Cloning Priors for Fully Offline Learning},
    year = {2020},
    author = "  Siegel, Noah Y and
                Springenberg, Jost Tobias and
                Berkenkamp, Felix and
                Neunert, Michael and
                Lampe, Thomas and
                Hafner, Roland and
                Riedmiller, Martin",
    booktitle = iclr
}


@inproceedings{r:68,
    title={PILCO: a Model-based and Data-efficient Approach to Policy Search},
    year={2011},
    author= "   Deisenroth, Marc and
                Rasmussen, Carl E",
  booktitle=icml,
  pages={465-472}
}


@inproceedings{r:69,
    title = {Guided Policy Search},
    year = {2013},
    author = "  Levine, Sergey and
                Koltun, Vladlen",
    booktitle=icml, 
    pages =  {1-9}
}


@inproceedings{r:72,
    title={Deep Reinforcement Learning in a Handful of Trials Using Probabilistic Dynamics Models},
    year={2018},
    author="    Chua, Kurtland and
                Calandra, Roberto and
                McAllister, Rowan and
                Levine, Sergey",
    booktitle=nips,
    pages = {4759–4770}
}


@inproceedings{r:74,
    title =  {The Predictron: End-To-End Learning and Planning},
    year = 	 {2017},
    author =  " David Silver and
                Hado van Hasselt and
                Matteo Hessel and
                Tom Schaul and
                Arthur Guez and
                Tim Harley and
                Gabriel Dulac-Arnold and
                David Reichert and
                Neil Rabinowitz and
                Andre Barreto and
                Thomas Degris",
    booktitle = icml,
    pages = 	 {3191-3199}
}


@inproceedings{r:75,
    title={Supervised reinforcement learning with recurrent neural network for dynamic treatment recommendation},
    year={2018},
    author="  Wang, Lu and
            Zhang, Wei and
            He, Xiaofeng and
            Zha, Hongyuan",
    booktitle=sigkdd,
    pages={2447-2456},
}


@inproceedings{r:76,
    title={Deep inverse reinforcement learning for sepsis treatment},
    year={2019},
    author="    Yu, Chao and
                Ren, Guoqi and
                Liu, Jiming",
    booktitle={International Conference on Healthcare Informatics (ICHI)},
    pages={1-3}

}


@inproceedings{r:78,
  title={Deep Neural Networks for Youtube Recommendations},
  year={2016},
  author="  Covington, Paul and
            Adams, Jay and
            Sargin, Emre",
  booktitle={ACM Conference on Recommender Systems},
  pages={191-198}
  
}


@inproceedings{r:83,
  title={Synthesis and Stabilization of Complex Behaviors Through Online Trajectory Optimization},
  year={2012},
  author="  Tassa, Yuval and
            Erez, Tom and
            Todorov, Emanuel",
  booktitle=iros,
  pages={4906-4913}
}


@inproceedings{r:92,
  title = {Model-Based Offline Planning},
  year = {2020},
  author = "    Argenson, Arthur and
                Dulac-Arnold, Gabriel",

  booktitle = iclr,
  pages = {14129--14142}
}


@inproceedings{r:93,
  title={Deep Reinforcement Learning at the Edge of the statistical precipice},
  year = {2021},
  author="Agarwal, Rishabh and Schwarzer, Max and Castro, Pablo Samuel and Courville, Aaron C and Bellemare, Marc",
  booktitle= neurips,
  pages = {29304--29320}
}




@inproceedings{r:94,
    title = {Cognitive Psychology for Deep Neural Networks: A Shape Bias Case Study},
    year = {2017},
    author = "  Ritter, Samuel and Barrett, David G.T. and Santoro, Adam and Botvinick, Matt M.",
    booktitle = icml,
    pages = {2940–2949}
}


@misc{r:96,
    Title = {The Bitter Lesson},
    Year = {2019},
    Month = {03},
    Author = "Sutton, R.S.",
    howpublished = {Incomplete Ideas (blog)}
}

@article{r:97,
    title = {Scientists Rise Up Against Statistical Significance},
    year = {2019},
    author = "  Amrhein, Valentin and
                Greenland, Sander  and
                McShane, Blake",
    journal = {Nature},
    number = {7748},
    volume = {567},
    pages = {305--307}
}

@inproceedings{r:98,
  title={In Praise of Confidence Intervals},
  year={2020},
  author="Romer, David",
  booktitle={AEA Papers and Proceedings},
  pages={55--60} 
}


@article{r:99,
    title={Moving to a World Beyond “p$< 0.05$”},
    year={2019},
    author = "  Wasserstein, Ronald L and
                Schirm, Allen L and
                Lazar, Nicole A",
  journal={The American Statistician},
  volume={73},
  pages={1--19}
}


@article{r:100,
  title={Tree-based Batch Mode Reinforcement Learning},
  year={2005},
  author = "    Ernst, Damien and
                Geurts, Pierre and
                Wehenkel, Louis",
  journal={Journal of Machine Learning Research},
  volume={6},
  pages={503–-556}
}


@inproceedings{r:101,
  title={Neural Fitted Q Iteration--First Experiences With a Data Efficient Neural Reinforcement Learning Method},
  year={2005},
  author="Riedmiller, Martin",
  booktitle=ecml,
  pages={317--328}
}


@inproceedings{r:102,
    title={Uncertainty-Based Offline Reinforcement Learning with Diversified Q-Ensemble},
    year={2021},
    author="Gaon An and Seungyong Moon and Jang-Hyun Kim and Hyun Oh Song",
    booktitle=neurips
}


@inproceedings{r:103,
    title = {RePreM: Representation Pre-training With Masked Model for Reinforcement Learning},
    year = {2023},
    author = "  Yuanying Cai and
                Chuheng Zhang and
                Wei Shen and
                Xuyun Zhang and
                Wenjie Ruan and
                Longbo Huang",
    booktitle=aaai
}


@inproceedings{r:104,
    title={Online Decision Transformer},
    year={2022},
    author="Zheng, Qinqing and
            Zhang, Amy and
            Grover, Aditya",
    booktitle=icml,                   
    pages={27042--27059},
}


@inproceedings{r:105,
  title={Stabilizing Transformers for Reinforcement Learning},
  year={2020},
  author="Parisotto, Emilio and
  Song, Francis and
  Rae, Jack and
  Pascanu, Razvan and
  Gulcehre, Caglar and
  Jayakumar, Siddhant and
  Jaderberg, Max and
  Kaufman, Raphael Lopez and
  Clark, Aidan and
  Noury, Seb",
  booktitle=icml,
  pages={7487--7498}
}


@inproceedings{r:106,
    title={CoBERL: Contrastive BERT for Reinforcement Learning},
    year = {2022},
    author="Banino, Andrea and
            Badia, Adri{\`a} Puidomenech and
            Walker, Jacob and
            Scholtes, Tim and
            Mitrovic, Jovana and
            Blundell, Charles",
    booktitle=iclr,
}


@inproceedings{r:107,
    title={Multi-game Decision Transformers},
    year={2022},
    author="Lee, Kuang-Huei and
            Nachum, Ofir and
            Yang, Mengjiao Sherry and
            Lee, Lisa and
            Freeman, Daniel and
            Guadarrama, Sergio and
            Fischer, Ian and
            Xu, Winnie and
            Jang, Eric and
            Michalewski, Henryk",
    booktitle=neurips,
    pages={27921--27936}
  
}


@article{r:108,
    title={A Generalist Agent},
    year={2022},
    author="Scott Reed and Konrad Zolna and Emilio Parisotto and Sergio G{\'o}mez Colmenarejo and Alexander Novikov and Gabriel Barth-maron and Mai Gim{\'e}nez and Yury Sulsky and Jackie Kay and Jost Tobias Springenberg and Tom Eccles and Jake Bruce and Ali Razavi and Ashley Edwards and Nicolas Heess and Yutian Chen and Raia Hadsell and Oriol Vinyals and Mahyar Bordbar and Nando de Freitas",
    journal={Transactions on Machine Learning Research}
}


@inproceedings{r:109,
    title={Q-Transformer: Scalable Offline Reinforcement Learning via Autoregressive Q-Functions},
    year={2023},
    author={Yevgen Chebotar and Quan Vuong and Karol Hausman and Fei Xia and Yao Lu and Alex Irpan and Aviral Kumar and Tianhe Yu and Alexander Herzog and Karl Pertsch and Keerthana Gopalakrishnan and Julian Ibarz and Ofir Nachum and Sumedh Anand Sontakke and Grecia Salazar and Huong T Tran and Jodilyn Peralta and Clayton Tan and Deeksha Manjunath and Jaspiar Singh and Brianna Zitkovich and Tomas Jackson and Kanishka Rao and Chelsea Finn and Sergey Levine},
    booktitle=corl,

}

@inproceedings{r:110,
    title={RT-1: Robotics Transformer for Real-World Control at Scale},
    author={Anthony	Brohan and  Noah Brown and  Justice Carbajal and  Yevgen Chebotar and  Joseph Dabis and  Chelsea Finn and  Keerthana Gopalakrishnan and  Karol Hausman and  Alex Herzog and  Jasmine Hsu and  Julian Ibarz and  Brian Ichter and  Alex Irpan and  Tomas Jackson and  Sally Jesmonth and  Nikhil Joshi and  Ryan Julian and  Dmitry Kalashnikov and  Yuheng Kuang and  Isabel Leal and  Kuang-Huei Lee and  Sergey Levine and  Yao Lu and  Utsav Malla and  Deeksha Manjunath and  Igor Mordatch and  Ofir Nachum and  Carolina Parada and  Jodilyn Peralta and  Emily Perez and  Karl Pertsch and  Jornell Quiambao and  Kanishka Rao and  Michael Ryoo and  Grecia Salazar and  Pannag Sanketi and  Kevin Sayed and  Jaspiar Singh and  Sumedh Sontakke and  Austin Stone and  Clayton Tan and  Huong Tran and  Vincent Vanhoucke and Steve Vega and  Quan Vuong and  Fei Xia and  Ted Xiao and  Peng Xu and  Sichun Xu and  Tianhe Yu and  Brianna Zitkovich},
    booktitle={arXiv preprint arXiv:2212.06817},
    year={2022}
}



@inproceedings{r:111,
  title     = {VIMA: General Robot Manipulation with Multimodal Prompts},
  author    = {Yunfan Jiang and Agrim Gupta and Zichen Zhang and Guanzhi Wang and Yongqiang Dou and Yanjun Chen and Li Fei-Fei and Anima Anandkumar and Yuke Zhu and Linxi Fan},
  booktitle = icml,
  year      = {2023}
}

@inproceedings{
r:112,
title={MetaMorph: Learning Universal Controllers with Transformers},
author={Agrim Gupta and Linxi Fan and Surya Ganguli and Li Fei-Fei},
booktitle=iclr,
year={2022},
}


@inproceedings{
r:113,
title={Perceiver-Actor: A Multi-Task Transformer for Robotic Manipulation},
author={Mohit Shridhar and Lucas Manuelli and Dieter Fox},
booktitle=corl,
year={2022},
}

@inproceedings{
r:114,
title={Behavior Transformers: Cloning \$k\$ modes with one stone},
author={Nur Muhammad Mahi Shafiullah and Zichen Jeff Cui and Ariuntuya Altanzaya and Lerrel Pinto},
booktitle=neurips,
year={2022},
}


@article{r:115,
  title={Multi-Game Decision Transformers},
  author={Kuang-Huei Lee and Ofir Nachum and Mengjiao Yang and L. Y. Lee and Daniel Freeman and Winnie Xu and Sergio Guadarrama and Ian S. Fischer and Eric Jang and Henryk Michalewski and Igor Mordatch},
  journal={ArXiv},
  year={2022},
  volume={abs/2205.15241},
  url={https://api.semanticscholar.org/CorpusID:249192343}
}


@inproceedings{r:116,
    title={Way Off-Policy Batch Deep Reinforcement Learning of Human Preferences in Dialog},
    author={Natasha Jaques and Asma Ghandeharioun and Judy Hanwen Shen and Craig Ferguson and Agata Lapedriza and Noah Jones and Shixiang Gu and Rosalind Picard},
    year={2020},
    booktitle=iclr,
}


@inproceedings{
r:117,
title={Behavior Regularized Offline Reinforcement Learning},
author={Yifan Wu and George Tucker and Ofir Nachum},
year={2020},
booktitle=iclr,
}

@inproceedings{r:15,
    title = {The Curious Case of Neural Text Degeneration},
    year = {2019},
    booktitle = {CEUR Workshop Proceedings},
    author = {Holtzman, Ari and Buys, Jan and Du, Leo and Forbes, Maxwell and Choi, Yejin},
    volume = {2540},
    issn = {16130073}
}

@article{r:118,
  author = {Silver, David and Huang, Aja and Maddison, Chris J. and Guez, Arthur and Sifre, Laurent and van den Driessche, George and Schrittwieser, Julian and Antonoglou, Ioannis and Panneershelvam, Veda and Lanctot, Marc and Dieleman, Sander and Grewe, Dominik and Nham, John and Kalchbrenner, Nal and Sutskever, Ilya and Lillicrap, Timothy and Leach, Madeleine and Kavukcuoglu, Koray and Graepel, Thore and Hassabis, Demis},
  journal = {Nature},
  pages = {484--489},
  title = {Mastering the Game of {Go} with Deep Neural Networks and Tree Search},
  year = 2016
}



BibTeX
MLA
APA
Chicago
@article{r:119,
  title={Mastering Atari, Go, chess and shogi by planning with a learned model},
  author={Julian Schrittwieser and Ioannis Antonoglou and Thomas Hubert and Karen Simonyan and L. Sifre and Simon Schmitt and Arthur Guez and Edward Lockhart and Demis Hassabis and Thore Graepel and Timothy P. Lillicrap and David Silver},
  journal={Nature},
  year={2019},
  pages={604 - 609}
}


@inproceedings{r:120,
  author       = {Dieqiao Feng and
                  Carla P. Gomes and
                  Bart Selman},
  title        = {Left Heavy Tails and the Effectiveness of the Policy and Value Networks
                  in DNN-based best-first search for Sokoban Planning},
  booktitle    = neurips,
  year         = {2022}
}


@inproceedings{r:121,
  author       = {aurent Orseau and
                  Marcus Hutter and
                  Levi H. S. Lelis},
  title        = {Levin Tree Search with Context Models},
  booktitle    = aaai,
  year         = {2023}
}



@inproceedings{r:122,
author = {Radford, Alec and Kim, Jong Wook and Xu, Tao and Brockman, Greg and McLeavey, Christine and Sutskever, Ilya},
title = {Robust Speech Recognition via Large-scale Weak Supervision},
year = {2023},
booktitle=icml,
pages= {7487--7498}
}

@inproceedings{r:123,
  author = {Dosovitskiy, Alexey and Beyer, Lucas and Kolesnikov, Alexander and Weissenborn, Dirk and Zhai, Xiaohua and Unterthiner, Thomas and Dehghani, Mostafa and Minderer, Matthias and Heigold, Georg and Gelly, Sylvain and Uszkoreit, Jakob and Houlsby, Neil},
  booktitle = iclr,
  title = {An Image is Worth 16x16 Words: Transformers for Image Recognition at Scale},
  year = {2021}
}

@inproceedings{r:124,
      title={Visual Instruction Tuning}, 
      author={Liu, Haotian and Li, Chunyuan and Wu, Qingyang and Lee, Yong Jae},
      booktitle=neurips,
      year={2023},
}


@inproceedings{r:125,
  author={Shridhar, Mohit and Thomason, Jesse and Gordon, Daniel and Bisk, Yonatan and Han, Winson and Mottaghi, Roozbeh and Zettlemoyer, Luke and Fox, Dieter},
  booktitle=cvpr, 
  title={ALFRED: A Benchmark for Interpreting Grounded Instructions for Everyday Tasks}, 
  year={2020},
  pages={10737-10746},
}

@software{r:126,
    author = {Chevalier-Boisvert, Maxime and Willems, Lucas and Pal, Suman},
    title = {Minimalistic Gridworld Environment for Gymnasium},
    url = {https://github.com/Farama-Foundation/Minigrid},
    year = {2018},
}


@inproceedings{r:127,
  author={Todorov, Emanuel and Erez, Tom and Tassa, Yuval},
  booktitle=iros, 
  title={MuJoCo: a Physics Engine for Model-based Control}, 
  year={2012},
  pages={5026-5033},
}

@inproceedings{r:128,
  author = {Yao, Shunyu and Zhao, Jeffrey and Yu, Dian and Du, Nan and Shafran, Izhak and Narasimhan, Karthik R. and Cao, Yuan},
  booktitle = iclr,
  title = {ReAct: Synergizing Reasoning and Acting in Language Models.},
  year = {2023}
}

@article{r:129,
    title={A Generalist Agent},
    author={Scott Reed and Konrad Zolna and Emilio Parisotto and Sergio G{\'o}mez Colmenarejo and Alexander Novikov and Gabriel Barth-maron and Mai Gim{\'e}nez and Yury Sulsky and Jackie Kay and Jost Tobias Springenberg and Tom Eccles and Jake Bruce and Ali Razavi and Ashley Edwards and Nicolas Heess and Yutian Chen and Raia Hadsell and Oriol Vinyals and Mahyar Bordbar and Nando de Freitas},
    journal={Transactions on Machine Learning Research},
    year={2022}
}

@inproceedings{r:130,
    author = {Wu, Yueh-Hua and Wang, Xiaolong and Hamaya, Masashi},
    title = {Elastic Decision Transformer},
    year = {2024},
    booktitle = neurips,
    pages = {18532 - 18550}
}

@inproceedings{r:131,
    title={Efficient Transformers in Reinforcement Learning using Actor-Learner Distillation},
    author={Emilio Parisotto and Russ Salakhutdinov},
    booktitle=iclr,
    year={2021}
}

@article{r:132,
    title={Adaptive Transformers in RL},
    author={Shakti Kumar and Jerrod Parker and Panteha Naderian},
    year={2020},
    journal={ArXiv},
    volume={2004.03761},
   url = {https://arxiv.org/abs/2004.03761}

}

@inproceedings{r:133,
    author = {Wu, Yueh-Hua and Wang, Xiaolong and Hamaya, Masashi},
    title = {Elastic Decision Transformer},
    year = {2023},
    booktitle = neurips,
    pages = {18532 - 18550}
}

@inproceedings{r:134,
    title = {Bootstrapped Transformer for Offline Reinforcement Learning},
    author = {Wang, Kerong and Zhao, Hanye and Luo, Xufang and Ren, Kan and Zhang, Weinan and Li, Dongsheng},
    year = {2022},
    booktitle = neurips,
    numpages = {34748 - 34761},
}

@inproceedings{r:135,
    title = {Q-learning Decision Transformer: Leveraging Dynamic Programming for Conditional Sequence Modeling in Offline RL},
    author = {Yamagata, Taku and Khalil, Ahmed and Santos-Rodr\'{\i}guez, Ra\'{u}l},
    year = {2023},
    booktitle = icml,
    pages = {38989 - 39007},
}


@misc{r:136,
      title={Diverse Beam Search: Decoding Diverse Solutions from Neural Sequence Models}, 
      author={Ashwin K Vijayakumar and Michael Cogswell and Ramprasath R. Selvaraju and Qing Sun and Stefan Lee and David Crandall and Dhruv Batra},
      year={2018},
      eprint={1610.02424},
      archivePrefix={arXiv},
      primaryClass={cs.AI},
      url={https://arxiv.org/abs/1610.02424}, 
}

@inproceedings{r:137,
author = {Parisotto, Emilio and Song, H. Francis and Rae, Jack W. and Pascanu, Razvan and Gulcehre, Caglar and Jayakumar, Siddhant M. and Jaderberg, Max and Kaufman, Rapha\"{e}l Lopez and Clark, Aidan and Noury, Seb and Botvinick, Matthew M. and Heess, Nicolas and Hadsell, Raia},
title = {Stabilizing Transformers for Reinforcement Learning},
year = {2020},
booktitle = icml,
pages = {7487 - 7498},
}


@article{r:138,
    title={A Survey on Transformers in Reinforcement Learning},
    author={Wenzhe Li and Hao Luo and Zichuan Lin and Chongjie Zhang and Zongqing Lu and Deheng Ye},
    journal={Transactions on Machine Learning Research},
    year={2023},

}


@article{r:139,
  title={The Finley Affair: A Signal Event in the History of Forecast Verification},
  author={Allan H. Murphy},
  journal={Weather and Forecasting},
  year={1996},
  volume={11},
  pages={3-20},
}


@inproceedings{r:140,
author = {Kumar, Saurabh and Kumar, Aviral and Levine, Sergey and Finn, Chelsea},
title = {One Solution is Not All You Need: Few-shot Extrapolation via Structured Maxent RL},
year = {2020},
booktitle = neurips,
pages = {8198 - 8210}
}

@inproceedings{r:141,
author = {Osa, Takayuki and Harada, Tatsuya},
title = {Discovering Multiple Solutions From a Single Task in Offline Reinforcement Learning},
year = {2024},
booktitle = icml,
pages = {38864 - 38884},
}

@inproceedings{r:142,
author = {Kumar, Aviral and Zhou, Aurick and Tucker, George and Levine, Sergey},
title = {Conservative Q-learning for Offline Reinforcement Learning},
year = {2020},
booktitle = neurips,
pages = {1179 - 1191}
}






@book{ abelson-et-al:scheme,
  author = "Harold Abelson and Gerald~Jay Sussman and Julie Sussman",
  title = "Structure and Interpretation of Computer Programs",
  publisher = "MIT Press",
  address = "Cambridge, Massachusetts",
  year = "1985"
}

@inproceedings{ bgf:Lixto,
  author = "Robert Baumgartner and Georg Gottlob and Sergio Flesca",
  title = "Visual Information Extraction with {Lixto}",
  booktitle = "Proceedings of the 27th International Conference on Very Large Databases",
  pages = "119--128",
  publisher = "Morgan Kaufmann",
  address = "Rome, Italy",
  month = "September",
  year = "2001"
}

@article{ brachman-schmolze:kl-one,
  author = "Ronald~J. Brachman and James~G. Schmolze",
  title = "An overview of the {KL-ONE} knowledge representation system",
  journal = "Cognitive Science",
  volume = "9",
  number = "2",
  pages = "171--216",
  month = "April--June",
  year = "1985"
}

@article{ gottlob:nonmon,
  author = "Georg Gottlob",
  title = "Complexity results for nonmonotonic logics",
  journal = "Journal of Logic and Computation",
  volume = "2",
  number = "3",
  pages = "397--425",
  month = "June",
  year = "1992"
}

@article{ gls:hypertrees,
  author = "Georg Gottlob and Nicola Leone and Francesco Scarcello",
  title = "Hypertree Decompositions and Tractable Queries",
  journal = "Journal of Computer and System Sciences",
  volume = "64",
  number = "3",
  pages = "579--627",
  month = "May",
  year = "2002"
}

@article{ levesque:functional-foundations,
  author = "Hector~J. Levesque",
  title = "Foundations of a functional approach to knowledge representation",
  journal = "Artificial Intelligence",
  volume = "23",
  number = "2",
  pages = "155--212",
  month = "July",
  year = "1984"
}

@inproceedings{ levesque:belief,
  author = "Hector~J. Levesque",
  title = "A logic of implicit and explicit belief",
  booktitle = "Proceedings of the Fourth National Conference on Artificial Intelligence",
  publisher = "American Association for Artificial Intelligence",
  pages = "198--202",
  address = "Austin, Texas",
  month = "August",
  year = "1984"
}

@article{ nebel:jair-2000,
  author = "Bernhard Nebel",
  title = "On the compilability and expressive power of propositional planning formalisms",
  journal = "Journal of Artificial Intelligence Research",
  volume = "12",
  pages = "271--315",
  year = "2000"
}

 @misc{proceedings,
  author = {{IJCAI Proceedings}},
  title = {{IJCAI} Camera Ready Submission},
  howpublished = {\url{https://proceedings.ijcai.org/info}},
}
