@article{bian2019unsupervised,
  title={Unsupervised scale-consistent depth and ego-motion learning from monocular video},
  author={Bian, Jiawang and Li, Zhichao and Wang, Naiyan and Zhan, Huangying and Shen, Chunhua and Cheng, Ming-Ming and Reid, Ian},
  journal={Advances in neural information processing systems},
  volume={32},
  year={2019}
}

@article{campos2021orb,
  title={Orb-slam3: An accurate open-source library for visual, visual--inertial, and multimap slam},
  author={Campos, Carlos and Elvira, Richard and Rodr{\'\i}guez, Juan J G{\'o}mez and Montiel, Jos{\'e} MM and Tard{\'o}s, Juan D},
  journal={IEEE Transactions on Robotics},
  volume={37},
  number={6},
  pages={1874--1890},
  year={2021},
  publisher={IEEE}
}

@inproceedings{engel2014lsd,
  title={LSD-SLAM: Large-scale direct monocular SLAM},
  author={Engel, Jakob and Sch{\"o}ps, Thomas and Cremers, Daniel},
  booktitle={European conference on computer vision},
  pages={834--849},
  year={2014},
  organization={Springer}
}

@article{engel2017direct,
  title={Direct sparse odometry},
  author={Engel, Jakob and Koltun, Vladlen and Cremers, Daniel},
  journal={IEEE transactions on pattern analysis and machine intelligence},
  volume={40},
  number={3},
  pages={611--625},
  year={2017},
  publisher={IEEE}
}

@inproceedings{forster2014svo,
  title={SVO: Fast semi-direct monocular visual odometry},
  author={Forster, Christian and Pizzoli, Matia and Scaramuzza, Davide},
  booktitle={2014 IEEE international conference on robotics and automation (ICRA)},
  pages={15--22},
  year={2014},
  organization={IEEE}
}

@inproceedings{konda2015learning,
  title={Learning visual odometry with a convolutional network},
  author={Konda, Kishore and Memisevic, Roland},
  booktitle={International Conference on Computer Vision Theory and Applications},
  volume={2},
  pages={486--490},
  year={2015},
  organization={SciTePress}
}

@inproceedings{li2018undeepvo,
  title={Undeepvo: Monocular visual odometry through unsupervised deep learning},
  author={Li, Ruihao and Wang, Sen and Long, Zhiqiang and Gu, Dongbing},
  booktitle={2018 IEEE international conference on robotics and automation (ICRA)},
  pages={7286--7291},
  year={2018},
  organization={IEEE}
}

@inproceedings{li2020self,
  title={Self-supervised deep visual odometry with online adaptation},
  author={Li, Shunkai and Wang, Xin and Cao, Yingdian and Xue, Fei and Yan, Zike and Zha, Hongbin},
  booktitle={Proceedings of the IEEE/CVF Conference on Computer Vision and Pattern Recognition},
  pages={6339--6348},
  year={2020}
}

@article{li2023occ,
  title={OCC-VO: Dense Mapping via 3D Occupancy-Based Visual Odometry for Autonomous Driving},
  author={Li, Heng and Duan, Yifan and Zhang, Xinran and Liu, Haiyi and Ji, Jianmin and Zhang, Yanyong},
  journal={arXiv preprint arXiv:2309.11011},
  year={2023}
}

@inproceedings{ross2022bev,
  title={Bev-slam: Building a globally-consistent world map using monocular vision},
  author={Ross, James and Mendez, Oscar and Saha, Avishkar and Johnson, Mark and Bowden, Richard},
  booktitle={2022 IEEE/RSJ International Conference on Intelligent Robots and Systems (IROS)},
  pages={3830--3836},
  year={2022},
  organization={IEEE}
}

@article{teed2021droid,
  title={Droid-slam: Deep visual slam for monocular, stereo, and rgb-d cameras},
  author={Teed, Zachary and Deng, Jia},
  journal={Advances in neural information processing systems},
  volume={34},
  pages={16558--16569},
  year={2021}
}

@article{teed2024deep,
  title={Deep patch visual odometry},
  author={Teed, Zachary and Lipson, Lahav and Deng, Jia},
  journal={Advances in Neural Information Processing Systems},
  volume={36},
  year={2024}
}

@inproceedings{wang2017deepvo,
  title={Deepvo: Towards end-to-end visual odometry with deep recurrent convolutional neural networks},
  author={Wang, Sen and Clark, Ronald and Wen, Hongkai and Trigoni, Niki},
  booktitle={2017 IEEE international conference on robotics and automation (ICRA)},
  pages={2043--2050},
  year={2017},
  organization={IEEE}
}

@inproceedings{wang2021tartanvo,
  title={Tartanvo: A generalizable learning-based vo},
  author={Wang, Wenshan and Hu, Yaoyu and Scherer, Sebastian},
  booktitle={Conference on Robot Learning},
  pages={1761--1772},
  year={2021},
  organization={PMLR}
}

@article{zhan2021df,
  title={DF-VO: What should be learnt for visual odometry?},
  author={Zhan, Huangying and Weerasekera, Chamara Saroj and Bian, Jia-Wang and Garg, Ravi and Reid, Ian},
  journal={arXiv preprint arXiv:2103.00933},
  year={2021}
}

@article{zhang2022bev,
  title={Bev-locator: An end-to-end visual semantic localization network using multi-view images},
  author={Zhang, Zhihuang and Xu, Meng and Zhou, Wenqiang and Peng, Tao and Li, Liang and Poslad, Stefan},
  journal={arXiv preprint arXiv:2211.14927},
  year={2022}
}

