里程计综述
@article{scaramuzza2011visual,
  title={Visual odometry [tutorial]},
  author={Scaramuzza, Davide and Fraundorfer, Friedrich},
  journal={IEEE robotics \& automation magazine},
  volume={18},
  number={4},
  pages={80--92},
  year={2011},
  publisher={IEEE}
}
@article{chen2020survey,
  title={A survey on deep learning for localization and mapping: Towards the age of spatial machine intelligence},
  author={Chen, Changhao and Wang, Bing and Lu, Chris Xiaoxuan and Trigoni, Niki and Markham, Andrew},
  journal={arXiv preprint arXiv:2006.12567},
  year={2020}
}
@article{herrera2023comparison,
  title={A comparison of monocular visual SLAM and visual odometry methods applied to 3D reconstruction},
  author={Herrera-Granda, Erick P and Torres-Cantero, Juan C and Rosales, Andr{\'e}s and Peluffo-Ord{\'o}{\~n}ez, Diego H},
  journal={Applied Sciences},
  volume={13},
  number={15},
  pages={8837},
  year={2023},
  publisher={MDPI}
}

传统的方法
@article{mur2017orb,
  title={Orb-slam2: An open-source slam system for monocular, stereo, and rgb-d cameras},
  author={Mur-Artal, Raul and Tard{\'o}s, Juan D},
  journal={IEEE transactions on robotics},
  volume={33},
  number={5},
  pages={1255--1262},
  year={2017},
  publisher={IEEE}
}
@article{campos2021orb,
  title={Orb-slam3: An accurate open-source library for visual, visual--inertial, and multimap slam},
  author={Campos, Carlos and Elvira, Richard and Rodr{\'\i}guez, Juan J G{\'o}mez and Montiel, Jos{\'e} MM and Tard{\'o}s, Juan D},
  journal={IEEE Transactions on Robotics},
  volume={37},
  number={6},
  pages={1874--1890},
  year={2021},
  publisher={IEEE}
}
@inproceedings{forster2014svo,
  title={SVO: Fast semi-direct monocular visual odometry},
  author={Forster, Christian and Pizzoli, Matia and Scaramuzza, Davide},
  booktitle={2014 IEEE international conference on robotics and automation (ICRA)},
  pages={15--22},
  year={2014},
  organization={IEEE}
}
@article{engel2017direct,
  title={Direct sparse odometry},
  author={Engel, Jakob and Koltun, Vladlen and Cremers, Daniel},
  journal={IEEE transactions on pattern analysis and machine intelligence},
  volume={40},
  number={3},
  pages={611--625},
  year={2017},
  publisher={IEEE}
}
@inproceedings{engel2014lsd,
  title={LSD-SLAM: Large-scale direct monocular SLAM},
  author={Engel, Jakob and Sch{\"o}ps, Thomas and Cremers, Daniel},
  booktitle={European conference on computer vision},
  pages={834--849},
  year={2014},
  organization={Springer}
}

基于学习的方法
@inproceedings{konda2015learning,
  title={Learning visual odometry with a convolutional network},
  author={Konda, Kishore and Memisevic, Roland},
  booktitle={International Conference on Computer Vision Theory and Applications},
  volume={2},
  pages={486--490},
  year={2015},
  organization={SciTePress}
}
@inproceedings{wang2017deepvo,
  title={Deepvo: Towards end-to-end visual odometry with deep recurrent convolutional neural networks},
  author={Wang, Sen and Clark, Ronald and Wen, Hongkai and Trigoni, Niki},
  booktitle={2017 IEEE international conference on robotics and automation (ICRA)},
  pages={2043--2050},
  year={2017},
  organization={IEEE}
}
@inproceedings{li2018undeepvo,
  title={Undeepvo: Monocular visual odometry through unsupervised deep learning},
  author={Li, Ruihao and Wang, Sen and Long, Zhiqiang and Gu, Dongbing},
  booktitle={2018 IEEE international conference on robotics and automation (ICRA)},
  pages={7286--7291},
  year={2018},
  organization={IEEE}
}
@article{bian2019unsupervised,
  title={Unsupervised scale-consistent depth and ego-motion learning from monocular video},
  author={Bian, Jiawang and Li, Zhichao and Wang, Naiyan and Zhan, Huangying and Shen, Chunhua and Cheng, Ming-Ming and Reid, Ian},
  journal={Advances in neural information processing systems},
  volume={32},
  year={2019}
}
@inproceedings{li2020self,
  title={Self-supervised deep visual odometry with online adaptation},
  author={Li, Shunkai and Wang, Xin and Cao, Yingdian and Xue, Fei and Yan, Zike and Zha, Hongbin},
  booktitle={Proceedings of the IEEE/CVF Conference on Computer Vision and Pattern Recognition},
  pages={6339--6348},
  year={2020}
}

混合的方法[分割]
@article{bescos2018dynaslam,
  title={DynaSLAM: Tracking, mapping, and inpainting in dynamic scenes},
  author={Bescos, Berta and F{\'a}cil, Jos{\'e} M and Civera, Javier and Neira, Jos{\'e}},
  journal={IEEE Robotics and Automation Letters},
  volume={3},
  number={4},
  pages={4076--4083},
  year={2018},
  publisher={IEEE}
}
@article{bescos2021dynaslam,
  title={DynaSLAM II: Tightly-coupled multi-object tracking and SLAM},
  author={Bescos, Berta and Campos, Carlos and Tard{\'o}s, Juan D and Neira, Jos{\'e}},
  journal={IEEE robotics and automation letters},
  volume={6},
  number={3},
  pages={5191--5198},
  year={2021},
  publisher={IEEE}
}

混合的方法[深度估计]
@article{zhao2021deep,
  title={Deep direct visual odometry},
  author={Zhao, Chaoqiang and Tang, Yang and Sun, Qiyu and Vasilakos, Athanasios V},
  journal={IEEE transactions on intelligent transportation systems},
  volume={23},
  number={7},
  pages={7733--7742},
  year={2021},
  publisher={IEEE}
}
@inproceedings{tateno2017cnn,
  title={Cnn-slam: Real-time dense monocular slam with learned depth prediction},
  author={Tateno, Keisuke and Tombari, Federico and Laina, Iro and Navab, Nassir},
  booktitle={Proceedings of the IEEE conference on computer vision and pattern recognition},
  pages={6243--6252},
  year={2017}
}
@inproceedings{loo2019cnn,
  title={CNN-SVO: Improving the mapping in semi-direct visual odometry using single-image depth prediction},
  author={Loo, Shing Yan and Amiri, Ali Jahani and Mashohor, Syamsiah and Tang, Sai Hong and Zhang, Hong},
  booktitle={2019 International conference on robotics and automation (ICRA)},
  pages={5218--5223},
  year={2019},
  organization={IEEE}
}

新方法
@inproceedings{wang2021tartanvo,
  title={Tartanvo: A generalizable learning-based vo},
  author={Wang, Wenshan and Hu, Yaoyu and Scherer, Sebastian},
  booktitle={Conference on Robot Learning},
  pages={1761--1772},
  year={2021},
  organization={PMLR}
}
@article{zhan2021df,
  title={DF-VO: What should be learnt for visual odometry?},
  author={Zhan, Huangying and Weerasekera, Chamara Saroj and Bian, Jia-Wang and Garg, Ravi and Reid, Ian},
  journal={arXiv preprint arXiv:2103.00933},
  year={2021}
}
@article{teed2021droid,
  title={Droid-slam: Deep visual slam for monocular, stereo, and rgb-d cameras},
  author={Teed, Zachary and Deng, Jia},
  journal={Advances in neural information processing systems},
  volume={34},
  pages={16558--16569},
  year={2021}
}
@article{teed2024deep,
  title={Deep patch visual odometry},
  author={Teed, Zachary and Lipson, Lahav and Deng, Jia},
  journal={Advances in Neural Information Processing Systems},
  volume={36},
  year={2024}
}

地面假设的方法
@inproceedings{tian2021accurate,
  title={Accurate and robust scale recovery for monocular visual odometry based on plane geometry},
  author={Tian, Rui and Zhang, Yunzhou and Zhu, Delong and Liang, Shiwen and Coleman, Sonya and Kerr, Dermot},
  booktitle={2021 IEEE International Conference on Robotics and Automation (ICRA)},
  pages={5296--5302},
  year={2021},
  organization={IEEE}
}
@article{wang2023eliminating,
  title={Eliminating scale ambiguity of unsupervised monocular visual odometry},
  author={Wang, Zhongyi and Shen, Mengjiao and Chen, Qijun},
  journal={Neural Processing Letters},
  volume={55},
  number={7},
  pages={9743--9764},
  year={2023},
  publisher={Springer}
}

数据集
NCLT
@article{carlevaris2016university,
  title={University of Michigan North Campus long-term vision and lidar dataset},
  author={Carlevaris-Bianco, Nicholas and Ushani, Arash K and Eustice, Ryan M},
  journal={The International Journal of Robotics Research},
  volume={35},
  number={9},
  pages={1023--1035},
  year={2016},
  publisher={Sage Publications Sage UK: London, England}
}
oxford-radar
@article{maddern20171,
  title={1 year, 1000 km: The oxford robotcar dataset},
  author={Maddern, Will and Pascoe, Geoffrey and Linegar, Chris and Newman, Paul},
  journal={The International Journal of Robotics Research},
  volume={36},
  number={1},
  pages={3--15},
  year={2017},
  publisher={SAGE Publications Sage UK: London, England}
}
kitti
@article{geiger2013vision,
  title={Vision meets robotics: The kitti dataset},
  author={Geiger, Andreas and Lenz, Philip and Stiller, Christoph and Urtasun, Raquel},
  journal={The International Journal of Robotics Research},
  volume={32},
  number={11},
  pages={1231--1237},
  year={2013},
  publisher={Sage Publications Sage UK: London, England}
}

BEV相关
@inproceedings{chen2024bevloc,
  title={BEVLoc: End-to-end 6-dof localization via cross-modality correlation under bird’s eye view},
  author={Chen, Nanjie and Wang, Jinping and Chen, Hao and Shen, Ying and Wang, Shuai and Tan, Xiaojun},
  booktitle={IEEE International Conference on Acoustics, Speech and Signal Processing (ICASSP)},
  year={2024}
}
@article{zhang2022bev,
  title={Bev-locator: An end-to-end visual semantic localization network using multi-view images},
  author={Zhang, Zhihuang and Xu, Meng and Zhou, Wenqiang and Peng, Tao and Li, Liang and Poslad, Stefan},
  journal={arXiv preprint arXiv:2211.14927},
  year={2022}
}
@inproceedings{ross2022bev,
  title={Bev-slam: Building a globally-consistent world map using monocular vision},
  author={Ross, James and Mendez, Oscar and Saha, Avishkar and Johnson, Mark and Bowden, Richard},
  booktitle={2022 IEEE/RSJ International Conference on Intelligent Robots and Systems (IROS)},
  pages={3830--3836},
  year={2022},
  organization={IEEE}
}
% BEV-SLAM中用到的
@article{evangelidis2008parametric,
  title={Parametric image alignment using enhanced correlation coefficient maximization},
  author={Evangelidis, Georgios D and Psarakis, Emmanouil Z},
  journal={IEEE transactions on pattern analysis and machine intelligence},
  volume={30},
  number={10},
  pages={1858--1865},
  year={2008},
  publisher={IEEE}
}
@article{li2023occ,
  title={OCC-VO: Dense Mapping via 3D Occupancy-Based Visual Odometry for Autonomous Driving},
  author={Li, Heng and Duan, Yifan and Zhang, Xinran and Liu, Haiyi and Ji, Jianmin and Zhang, Yanyong},
  journal={arXiv preprint arXiv:2309.11011},
  year={2023}
}


方法部分
自动驾驶应用地平假设
@article{unger2024multi,
  title={Multi-camera bird’s eye view perception for autonomous driving},
  author={Unger, David and Gosala, Nikhil and Kumar, Varun Ravi and Borse, Shubhankar and Valada, Abhinav and Yogamani, Senthil},
  journal={Computer Vision: Challenges, Trends, and Opportunities},
  pages={279},
  year={2024},
  publisher={CRC Press}
}
BEV视角转换
@inproceedings{philion2020lift,
  title={Lift, splat, shoot: Encoding images from arbitrary camera rigs by implicitly unprojecting to 3d},
  author={Philion, Jonah and Fidler, Sanja},
  booktitle={Computer Vision--ECCV 2020: 16th European Conference, Glasgow, UK, August 23--28, 2020, Proceedings, Part XIV 16},
  pages={194--210},
  year={2020},
  organization={Springer}
}
@inproceedings{li2023bevdepth,
  title={Bevdepth: Acquisition of reliable depth for multi-view 3d object detection},
  author={Li, Yinhao and Ge, Zheng and Yu, Guanyi and Yang, Jinrong and Wang, Zengran and Shi, Yukang and Sun, Jianjian and Li, Zeming},
  booktitle={Proceedings of the AAAI Conference on Artificial Intelligence},
  volume={37},
  number={2},
  pages={1477--1485},
  year={2023}
}
resnet
@inproceedings{he2016deep,
  title={Deep residual learning for image recognition},
  author={He, Kaiming and Zhang, Xiangyu and Ren, Shaoqing and Sun, Jian},
  booktitle={Proceedings of the IEEE conference on computer vision and pattern recognition},
  pages={770--778},
  year={2016}
}
fpn
@inproceedings{lin2017feature,
  title={Feature pyramid networks for object detection},
  author={Lin, Tsung-Yi and Doll{\'a}r, Piotr and Girshick, Ross and He, Kaiming and Hariharan, Bharath and Belongie, Serge},
  booktitle={Proceedings of the IEEE conference on computer vision and pattern recognition},
  pages={2117--2125},
  year={2017}
}
unet
@inproceedings{ronneberger2015u,
  title={U-net: Convolutional networks for biomedical image segmentation},
  author={Ronneberger, Olaf and Fischer, Philipp and Brox, Thomas},
  booktitle={Medical image computing and computer-assisted intervention--MICCAI 2015: 18th international conference, Munich, Germany, October 5-9, 2015, proceedings, part III 18},
  pages={234--241},
  year={2015},
  organization={Springer}
}
特征点法
@inproceedings{detone2018superpoint,
  title={Superpoint: Self-supervised interest point detection and description},
  author={DeTone, Daniel and Malisiewicz, Tomasz and Rabinovich, Andrew},
  booktitle={Proceedings of the IEEE conference on computer vision and pattern recognition workshops},
  pages={224--236},
  year={2018}
}
@inproceedings{barnes2020under,
  title={Under the radar: Learning to predict robust keypoints for odometry estimation and metric localisation in radar},
  author={Barnes, Dan and Posner, Ingmar},
  booktitle={2020 IEEE international conference on robotics and automation (ICRA)},
  pages={9484--9490},
  year={2020},
  organization={IEEE}
}

DF-VO模型替换
@article{bhat2023zoedepth,
  title={Zoedepth: Zero-shot transfer by combining relative and metric depth},
  author={Bhat, Shariq Farooq and Birkl, Reiner and Wofk, Diana and Wonka, Peter and M{\"u}ller, Matthias},
  journal={arXiv preprint arXiv:2302.12288},
  year={2023}
}
@article{xu2023unifying,
  title={Unifying flow, stereo and depth estimation},
  author={Xu, Haofei and Zhang, Jing and Cai, Jianfei and Rezatofighi, Hamid and Yu, Fisher and Tao, Dacheng and Geiger, Andreas},
  journal={IEEE Transactions on Pattern Analysis and Machine Intelligence},
  year={2023},
  publisher={IEEE}
}

SSIM
@article{wang2004image,
  title={Image quality assessment: from error visibility to structural similarity},
  author={Wang, Zhou and Bovik, Alan C and Sheikh, Hamid R and Simoncelli, Eero P},
  journal={IEEE transactions on image processing},
  volume={13},
  number={4},
  pages={600--612},
  year={2004},
  publisher={IEEE}
}

温度加权softmax
@article{hinton2015distilling,
  title={Distilling the Knowledge in a Neural Network},
  author={Hinton, Geoffrey},
  journal={arXiv preprint arXiv:1503.02531},
  year={2015}
}
加权svd
@article{chen2017weighted,
  title={Weighted-svd: Matrix factorization with weights on the latent factors},
  author={Chen, Hung-Hsuan},
  journal={arXiv preprint arXiv:1710.00482},
  year={2017}
}
Procrustes solver
@article{gower1975generalized,
  title={Generalized procrustes analysis},
  author={Gower, John C},
  journal={Psychometrika},
  volume={40},
  pages={33--51},
  year={1975},
  publisher={Springer}
}



@inproceedings{wei2024bev,
  title={BEV-ODOM: Reducing Scale Drift in Monocular Visual Odometry with BEV Representation},
  author={Wei, Yufei and Lu, Sha and Han, Fuzhang and Xiong, Rong and Wang, Yue},
  booktitle={2024 IEEE/RSJ International Conference on Intelligent Robots and Systems (IROS)},
  pages={349--356},
  year={2024},
  organization={IEEE}
}