% Use this file for citations not found in the ACL Anthology (contained in "anthology.bib").

@book{Aho:72,
    author  = {Alfred V. Aho and Jeffrey D. Ullman},
    title   = {The Theory of Parsing, Translation and Compiling},
    year    = "1972",
    volume  = "1",
    publisher = {Prentice-Hall},
    address = {Englewood Cliffs, NJ}
}

@book{APA:83,
    author  = {{American Psychological Association}},
    title   = {Publications Manual},
    year    = "1983",
    publisher = {American Psychological Association},
    address = {Washington, DC}
}

@article{Chandra:81,
	author = {Ashok K. Chandra and Dexter C. Kozen and Larry J. Stockmeyer},
	year = "1981",
	title = {Alternation},
	journal = {Journal of the Association for Computing Machinery},
	volume = "28",
	number = "1",
	pages = "114--133",
	doi = "10.1145/322234.322243",
}

@inproceedings{andrew2007scalable,
  title={Scalable training of {$L_1$}-regularized log-linear models},
  author={Andrew, Galen and Gao, Jianfeng},
  booktitle={Proceedings of the 24th International Conference on Machine Learning},
  pages={33--40},
  year={2007},
  url={https://dl.acm.org/doi/abs/10.1145/1273496.1273501}
}

@book{Gusfield:97,
    author  = {Dan Gusfield},
    title   = {Algorithms on Strings, Trees and Sequences},
    year    = "1997",
    publisher = {Cambridge University Press},
    address = {Cambridge, UK},
    url={https://www.cambridge.org/core/books/algorithms-on-strings-trees-and-sequences/F0B095049C7E6EF5356F0A26686C20D3}
}

@article{rasooli-tetrault-2015,
    author    = {Mohammad Sadegh Rasooli and Joel R. Tetreault},
    title     = {Yara Parser: {A} Fast and Accurate Dependency Parser},
    journal   = {Computing Research Repository},
    volume    = {arXiv:1503.06733},
    year      = {2015},
    url       = {http://arxiv.org/abs/1503.06733},
    note    = {version 2}
}

@article{Ando2005,
	Acmid = {1194905},
	Author = {Ando, Rie Kubota and Zhang, Tong},
	Issn = {1532-4435},
	Issue_Date = {12/1/2005},
	Journal = {Journal of Machine Learning Research},
	Month = dec,
	Numpages = {37},
	Pages = {1817--1853},
	Publisher = {JMLR.org},
	Title = {A Framework for Learning Predictive Structures from Multiple Tasks and Unlabeled Data},
	Volume = {6},
	Year = {2005},
	url={https://www.jmlr.org/papers/volume6/ando05a/ando05a.pdf}
}

@article{ct1965,
  title={An algorithm for the machine calculation of complex {F}ourier series},
  author={Cooley, James W. and Tukey, John W.},
  journal={Mathematics of Computation},
  volume={19},
  number={90},
  pages={297--301},
  year={1965},
  url={https://www.ams.org/journals/mcom/1965-19-090/S0025-5718-1965-0178586-1/S0025-5718-1965-0178586-1.pdf}
}

@inproceedings{attention2017,
author = {Vaswani, Ashish and Shazeer, Noam and Parmar, Niki and Uszkoreit, Jakob and Jones, Llion and Gomez, Aidan N. and Kaiser, \L{}ukasz and Polosukhin, Illia},
title = {Attention is all you need},
year = {2017},
isbn = {9781510860964},
publisher = {Curran Associates Inc.},
address = {Red Hook, NY, USA},
booktitle = {Proceedings of the 31st International Conference on Neural Information Processing Systems},
pages = {6000â€“6010},
numpages = {11},
location = {Long Beach, California, USA},
series = {NIPS'17}
}

@inproceedings{language2020,
author = {Brown, Tom B. and Mann, Benjamin and Ryder, Nick and Subbiah, Melanie and Kaplan, Jared and Dhariwal, Prafulla and Neelakantan, Arvind and Shyam, Pranav and Sastry, Girish and Askell, Amanda and Agarwal, Sandhini and Herbert-Voss, Ariel and Krueger, Gretchen and Henighan, Tom and Child, Rewon and Ramesh, Aditya and Ziegler, Daniel M. and Wu, Jeffrey and Winter, Clemens and Hesse, Christopher and Chen, Mark and Sigler, Eric and Litwin, Mateusz and Gray, Scott and Chess, Benjamin and Clark, Jack and Berner, Christopher and McCandlish, Sam and Radford, Alec and Sutskever, Ilya and Amodei, Dario},
title = {Language models are few-shot learners},
year = {2020},
isbn = {9781713829546},
publisher = {Curran Associates Inc.},
address = {Red Hook, NY, USA},
booktitle = {Proceedings of the 34th International Conference on Neural Information Processing Systems},
articleno = {159},
numpages = {25},
location = {Vancouver, BC, Canada},
series = {NIPS '20}
}

@article{google2016,
author = {Wu, Yonghui and Schuster, Mike and Chen, Zhifeng and Le, Quoc and Norouzi, Mohammad and Macherey, Wolfgang and Krikun, Maxim and Cao, Yuan and Gao, Qin and Macherey, Klaus and Klingner, Jeff and Shah, Apurva and Johnson, Melvin and Liu, Xiaobing and Kaiser, ukasz and Gouws, Stephan and Kato, Yoshikiyo and Kudo, Taku and Kazawa, Hideto and Dean, Jeffrey},
year = {2016},
month = {09},
pages = {},
title = {Google's Neural Machine Translation System: Bridging the Gap between Human and Machine Translation},
journal={ArXiv},
doi = {10.48550/arXiv.1609.08144}
}

@inproceedings{subword2018,
    title = "Subword Regularization: Improving Neural Network Translation Models with Multiple Subword Candidates",
    author = "Kudo, Taku",
    editor = "Gurevych, Iryna  and
      Miyao, Yusuke",
    booktitle = "Proceedings of the 56th Annual Meeting of the Association for Computational Linguistics (Volume 1: Long Papers)",
    month = jul,
    year = "2018",
    address = "Melbourne, Australia",
    publisher = "Association for Computational Linguistics",
    url = "https://aclanthology.org/P18-1007/",
    doi = "10.18653/v1/P18-1007",
    pages = "66--75",
}

@inproceedings{neural2016,
    title = "Neural Machine Translation of Rare Words with Subword Units",
    author = "Sennrich, Rico  and
      Haddow, Barry  and
      Birch, Alexandra",
    editor = "Erk, Katrin  and
      Smith, Noah A.",
    booktitle = "Proceedings of the 54th Annual Meeting of the Association for Computational Linguistics (Volume 1: Long Papers)",
    month = aug,
    year = "2016",
    address = "Berlin, Germany",
    publisher = "Association for Computational Linguistics",
    url = "https://aclanthology.org/P16-1162/",
    doi = "10.18653/v1/P16-1162",
    pages = "1715--1725"
}

@article{lmentry2022,
  title={LMentry: A Language Model Benchmark of Elementary Language Tasks},
  author={Avia Efrat and Or Honovich and Omer Levy},
  journal={ArXiv},
  year={2022},
  volume={abs/2211.02069},
  url={https://api.semanticscholar.org/CorpusID:253370569}
}

@inproceedings{cute2024,
    title = "{CUTE}: Measuring {LLM}s' Understanding of Their Tokens",
    author = "Edman, Lukas  and
      Schmid, Helmut  and
      Fraser, Alexander",
    editor = "Al-Onaizan, Yaser  and
      Bansal, Mohit  and
      Chen, Yun-Nung",
    booktitle = "Proceedings of the 2024 Conference on Empirical Methods in Natural Language Processing",
    month = nov,
    year = "2024",
    address = "Miami, Florida, USA",
    publisher = "Association for Computational Linguistics",
    url = "https://aclanthology.org/2024.emnlp-main.177/",
    doi = "10.18653/v1/2024.emnlp-main.177",
    pages = "3017--3026",
}

@inproceedings{sentencepiece2018,
author = {Kudo, Taku and Richardson, John},
year = {2018},
month = {01},
pages = {66-71},
title = {SentencePiece: A simple and language independent subword tokenizer and detokenizer for Neural Text Processing},
booktitle = "Proceedings of the 2018 Conference on Empirical Methods in Natural Language Processing: System Demonstrations",
doi = {10.18653/v1/D18-2012}
}

@article{
emergent2022,
title={Emergent Abilities of Large Language Models},
author={Jason Wei and Yi Tay and Rishi Bommasani and Colin Raffel and Barret Zoph and Sebastian Borgeaud and Dani Yogatama and Maarten Bosma and Denny Zhou and Donald Metzler and Ed H. Chi and Tatsunori Hashimoto and Oriol Vinyals and Percy Liang and Jeff Dean and William Fedus},
journal={Transactions on Machine Learning Research},
issn={2835-8856},
year={2022},
url={https://openreview.net/forum?id=yzkSU5zdwD},
note={Survey Certification}
}

@inproceedings{
finetuned2022,
title={Finetuned Language Models are Zero-Shot Learners},
author={Jason Wei and Maarten Bosma and Vincent Zhao and Kelvin Guu and Adams Wei Yu and Brian Lester and Nan Du and Andrew M. Dai and Quoc V Le},
booktitle={International Conference on Learning Representations},
year={2022},
url={https://openreview.net/forum?id=gEZrGCozdqR}
}

@article{codex2021,
  title={Evaluating Large Language Models Trained on Code},
  author={Mark Chen and Jerry Tworek and Heewoo Jun and Qiming Yuan and Henrique Pond{\'e} and Jared Kaplan and Harrison Edwards and Yura Burda and Nicholas Joseph and Greg Brockman and Alex Ray and Raul Puri and Gretchen Krueger and Michael Petrov and Heidy Khlaaf and Girish Sastry and Pamela Mishkin and Brooke Chan and Scott Gray and Nick Ryder and Mikhail Pavlov and Alethea Power and Lukasz Kaiser and Mohammad Bavarian and Clemens Winter and Philippe Tillet and Felipe Petroski Such and David W. Cummings and Matthias Plappert and Fotios Chantzis and Elizabeth Barnes and Ariel Herbert-Voss and William H. Guss and Alex Nichol and Igor Babuschkin and Suchir Balaji and Shantanu Jain and Andrew Carr and Jan Leike and Joshua Achiam and Vedant Misra and Evan Morikawa and Alec Radford and Matthew M. Knight and Miles Brundage and Mira Murati and Katie Mayer and Peter Welinder and Bob McGrew and Dario Amodei and Sam McCandlish and Ilya Sutskever and Wojciech Zaremba},
  journal={ArXiv},
  year={2021},
  volume={abs/2107.03374},
  url={https://api.semanticscholar.org/CorpusID:235755472}
}

@inproceedings{gector2020,
    title = "{GECT}o{R} {--} Grammatical Error Correction: Tag, Not Rewrite",
    author = "Omelianchuk, Kostiantyn  and
      Atrasevych, Vitaliy  and
      Chernodub, Artem  and
      Skurzhanskyi, Oleksandr",
    editor = "Burstein, Jill  and
      Kochmar, Ekaterina  and
      Leacock, Claudia  and
      Madnani, Nitin  and
      Pil{\'a}n, Ildik{\'o}  and
      Yannakoudakis, Helen  and
      Zesch, Torsten",
    booktitle = "Proceedings of the Fifteenth Workshop on Innovative Use of NLP for Building Educational Applications",
    month = jul,
    year = "2020",
    address = "Seattle, WA, USA {\textrightarrow} Online",
    publisher = "Association for Computational Linguistics",
    url = "https://aclanthology.org/2020.bea-1.16/",
    doi = "10.18653/v1/2020.bea-1.16",
    pages = "163--170"
}

@article{lexicon2024,
author = {Kaplan, Guy and Oren, Matanel and Reif, Yuval and Schwartz, Roy},
year = {2024},
month = {10},
title = {From Tokens to Words: on the inner lexicon of LLMs},
journal={ArXiv},
doi = "10.48550/arXiv.2410.05864"
}

@inproceedings{
cot2022,
title={Chain of Thought Prompting Elicits Reasoning in Large Language Models},
author={Jason Wei and Xuezhi Wang and Dale Schuurmans and Maarten Bosma and brian ichter and Fei Xia and Ed H. Chi and Quoc V Le and Denny Zhou},
booktitle={Advances in Neural Information Processing Systems},
editor={Alice H. Oh and Alekh Agarwal and Danielle Belgrave and Kyunghyun Cho},
year={2022},
url={https://openreview.net/forum?id=_VjQlMeSB_J}
}

@article{llama3,
author = {Dubey, Abhimanyu and Jauhri, Abhinav and Pandey, Abhinav and Kadian, Abhishek and Al-Dahle, Ahmad and Letman, Aiesha and Mathur, Akhil and Schelten, Alan and Yang, Amy and Fan, Angela and Goyal, Anirudh and Hartshorn, Anthony and Yang, Aobo and Mitra, Archi and Sravankumar, Archie and Korenev, Artem and Hinsvark, Arthur and Rao, Arun and Zhang, Aston and Zhao, Zhiwei},
year = {2024},
month = {07},
pages = {},
title = {The Llama 3 Herd of Models},
journal={ArXiv},
doi = {10.48550/arXiv.2407.21783}
}

@article{gemma2,
  title={Gemma 2: Improving Open Language Models at a Practical Size},
  author={Gemma Team Morgane Riviere and Shreya Pathak and Pier Giuseppe Sessa and Cassidy Hardin and Surya Bhupatiraju and L'eonard Hussenot and Thomas Mesnard and Bobak Shahriari and Alexandre Ram'e and Johan Ferret and Peter Liu and Pouya Dehghani Tafti and Abe Friesen and Michelle Casbon and Sabela Ramos and Ravin Kumar and Charline Le Lan and Sammy Jerome and Anton Tsitsulin and Nino Vieillard and Piotr StaÅ„czyk and Sertan Girgin and Nikola Momchev and Matt Hoffman and Shantanu Thakoor and Jean-Bastien Grill and Behnam Neyshabur and Alanna Walton and Aliaksei Severyn and Alicia Parrish and Aliya Ahmad and Allen Hutchison and Alvin Abdagic and Amanda Carl and Amy Shen and Andy Brock and Andy Coenen and Anthony Laforge and Antonia Paterson and Ben Bastian and Bilal Piot and Boxi Wu and Brandon Royal and Charlie Chen and Chintu Kumar and Chris Perry and Christoper A. Welty and Christopher A. Choquette-Choo and Danila Sinopalnikov and David Weinberger and Dimple Vijaykumar and Dominika Rogozi'nska and D. Herbison and Elisa Bandy and Emma Wang and Eric Noland and Erica Moreira and Evan Senter and Evgenii Eltyshev and Francesco Visin and Gabriel Rasskin and Gary Wei and Glenn Cameron and Gus Martins and Hadi Hashemi and Hanna Klimczak-Pluci'nska and Harleen Batra and Harsh Dhand and Ivan Nardini and Jacinda Mein and Jack Zhou and James Svensson and Jeff Stanway and Jetha Chan and Jin Zhou and Joana Carrasqueira and Joana Iljazi and Jocelyn Becker and Joe Fernandez and Joost R. van Amersfoort and Josh Gordon and Josh Lipschultz and Joshua Newlan and Junsong Ji and Kareem Mohamed and Kartikeya Badola and Kat Black and Katie Millican and Keelin McDonell and Kelvin Nguyen and Kiranbir Sodhia and Kish Greene and Lars Lowe Sjoesund and Lauren Usui and L. Sifre and Lena Heuermann and Leti-cia Lago and Lilly McNealus and Livio Baldini Soares and Logan Kilpatrick and Lucas Dixon and Luciano Martins and Machel Reid and Manvinder Singh and Mark Iverson and Martin Gorner and Mat Velloso and Mateo Wirth and Matt Davidow and Matt Miller and Matthew Rahtz and Matthew Watson and Meg Risdal and Mehran Kazemi and Michael Moynihan and Ming Zhang and Minsuk Kahng and Minwoo Park and Mofi Rahman and Mohit Khatwani and Natalie Dao and Nenshad Bardoliwalla and Nesh Devanathan and Neta Dumai and Nilay Chauhan and Oscar Wahltinez and Pankil Botarda and Parker Barnes and Paul Barham and Paul Michel and Peng-chong Jin and Petko Georgiev and Phil Culliton and Pradeep Kuppala and Ramona Comanescu and Ramona Merhej and Reena Jana and Reza Ardeshir Rokni and Rishabh Agarwal and Ryan Mullins and Samaneh Saadat and Sara Mc Carthy and Sarah Perrin and S'ebastien M. R. Arnold and Se-bastian Krause and Shengyang Dai and Shruti Garg and Shruti Sheth and Sue Ronstrom and Susan Chan and Timothy Jordan and Ting Yu and Tom Eccles and Tom Hennigan and Tom{\'a}s Kocisk{\'y} and Tulsee Doshi and Vihan Jain and Vikas Yadav and Vilobh Meshram and Vishal Dharmadhikari and Warren Barkley and Wei Wei and Wenming Ye and Woohyun Han and Woosuk Kwon and Xiang Xu and Zhe Shen and Zhitao Gong and Zichuan Wei and others},
  year={2024},
  volume={abs/2408.00118},
  journal={ArXiv},
  url={https://api.semanticscholar.org/CorpusID:270843326}
}

@inproceedings{seq2014,
author = {Sutskever, Ilya and Vinyals, Oriol and Le, Quoc V.},
title = {Sequence to sequence learning with neural networks},
year = {2014},
publisher = {MIT Press},
address = {Cambridge, MA, USA},
booktitle = {Proceedings of the 28th International Conference on Neural Information Processing Systems - Volume 2},
pages = {3104â€“3112},
numpages = {9},
location = {Montreal, Canada},
series = {NIPS'14}
}

@article{math2024,
  title={Large Language Models for Mathematical Reasoning: Progresses and Challenges},
  author={Janice Ahn and Rishu Verma and Renze Lou and Di Liu and Rui Zhang and Wenpeng Yin},
  journal={ArXiv},
  year={2024},
  volume={abs/2402.00157},
  url={https://api.semanticscholar.org/CorpusID:267365459}
}

@article{programming2023,
  title={Exploring the Robustness of Large Language Models for Solving Programming Problems},
  author={Atsushi Shirafuji and Yutaka Watanobe and Takumi Ito and Makoto Morishita and Yuki Nakamura and Yusuke Oda and Jun Suzuki},
  journal={ArXiv},
  year={2023},
  volume={abs/2306.14583},
  url={https://api.semanticscholar.org/CorpusID:259252094}
}

@inproceedings{logicbench2024,
    title = "{L}ogic{B}ench: Towards Systematic Evaluation of Logical Reasoning Ability of Large Language Models",
    author = "Parmar, Mihir  and
      Patel, Nisarg  and
      Varshney, Neeraj  and
      Nakamura, Mutsumi  and
      Luo, Man  and
      Mashetty, Santosh  and
      Mitra, Arindam  and
      Baral, Chitta",
    editor = "Ku, Lun-Wei  and
      Martins, Andre  and
      Srikumar, Vivek",
    booktitle = "Proceedings of the 62nd Annual Meeting of the Association for Computational Linguistics (Volume 1: Long Papers)",
    month = aug,
    year = "2024",
    address = "Bangkok, Thailand",
    publisher = "Association for Computational Linguistics",
    url = "https://aclanthology.org/2024.acl-long.739/",
    doi = "10.18653/v1/2024.acl-long.739",
    pages = "13679--13707"
}

@article{hallucination2024,
author = {Huang, Lei and Yu, Weijiang and Ma, Weitao and Zhong, Weihong and Feng, Zhangyin and Wang, Haotian and Chen, Qianglong and Peng, Weihua and Feng, Xiaocheng and Qin, Bing and Liu, Ting},
title = {A Survey on Hallucination in Large Language Models: Principles, Taxonomy, Challenges, and Open Questions},
year = {2024},
publisher = {Association for Computing Machinery},
address = {New York, NY, USA},
issn = {1046-8188},
url = {https://doi.org/10.1145/3703155},
doi = {10.1145/3703155},
journal = {ACM Trans. Inf. Syst.},
month = nov,
keywords = {Large Language Models, Hallucination, Factuality, Faithfulness}
}

@article{tokenization2024,
  title={Tokenization Falling Short: The Curse of Tokenization},
  author={Yekun Chai and Yewei Fang and Qiwei Peng and Xuhong Li},
  journal={ArXiv},
  year={2024},
  volume={abs/2406.11687},
  url={https://api.semanticscholar.org/CorpusID:270560764}
}

@article{
program2023,
title={Program of Thoughts Prompting: Disentangling Computation from Reasoning for Numerical Reasoning Tasks},
author={Wenhu Chen and Xueguang Ma and Xinyi Wang and William W. Cohen},
journal={Transactions on Machine Learning Research},
issn={2835-8856},
year={2023},
url={https://openreview.net/forum?id=YfZ4ZPt8zd},
note={}
}

@article{application2023,
    title={On the application of large language models for language teaching and assessment technology},
    author={Andrew Caines and Luca Benedetto and Shiva Taslimipoor and Christopher Davis and Yuan Gao and Oeistein Andersen and Zheng Yuan and Mark Elliott and Russell Moore and Christopher Bryant and Marek Rei and Helen Yannakoudakis and Andrew Mullooly and Diane Nicholls and Paula Buttery},
    journal={ArXiv},
    year={2023},
    url={https://arxiv.org/abs/2307.08393}
}

@inproceedings{jellyfish2024,
    title = "Jellyfish: Instruction-Tuning Local Large Language Models for Data Preprocessing",
    author = "Zhang, Haochen  and
      Dong, Yuyang  and
      Xiao, Chuan  and
      Oyamada, Masafumi",
    editor = "Al-Onaizan, Yaser  and
      Bansal, Mohit  and
      Chen, Yun-Nung",
    booktitle = "Proceedings of the 2024 Conference on Empirical Methods in Natural Language Processing",
    month = nov,
    year = "2024",
    address = "Miami, Florida, USA",
    publisher = "Association for Computational Linguistics",
    url = "https://aclanthology.org/2024.emnlp-main.497/",
    doi = "10.18653/v1/2024.emnlp-main.497",
    pages = "8754--8782"
}