@inproceedings{attention2017,
author = {Vaswani, Ashish and Shazeer, Noam and Parmar, Niki and Uszkoreit, Jakob and Jones, Llion and Gomez, Aidan N. and Kaiser, \L{}ukasz and Polosukhin, Illia},
title = {Attention is all you need},
year = {2017},
isbn = {9781510860964},
publisher = {Curran Associates Inc.},
address = {Red Hook, NY, USA},
booktitle = {Proceedings of the 31st International Conference on Neural Information Processing Systems},
pages = {6000–6010},
numpages = {11},
location = {Long Beach, California, USA},
series = {NIPS'17}
}

@inproceedings{cute2024,
    title = "{CUTE}: Measuring {LLM}s' Understanding of Their Tokens",
    author = "Edman, Lukas  and
      Schmid, Helmut  and
      Fraser, Alexander",
    editor = "Al-Onaizan, Yaser  and
      Bansal, Mohit  and
      Chen, Yun-Nung",
    booktitle = "Proceedings of the 2024 Conference on Empirical Methods in Natural Language Processing",
    month = nov,
    year = "2024",
    address = "Miami, Florida, USA",
    publisher = "Association for Computational Linguistics",
    url = "https://aclanthology.org/2024.emnlp-main.177/",
    doi = "10.18653/v1/2024.emnlp-main.177",
    pages = "3017--3026",
}

@article{google2016,
author = {Wu, Yonghui and Schuster, Mike and Chen, Zhifeng and Le, Quoc and Norouzi, Mohammad and Macherey, Wolfgang and Krikun, Maxim and Cao, Yuan and Gao, Qin and Macherey, Klaus and Klingner, Jeff and Shah, Apurva and Johnson, Melvin and Liu, Xiaobing and Kaiser, ukasz and Gouws, Stephan and Kato, Yoshikiyo and Kudo, Taku and Kazawa, Hideto and Dean, Jeffrey},
year = {2016},
month = {09},
pages = {},
title = {Google's Neural Machine Translation System: Bridging the Gap between Human and Machine Translation},
journal={ArXiv},
doi = {10.48550/arXiv.1609.08144}
}

@article{hallucination2024,
author = {Huang, Lei and Yu, Weijiang and Ma, Weitao and Zhong, Weihong and Feng, Zhangyin and Wang, Haotian and Chen, Qianglong and Peng, Weihua and Feng, Xiaocheng and Qin, Bing and Liu, Ting},
title = {A Survey on Hallucination in Large Language Models: Principles, Taxonomy, Challenges, and Open Questions},
year = {2024},
publisher = {Association for Computing Machinery},
address = {New York, NY, USA},
issn = {1046-8188},
url = {https://doi.org/10.1145/3703155},
doi = {10.1145/3703155},
journal = {ACM Trans. Inf. Syst.},
month = nov,
keywords = {Large Language Models, Hallucination, Factuality, Faithfulness}
}

@inproceedings{language2020,
author = {Brown, Tom B. and Mann, Benjamin and Ryder, Nick and Subbiah, Melanie and Kaplan, Jared and Dhariwal, Prafulla and Neelakantan, Arvind and Shyam, Pranav and Sastry, Girish and Askell, Amanda and Agarwal, Sandhini and Herbert-Voss, Ariel and Krueger, Gretchen and Henighan, Tom and Child, Rewon and Ramesh, Aditya and Ziegler, Daniel M. and Wu, Jeffrey and Winter, Clemens and Hesse, Christopher and Chen, Mark and Sigler, Eric and Litwin, Mateusz and Gray, Scott and Chess, Benjamin and Clark, Jack and Berner, Christopher and McCandlish, Sam and Radford, Alec and Sutskever, Ilya and Amodei, Dario},
title = {Language models are few-shot learners},
year = {2020},
isbn = {9781713829546},
publisher = {Curran Associates Inc.},
address = {Red Hook, NY, USA},
booktitle = {Proceedings of the 34th International Conference on Neural Information Processing Systems},
articleno = {159},
numpages = {25},
location = {Vancouver, BC, Canada},
series = {NIPS '20}
}

@article{lmentry2022,
  title={LMentry: A Language Model Benchmark of Elementary Language Tasks},
  author={Avia Efrat and Or Honovich and Omer Levy},
  journal={ArXiv},
  year={2022},
  volume={abs/2211.02069},
  url={https://api.semanticscholar.org/CorpusID:253370569}
}

@inproceedings{logicbench2024,
    title = "{L}ogic{B}ench: Towards Systematic Evaluation of Logical Reasoning Ability of Large Language Models",
    author = "Parmar, Mihir  and
      Patel, Nisarg  and
      Varshney, Neeraj  and
      Nakamura, Mutsumi  and
      Luo, Man  and
      Mashetty, Santosh  and
      Mitra, Arindam  and
      Baral, Chitta",
    editor = "Ku, Lun-Wei  and
      Martins, Andre  and
      Srikumar, Vivek",
    booktitle = "Proceedings of the 62nd Annual Meeting of the Association for Computational Linguistics (Volume 1: Long Papers)",
    month = aug,
    year = "2024",
    address = "Bangkok, Thailand",
    publisher = "Association for Computational Linguistics",
    url = "https://aclanthology.org/2024.acl-long.739/",
    doi = "10.18653/v1/2024.acl-long.739",
    pages = "13679--13707"
}

@article{math2024,
  title={Large Language Models for Mathematical Reasoning: Progresses and Challenges},
  author={Janice Ahn and Rishu Verma and Renze Lou and Di Liu and Rui Zhang and Wenpeng Yin},
  journal={ArXiv},
  year={2024},
  volume={abs/2402.00157},
  url={https://api.semanticscholar.org/CorpusID:267365459}
}

@inproceedings{neural2016,
    title = "Neural Machine Translation of Rare Words with Subword Units",
    author = "Sennrich, Rico  and
      Haddow, Barry  and
      Birch, Alexandra",
    editor = "Erk, Katrin  and
      Smith, Noah A.",
    booktitle = "Proceedings of the 54th Annual Meeting of the Association for Computational Linguistics (Volume 1: Long Papers)",
    month = aug,
    year = "2016",
    address = "Berlin, Germany",
    publisher = "Association for Computational Linguistics",
    url = "https://aclanthology.org/P16-1162/",
    doi = "10.18653/v1/P16-1162",
    pages = "1715--1725"
}

@article{programming2023,
  title={Exploring the Robustness of Large Language Models for Solving Programming Problems},
  author={Atsushi Shirafuji and Yutaka Watanobe and Takumi Ito and Makoto Morishita and Yuki Nakamura and Yusuke Oda and Jun Suzuki},
  journal={ArXiv},
  year={2023},
  volume={abs/2306.14583},
  url={https://api.semanticscholar.org/CorpusID:259252094}
}

@inproceedings{seq2014,
author = {Sutskever, Ilya and Vinyals, Oriol and Le, Quoc V.},
title = {Sequence to sequence learning with neural networks},
year = {2014},
publisher = {MIT Press},
address = {Cambridge, MA, USA},
booktitle = {Proceedings of the 28th International Conference on Neural Information Processing Systems - Volume 2},
pages = {3104–3112},
numpages = {9},
location = {Montreal, Canada},
series = {NIPS'14}
}

@inproceedings{subword2018,
    title = "Subword Regularization: Improving Neural Network Translation Models with Multiple Subword Candidates",
    author = "Kudo, Taku",
    editor = "Gurevych, Iryna  and
      Miyao, Yusuke",
    booktitle = "Proceedings of the 56th Annual Meeting of the Association for Computational Linguistics (Volume 1: Long Papers)",
    month = jul,
    year = "2018",
    address = "Melbourne, Australia",
    publisher = "Association for Computational Linguistics",
    url = "https://aclanthology.org/P18-1007/",
    doi = "10.18653/v1/P18-1007",
    pages = "66--75",
}

@article{tokenization2024,
  title={Tokenization Falling Short: The Curse of Tokenization},
  author={Yekun Chai and Yewei Fang and Qiwei Peng and Xuhong Li},
  journal={ArXiv},
  year={2024},
  volume={abs/2406.11687},
  url={https://api.semanticscholar.org/CorpusID:270560764}
}

