@article{al2018convolutional,
  title={Convolutional neural networks for electrocardiogram classification},
  author={Al Rahhal, Mohamad M and Bazi, Yakoub and Al Zuair, Mansour and Othman, Esam and BenJdira, Bilel},
  journal={Journal of Medical and Biological Engineering},
  volume={38},
  number={6},
  pages={1014--1025},
  year={2018},
  publisher={Springer}
}

@inproceedings{amft2010wearable,
  title={A wearable earpad sensor for chewing monitoring},
  author={Amft, Oliver},
  booktitle={Sensors},
  pages={222--227},
  year={2010},
  organization={IEEE}
}

@inproceedings{andreotti2017comparing,
  title={Comparing feature-based classifiers and convolutional neural networks to detect arrhythmia from short segments of ECG},
  author={Andreotti, Fernando and Carr, Oliver and Pimentel, Marco AF and Mahdi, Adam and De Vos, Maarten},
  booktitle={2017 Computing in Cardiology (CinC)},
  pages={1--4},
  year={2017},
  organization={IEEE}
}

@article{basiotis1987number,
  title={Number of days of food intake records required to estimate individual and group nutrient intakes with defined confidence},
  author={Basiotis, P Peter and Welsh, Susan O and Cronin, Frances J and Kelsay, June L and Mertz, Walter},
  journal={The Journal of Nutrition},
  volume={117},
  number={9},
  pages={1638--1641},
  year={1987},
  publisher={Oxford University Press}
}

@article{bi2015autodietary,
  title={Autodietary: A wearable acoustic sensor system for food intake recognition in daily life},
  author={Bi, Yin and Lv, Mingsong and Song, Chen and Xu, Wenyao and Guan, Nan and Yi, Wang},
  journal={IEEE Sensors Journal},
  volume={16},
  number={3},
  pages={806--816},
  year={2015},
  publisher={IEEE}
}

@inproceedings{chattopadhay2018grad,
  title={Grad-cam++: Generalized gradient-based visual explanations for deep convolutional networks},
  author={Chattopadhay, Aditya and Sarkar, Anirban and Howlader, Prantik and Balasubramanian, Vineeth N},
  booktitle={2018 IEEE Winter Conference on Applications of Computer Vision (WACV)},
  pages={839--847},
  year={2018},
  organization={IEEE}
}

@article{dong2012new,
  title={A new method for measuring meal intake in humans via automated wrist motion tracking},
  author={Dong, Yujie and Hoover, Adam and Scisco, Jenna and Muth, Eric},
  journal={Applied Psychophysiology and Biofeedback},
  volume={37},
  number={3},
  pages={205--215},
  year={2012},
  publisher={Springer}
}

@article{fan2018multiscaled,
  title={Multiscaled fusion of deep convolutional neural networks for screening atrial fibrillation from single lead short ECG recordings},
  author={Fan, Xiaomao and Yao, Qihang and Cai, Yunpeng and Miao, Fen and Sun, Fangmin and Li, Ye},
  journal={IEEE Journal of Biomedical and Health Informatics},
  volume={22},
  number={6},
  pages={1744--1753},
  year={2018},
  publisher={IEEE}
}

@inproceedings{farooq2013comparative,
  title={A comparative study of food intake detection using artificial neural network and support vector machine},
  author={Farooq, Muhammad and Fontana, Juan M and Boateng, Akua F and McCrory, Megan A and Sazonov, Edward},
  booktitle={2013 12th International Conference on Machine Learning and Applications},
  volume={1},
  pages={153--153},
  year={2013},
  organization={IEEE}
}

@article{farooq2014novel,
  title={A novel approach for food intake detection using electroglottography},
  author={Farooq, Muhammad and Fontana, Juan M and Sazonov, Edward},
  journal={Physiological Measurement},
  volume={35},
  number={5},
  pages={739},
  year={2014},
  publisher={IOP Publishing}
}

@inproceedings{farooq2015comparative,
  title={Comparative testing of piezoelectric and printed strain sensors in characterization of chewing},
  author={Farooq, Muhammad and Sazonov, Edward},
  booktitle={2015 37th Annual International Conference of the IEEE Engineering in Medicine and Biology Society (EMBC)},
  pages={7538--7541},
  year={2015},
  organization={IEEE}
}

@inproceedings{fontana2013estimation,
  title={Estimation of feature importance for food intake detection based on Random Forests classification},
  author={Fontana, Juan M and Farooq, Muhammad and Sazonov, Edward},
  booktitle={2013 35th Annual International Conference of the IEEE Engineering in Medicine and Biology Society (EMBC)},
  pages={6756--6759},
  year={2013},
  organization={IEEE}
}

@article{hannun2019cardiologist,
  title={Cardiologist-level arrhythmia detection and classification in ambulatory electrocardiograms using a deep neural network},
  author={Hannun, Awni Y and Rajpurkar, Pranav and Haghpanahi, Masoumeh and Tison, Geoffrey H and Bourn, Codie and Turakhia, Mintu P and Ng, Andrew Y},
  journal={Nature Medicine},
  volume={25},
  number={1},
  pages={65--69},
  year={2019},
  publisher={Nature Publishing Group}
}

@article{he2018automatic,
  title={Automatic detection of atrial fibrillation based on continuous wavelet transform and 2D convolutional neural networks},
  author={He, Runnan and Wang, Kuanquan and Zhao, Na and Liu, Yang and Yuan, Yongfeng and Li, Qince and Zhang, Henggui},
  journal={Frontiers in Physiology},
  volume={9},
  pages={1206},
  year={2018},
  publisher={Frontiers}
}

@inproceedings{hu2018squeeze,
  title={Squeeze-and-excitation networks},
  author={Hu, Jie and Shen, Li and Sun, Gang},
  booktitle={Proceedings of the IEEE Conference on Computer Vision and Pattern Recognition},
  pages={7132--7141},
  year={2018}
}

@inproceedings{liu2012intelligent,
  title={An intelligent food-intake monitoring system using wearable sensors},
  author={Liu, Jindong and Johns, Edward and Atallah, Louis and Pettitt, Claire and Lo, Benny and Frost, Gary and Yang, Guang-Zhong},
  booktitle={2012 Ninth International Conference on Wearable and Implantable Body Sensor Networks},
  pages={154--160},
  year={2012},
  organization={IEEE}
}

@inproceedings{lopez2010detection,
  title={Detection of periods of food intake using Support Vector Machines},
  author={Lopez-Meyer, Paulo and Schuckers, Stephanie and Makeyev, Oleksandr and Sazonov, Edward},
  booktitle={2010 Annual International Conference of the IEEE Engineering in Medicine and Biology},
  pages={1004--1007},
  year={2010},
  organization={IEEE}
}

@article{naz2021ecg,
  title={From ECG signals to images: a transformation based approach for deep learning},
  author={Naz, Mahwish and Shah, Jamal Hussain and Khan, Muhammad Attique and Sharif, Muhammad and Raza, Mudassar and Dama{\v{s}}evi{\v{c}}ius, Robertas},
  journal={PeerJ Computer Science},
  volume={7},
  pages={e386},
  year={2021},
  publisher={PeerJ Inc.}
}

@article{passler2012food,
  title={Food intake monitoring: an acoustical approach to automated food intake activity detection and classification of consumed food},
  author={P{\"a}{\ss}ler, Sebastian and Wolff, Matthias and Fischer, Wolf-Joachim},
  journal={Physiological Measurement},
  volume={33},
  number={6},
  pages={1073},
  year={2012},
  publisher={IOP Publishing}
}

@inproceedings{sarkar2020self,
  title={Self-supervised learning for ecg-based emotion recognition},
  author={Sarkar, Pritam and Etemad, Ali},
  booktitle={ICASSP 2020-2020 IEEE International Conference on Acoustics, Speech and Signal Processing (ICASSP)},
  pages={3217--3221},
  year={2020},
  organization={IEEE}
}

@article{sazonov2008non,
  title={Non-invasive monitoring of chewing and swallowing for objective quantification of ingestive behavior},
  author={Sazonov, Edward and Schuckers, Stephanie and Lopez-Meyer, Paulo and Makeyev, Oleksandr and Sazonova, Nadezhda and Melanson, Edward L and Neuman, Michael},
  journal={Physiological Measurement},
  volume={29},
  number={5},
  pages={525},
  year={2008},
  publisher={IOP Publishing}
}

@inproceedings{selvaraju2017grad,
  title={Grad-cam: Visual explanations from deep networks via gradient-based localization},
  author={Selvaraju, Ramprasaath R and Cogswell, Michael and Das, Abhishek and Vedantam, Ramakrishna and Parikh, Devi and Batra, Dhruv},
  booktitle={Proceedings of the IEEE International Conference on Computer Vision},
  pages={618--626},
  year={2017}
}

@article{serhani2020ecg,
  title={ECG monitoring systems: Review, architecture, processes, and key challenges},
  author={Serhani, Mohamed Adel and T El Kassabi, Hadeel and Ismail, Heba and Nujum Navaz, Alramzana},
  journal={Sensors},
  volume={20},
  number={6},
  pages={1796},
  year={2020},
  publisher={Multidisciplinary Digital Publishing Institute}
}

@inproceedings{sun2014ebutton,
  title={eButton: a wearable computer for health monitoring and personal assistance},
  author={Sun, Mingui and Burke, Lora E and Mao, Zhi-Hong and Chen, Yiran and Chen, Hsin-Chen and Bai, Yicheng and Li, Yuecheng and Li, Chengliu and Jia, Wenyan},
  booktitle={Proceedings of the 51st Annual Design Automation Conference},
  pages={1--6},
  year={2014}
}

@article{ullah2020classification,
  title={Classification of arrhythmia by using deep learning with 2-D ECG spectral image representation},
  author={Ullah, Amin and Anwar, Syed Muhammad and Bilal, Muhammad and Mehmood, Raja Majid},
  journal={Remote Sensing},
  volume={12},
  number={10},
  pages={1685},
  year={2020},
  publisher={Multidisciplinary Digital Publishing Institute}
}

@article{vu2017wearable,
  title={Wearable food intake monitoring technologies: A comprehensive review},
  author={Vu, Tri and Lin, Feng and Alshurafa, Nabil and Xu, Wenyao},
  journal={Computers},
  volume={6},
  number={1},
  pages={4},
  year={2017},
  publisher={Multidisciplinary Digital Publishing Institute}
}

@inproceedings{wang2018non,
  title={Non-local neural networks},
  author={Wang, Xiaolong and Girshick, Ross and Gupta, Abhinav and He, Kaiming},
  booktitle={Proceedings of the IEEE Conference on Computer Vision and Pattern Recognition},
  pages={7794--7803},
  year={2018}
}

@article{wei2021deep,
  title={Deep Collocative Learning for Immunofixation Electrophoresis Image Analysis},
  author={Wei, Xiao-Yong and Yang, Zhen-Qun and Zhang, Xu-Lu and Liao, Ga and Sheng, Ai-Lin and Zhou, S Kevin and Wu, Yongkang and Du, Liang},
  journal={IEEE Transactions on Medical Imaging},
  year={2021},
  publisher={IEEE}
}

@inproceedings{woo2018cbam,
  title={Cbam: Convolutional block attention module},
  author={Woo, Sanghyun and Park, Jongchan and Lee, Joon-Young and So Kweon, In},
  booktitle={Proceedings of the European Conference on Computer Vision (ECCV)},
  pages={3--19},
  year={2018}
}

@inproceedings{zhou2016learning,
  title={Learning deep features for discriminative localization},
  author={Zhou, Bolei and Khosla, Aditya and Lapedriza, Agata and Oliva, Aude and Torralba, Antonio},
  booktitle={Proceedings of the IEEE Conference on Computer Vision and Pattern Recognition},
  pages={2921--2929},
  year={2016}
}

