@inproceedings{zhang2024compositional,
  title={Compositional inversion for stable diffusion models},
  author={Zhang, Xulu and Wei, Xiao-Yong and Wu, Jinlin and Zhang, Tianyi and Zhang, Zhaoxiang and Lei, Zhen and Li, Qing},
  booktitle={Proceedings of the AAAI Conference on Artificial Intelligence},
  volume={38},
  number={7},
  pages={7350--7358},
  year={2024}
}

@inproceedings{zhang2024generative,
  title={Generative active learning for image synthesis personalization},
  author={Zhang, Xulu and Zhang, Wengyu and Wei, Xiaoyong and Wu, Jinlin and Zhang, Zhaoxiang and Lei, Zhen and Li, Qing},
  booktitle={Proceedings of the 32nd ACM International Conference on Multimedia},
  pages={10669--10677},
  year={2024}
}

@article{wei2012coaching,
  title={Coaching the exploration and exploitation in active learning for interactive video retrieval},
  author={Wei, Xiao-Yong and Yang, Zhen-Qun},
  journal={IEEE transactions on image processing},
  volume={22},
  number={3},
  pages={955--968},
  year={2012},
  publisher={IEEE}
}

@inproceedings{wei2011coached,
  title={Coached active learning for interactive video search},
  author={Wei, Xiao-Yong and Yang, Zhen-Qun},
  booktitle={Proceedings of the 19th ACM international conference on Multimedia},
  pages={443--452},
  year={2011}
}

@article{he2018automatic,
  title={Automatic detection of atrial fibrillation based on continuous wavelet transform and 2D convolutional neural networks},
  author={He, Runnan and Wang, Kuanquan and Zhao, Na and Liu, Yang and Yuan, Yongfeng and Li, Qince and Zhang, Henggui},
  journal={Frontiers in Physiology},
  volume={9},
  pages={1206},
  year={2018},
  publisher={Frontiers}
}

@article{hou2019lstm,
  title={LSTM-based auto-encoder model for ECG arrhythmias classification},
  author={Hou, Borui and Yang, Jianyong and Wang, Pu and Yan, Ruqiang},
  journal={IEEE Transactions on Instrumentation and Measurement},
  volume={69},
  number={4},
  pages={1232--1240},
  year={2019},
  publisher={IEEE}
}

@article{saadatnejad2019lstm,
  title={LSTM-based ECG classification for continuous monitoring on personal wearable devices},
  author={Saadatnejad, Saeed and Oveisi, Mohammadhosein and Hashemi, Matin},
  journal={IEEE Journal of Biomedical and Health Informatics},
  volume={24},
  number={2},
  pages={515--523},
  year={2019},
  publisher={IEEE}
}

@article{yildirim2018novel,
  title={A novel wavelet sequence based on deep bidirectional LSTM network model for ECG signal classification},
  author={Yildirim, {\"O}zal},
  journal={Computers in Biology and Medicine},
  volume={96},
  pages={189--202},
  year={2018},
  publisher={Elsevier}
}

@article{hochreiter1997long,
  title={Long short-term memory},
  author={Hochreiter, Sepp and Schmidhuber, J{\"u}rgen},
  journal={Neural Computation},
  volume={9},
  number={8},
  pages={1735--1780},
  year={1997},
  publisher={MIT Press}
}

@article{cortes1995support,
  title={Support-vector networks},
  author={Cortes, Corinna and Vapnik, Vladimir},
  journal={Machine Learning},
  volume={20},
  number={3},
  pages={273--297},
  year={1995},
  publisher={Springer}
}

@article{chen2020automated,
  title={Automated arrhythmia classification based on a combination network of CNN and LSTM},
  author={Chen, Chen and Hua, Zhengchun and Zhang, Ruiqi and Liu, Guangyuan and Wen, Wanhui},
  journal={Biomedical Signal Processing and Control},
  volume={57},
  pages={101819},
  year={2020},
  publisher={Elsevier}
}

@inproceedings{yang2020multi,
  title={Multi-label Classification of Electrocardiogram With Modified Residual Networks},
  author={Yang, Shan and Xiang, Heng and Kong, Qingda and Wang, Chunli},
  booktitle={2020 Computing in Cardiology},
  pages={1--4},
  year={2020},
  organization={IEEE}
}

@inproceedings{szegedy2016rethinking,
  title={Rethinking the inception architecture for computer vision},
  author={Szegedy, Christian and Vanhoucke, Vincent and Ioffe, Sergey and Shlens, Jon and Wojna, Zbigniew},
  booktitle={Proceedings of the IEEE Conference on Computer Vision and Pattern Recognition},
  pages={2818--2826},
  year={2016}
}

@article{jiang2018food,
  title={Food nutrition visualization on google glass: Design tradeoff and field evaluation},
  author={Jiang, Haotian and Starkman, James and Liu, Menghan and Huang, Ming-Chun},
  journal={IEEE Consumer Electronics Magazine},
  volume={7},
  number={3},
  pages={21--31},
  year={2018},
  publisher={IEEE}
}

@article{taubel2012shortening,
  title={Shortening of the QT interval after food can be used to demonstrate assay sensitivity in thorough QT studies},
  author={Taubel, Jorg and Wong, Alex H and Naseem, Asif and Ferber, Georg and Camm, A John},
  journal={The Journal of Clinical Pharmacology},
  volume={52},
  number={10},
  pages={1558--1565},
  year={2012},
  publisher={Wiley Online Library}
}

@article{scott2002carbohydrate,
  title={Carbohydrate ingestion, with transient endogenous insulinaemia, produces both sympathetic activation and vasodilatation in normal humans},
  author={Scott, Eleanor M and Greenwood, John P and Vacca, Giovanni and Stoker, John B and Gilbey, Stephen G and Mary, David ASG},
  journal={Clinical Science},
  volume={102},
  number={5},
  pages={523--529},
  year={2002},
  publisher={Portland Press Ltd.}
}

@article{hnatkova2014qtc,
  title={QTc changes after meal intake: sex differences and correlates},
  author={Hnatkova, Katerina and Kowalski, Donna and Keirns, James J and van Gelderen, E Marcel and Malik, Marek},
  journal={Journal of Electrocardiology},
  volume={47},
  number={6},
  pages={856--862},
  year={2014},
  publisher={Elsevier}
}

@article{simonyan2014very,
  title={Very deep convolutional networks for large-scale image recognition},
  author={Simonyan, Karen and Zisserman, Andrew},
  journal={arXiv preprint arXiv:1409.1556},
  year={2014}
}

@inproceedings{he2016deep,
  title={Deep residual learning for image recognition},
  author={He, Kaiming and Zhang, Xiangyu and Ren, Shaoqing and Sun, Jian},
  booktitle={Proceedings of the IEEE Conference on Computer Vision and Pattern Recognition},
  pages={770--778},
  year={2016}
}

@article{wei2021deep,
  title={Deep Collocative Learning for Immunofixation Electrophoresis Image Analysis},
  author={Wei, Xiao-Yong and Yang, Zhen-Qun and Zhang, Xu-Lu and Liao, Ga and Sheng, Ai-Lin and Zhou, S Kevin and Wu, Yongkang and Du, Liang},
  journal={IEEE Transactions on Medical Imaging},
  year={2021},
  publisher={IEEE}
}

@article{basiotis1987number,
  title={Number of days of food intake records required to estimate individual and group nutrient intakes with defined confidence},
  author={Basiotis, P Peter and Welsh, Susan O and Cronin, Frances J and Kelsay, June L and Mertz, Walter},
  journal={The Journal of Nutrition},
  volume={117},
  number={9},
  pages={1638--1641},
  year={1987},
  publisher={Oxford University Press}
}

@article{vu2017wearable,
  title={Wearable food intake monitoring technologies: A comprehensive review},
  author={Vu, Tri and Lin, Feng and Alshurafa, Nabil and Xu, Wenyao},
  journal={Computers},
  volume={6},
  number={1},
  pages={4},
  year={2017},
  publisher={Multidisciplinary Digital Publishing Institute}
}

@inproceedings{amft2010wearable,
  title={A wearable earpad sensor for chewing monitoring},
  author={Amft, Oliver},
  booktitle={Sensors},
  pages={222--227},
  year={2010},
  organization={IEEE}
}

@inproceedings{sun2014ebutton,
  title={eButton: a wearable computer for health monitoring and personal assistance},
  author={Sun, Mingui and Burke, Lora E and Mao, Zhi-Hong and Chen, Yiran and Chen, Hsin-Chen and Bai, Yicheng and Li, Yuecheng and Li, Chengliu and Jia, Wenyan},
  booktitle={Proceedings of the 51st Annual Design Automation Conference},
  pages={1--6},
  year={2014}
}

@article{dong2012new,
  title={A new method for measuring meal intake in humans via automated wrist motion tracking},
  author={Dong, Yujie and Hoover, Adam and Scisco, Jenna and Muth, Eric},
  journal={Applied Psychophysiology and Biofeedback},
  volume={37},
  number={3},
  pages={205--215},
  year={2012},
  publisher={Springer}
}

@article{farooq2014novel,
  title={A novel approach for food intake detection using electroglottography},
  author={Farooq, Muhammad and Fontana, Juan M and Sazonov, Edward},
  journal={Physiological Measurement},
  volume={35},
  number={5},
  pages={739},
  year={2014},
  publisher={IOP Publishing}
}

@inproceedings{farooq2015comparative,
  title={Comparative testing of piezoelectric and printed strain sensors in characterization of chewing},
  author={Farooq, Muhammad and Sazonov, Edward},
  booktitle={2015 37th Annual International Conference of the IEEE Engineering in Medicine and Biology Society (EMBC)},
  pages={7538--7541},
  year={2015},
  organization={IEEE}
}

@inproceedings{liu2012intelligent,
  title={An intelligent food-intake monitoring system using wearable sensors},
  author={Liu, Jindong and Johns, Edward and Atallah, Louis and Pettitt, Claire and Lo, Benny and Frost, Gary and Yang, Guang-Zhong},
  booktitle={2012 Ninth International Conference on Wearable and Implantable Body Sensor Networks},
  pages={154--160},
  year={2012},
  organization={IEEE}
}

@article{passler2012food,
  title={Food intake monitoring: an acoustical approach to automated food intake activity detection and classification of consumed food},
  author={P{\"a}{\ss}ler, Sebastian and Wolff, Matthias and Fischer, Wolf-Joachim},
  journal={Physiological Measurement},
  volume={33},
  number={6},
  pages={1073},
  year={2012},
  publisher={IOP Publishing}
}

@article{sazonov2008non,
  title={Non-invasive monitoring of chewing and swallowing for objective quantification of ingestive behavior},
  author={Sazonov, Edward and Schuckers, Stephanie and Lopez-Meyer, Paulo and Makeyev, Oleksandr and Sazonova, Nadezhda and Melanson, Edward L and Neuman, Michael},
  journal={Physiological Measurement},
  volume={29},
  number={5},
  pages={525},
  year={2008},
  publisher={IOP Publishing}
}

@article{serhani2020ecg,
  title={ECG monitoring systems: Review, architecture, processes, and key challenges},
  author={Serhani, Mohamed Adel and T El Kassabi, Hadeel and Ismail, Heba and Nujum Navaz, Alramzana},
  journal={Sensors},
  volume={20},
  number={6},
  pages={1796},
  year={2020},
  publisher={Multidisciplinary Digital Publishing Institute}
}

@inproceedings{farooq2013comparative,
  title={A comparative study of food intake detection using artificial neural network and support vector machine},
  author={Farooq, Muhammad and Fontana, Juan M and Boateng, Akua F and McCrory, Megan A and Sazonov, Edward},
  booktitle={2013 12th International Conference on Machine Learning and Applications},
  volume={1},
  pages={153--153},
  year={2013},
  organization={IEEE}
}

@article{bi2015autodietary,
  title={Autodietary: A wearable acoustic sensor system for food intake recognition in daily life},
  author={Bi, Yin and Lv, Mingsong and Song, Chen and Xu, Wenyao and Guan, Nan and Yi, Wang},
  journal={IEEE Sensors Journal},
  volume={16},
  number={3},
  pages={806--816},
  year={2015},
  publisher={IEEE}
}

@inproceedings{lopez2010detection,
  title={Detection of periods of food intake using Support Vector Machines},
  author={Lopez-Meyer, Paulo and Schuckers, Stephanie and Makeyev, Oleksandr and Sazonov, Edward},
  booktitle={2010 Annual International Conference of the IEEE Engineering in Medicine and Biology},
  pages={1004--1007},
  year={2010},
  organization={IEEE}
}

@inproceedings{fontana2013estimation,
  title={Estimation of feature importance for food intake detection based on Random Forests classification},
  author={Fontana, Juan M and Farooq, Muhammad and Sazonov, Edward},
  booktitle={2013 35th Annual International Conference of the IEEE Engineering in Medicine and Biology Society (EMBC)},
  pages={6756--6759},
  year={2013},
  organization={IEEE}
}

@article{hannun2019cardiologist,
  title={Cardiologist-level arrhythmia detection and classification in ambulatory electrocardiograms using a deep neural network},
  author={Hannun, Awni Y and Rajpurkar, Pranav and Haghpanahi, Masoumeh and Tison, Geoffrey H and Bourn, Codie and Turakhia, Mintu P and Ng, Andrew Y},
  journal={Nature Medicine},
  volume={25},
  number={1},
  pages={65--69},
  year={2019},
  publisher={Nature Publishing Group}
}

@inproceedings{andreotti2017comparing,
  title={Comparing feature-based classifiers and convolutional neural networks to detect arrhythmia from short segments of ECG},
  author={Andreotti, Fernando and Carr, Oliver and Pimentel, Marco AF and Mahdi, Adam and De Vos, Maarten},
  booktitle={2017 Computing in Cardiology (CinC)},
  pages={1--4},
  year={2017},
  organization={IEEE}
}

@article{fan2018multiscaled,
  title={Multiscaled fusion of deep convolutional neural networks for screening atrial fibrillation from single lead short ECG recordings},
  author={Fan, Xiaomao and Yao, Qihang and Cai, Yunpeng and Miao, Fen and Sun, Fangmin and Li, Ye},
  journal={IEEE Journal of Biomedical and Health Informatics},
  volume={22},
  number={6},
  pages={1744--1753},
  year={2018},
  publisher={IEEE}
}

@article{al2018convolutional,
  title={Convolutional neural networks for electrocardiogram classification},
  author={Al Rahhal, Mohamad M and Bazi, Yakoub and Al Zuair, Mansour and Othman, Esam and BenJdira, Bilel},
  journal={Journal of Medical and Biological Engineering},
  volume={38},
  number={6},
  pages={1014--1025},
  year={2018},
  publisher={Springer}
}

@article{ullah2020classification,
  title={Classification of arrhythmia by using deep learning with 2-D ECG spectral image representation},
  author={Ullah, Amin and Anwar, Syed Muhammad and Bilal, Muhammad and Mehmood, Raja Majid},
  journal={Remote Sensing},
  volume={12},
  number={10},
  pages={1685},
  year={2020},
  publisher={Multidisciplinary Digital Publishing Institute}
}

@article{naz2021ecg,
  title={From ECG signals to images: a transformation based approach for deep learning},
  author={Naz, Mahwish and Shah, Jamal Hussain and Khan, Muhammad Attique and Sharif, Muhammad and Raza, Mudassar and Dama{\v{s}}evi{\v{c}}ius, Robertas},
  journal={PeerJ Computer Science},
  volume={7},
  pages={e386},
  year={2021},
  publisher={PeerJ Inc.}
}

@inproceedings{sarkar2020self,
  title={Self-supervised learning for ecg-based emotion recognition},
  author={Sarkar, Pritam and Etemad, Ali},
  booktitle={ICASSP 2020-2020 IEEE International Conference on Acoustics, Speech and Signal Processing (ICASSP)},
  pages={3217--3221},
  year={2020},
  organization={IEEE}
}

@inproceedings{hu2018squeeze,
  title={Squeeze-and-excitation networks},
  author={Hu, Jie and Shen, Li and Sun, Gang},
  booktitle={Proceedings of the IEEE Conference on Computer Vision and Pattern Recognition},
  pages={7132--7141},
  year={2018}
}

@inproceedings{woo2018cbam,
  title={Cbam: Convolutional block attention module},
  author={Woo, Sanghyun and Park, Jongchan and Lee, Joon-Young and So Kweon, In},
  booktitle={Proceedings of the European Conference on Computer Vision (ECCV)},
  pages={3--19},
  year={2018}
}

@inproceedings{wang2018non,
  title={Non-local neural networks},
  author={Wang, Xiaolong and Girshick, Ross and Gupta, Abhinav and He, Kaiming},
  booktitle={Proceedings of the IEEE Conference on Computer Vision and Pattern Recognition},
  pages={7794--7803},
  year={2018}
}

@inproceedings{selvaraju2017grad,
  title={Grad-cam: Visual explanations from deep networks via gradient-based localization},
  author={Selvaraju, Ramprasaath R and Cogswell, Michael and Das, Abhishek and Vedantam, Ramakrishna and Parikh, Devi and Batra, Dhruv},
  booktitle={Proceedings of the IEEE International Conference on Computer Vision},
  pages={618--626},
  year={2017}
}

@inproceedings{chattopadhay2018grad,
  title={Grad-cam++: Generalized gradient-based visual explanations for deep convolutional networks},
  author={Chattopadhay, Aditya and Sarkar, Anirban and Howlader, Prantik and Balasubramanian, Vineeth N},
  booktitle={2018 IEEE Winter Conference on Applications of Computer Vision (WACV)},
  pages={839--847},
  year={2018},
  organization={IEEE}
}

@inproceedings{zhou2016learning,
  title={Learning deep features for discriminative localization},
  author={Zhou, Bolei and Khosla, Aditya and Lapedriza, Agata and Oliva, Aude and Torralba, Antonio},
  booktitle={Proceedings of the IEEE Conference on Computer Vision and Pattern Recognition},
  pages={2921--2929},
  year={2016}
}

@inproceedings{huang2017densely,
  title={Densely connected convolutional networks},
  author={Huang, Gao and Liu, Zhuang and Van Der Maaten, Laurens and Weinberger, Kilian Q},
  booktitle={Proceedings of the IEEE Conference on Computer Vision and Pattern Recognition},
  pages={4700--4708},
  year={2017}
}

@article{ke2017lightgbm,
  title={Lightgbm: A highly efficient gradient boosting decision tree},
  author={Ke, Guolin and Meng, Qi and Finley, Thomas and Wang, Taifeng and Chen, Wei and Ma, Weidong and Ye, Qiwei and Liu, Tie-Yan},
  journal={Advances in Neural Information Processing Systems},
  volume={30},
  pages={3146--3154},
  year={2017}
}

@inproceedings{laitala2020robust,
  title={Robust ECG R-peak detection using LSTM},
  author={Laitala, Juho and Jiang, Mingzhe and Syrj{\"a}l{\"a}, Elise and Naeini, Emad Kasaeyan and Airola, Antti and Rahmani, Amir M and Dutt, Nikil D and Liljeberg, Pasi},
  booktitle={Proceedings of the 35th Annual ACM Symposium on Applied Computing},
  pages={1104--1111},
  year={2020}
}

@inproceedings{vijayarangan2020rpnet,
  title={RPnet: A Deep Learning approach for robust R Peak detection in noisy ECG},
  author={Vijayarangan, Sricharan and Vignesh, R and Murugesan, Balamurali and Preejith, SP and Joseph, Jayaraj and Sivaprakasam, Mohansankar},
  booktitle={2020 42nd Annual International Conference of the IEEE Engineering in Medicine \& Biology Society (EMBC)},
  pages={345--348},
  year={2020},
  organization={IEEE}
}