@article{alaluf2021only,
  title={{Only a Matter of Style: Age Transformation Using a Style-Based Regression Model}},
  author={Alaluf, Yuval and Patashnik, Or and Cohen-Or, Daniel},
  journal={ACM Transactions on Graphics},
  volume={40},
  number={4},
  pages={45:1--45:12},
  year={2021},
  publisher={ACM New York, NY, USA}
}

@inproceedings{karras2019style,
  title={{A Style-Based Generator Architecture for Generative Adversarial Networks}},
  author={Karras, Tero and Laine, Samuli and Aila, Timo},
  booktitle={Proceedings of the IEEE/CVF Conference on Computer Vision and Pattern Recognition},
  pages={4401--4410},
  year={2019}
}

@inproceedings{karras2020analyzing,
  title={{Analyzing and Improving the Image Quality of StyleGAN}},
  author={Karras, Tero and Laine, Samuli and Aittala, Miika and Hellsten, Janne and Lehtinen, Jaakko and Aila, Timo},
  booktitle={Proceedings of the IEEE/CVF Conference on Computer Vision and Pattern Recognition},
  pages={8107--8116},
  year={2020}
}

@article{antipov2017face,
  title={{Face Aging With Conditional Generative Adversarial Networks}},
  author={Antipov, Grigory and Baccouche, Moez and Dugelay, Jean-Luc},
  journal={arXiv preprint arXiv:1702.01983},
  year={2017}
}

@inproceedings{he2019s2gan,
  title={{S2GAN: Share Aging Factors Across Ages and Share Aging Trends Among Individuals}},
  author={He, Zhenliang and Kan, Meina and Shan, Shiguang and Chen, Xilin},
  booktitle={2019 IEEE/CVF International Conference on Computer Vision (ICCV)},
  pages={9439--9448},
  year={2019},
  organization={IEEE}
}

@inproceedings{or2020lifespan,
  title={{Lifespan Age Transformation Synthesis}},
  author={Or-El, Roy and Sengupta, Soumyadip and Fried, Ohad and Shechtman, Eli and Kemelmacher-Shlizerman, Ira},
  booktitle={Proceedings of the European Conference on Computer Vision},
  pages={739--755},
  year={2020},
  publisher={Springer},
}

@inproceedings{wang2016recurrent,
  title={{Recurrent Face Aging}},
  author={Wang, Wei and Cui, Zhen and Yan, Yan and Feng, Jiashi and Yan, Shuicheng and Shu, Xiangbo and Sebe, Nicu},
  booktitle={2016 IEEE Conference on Computer Vision and Pattern Recognition (CVPR)},
  pages={2378--2386},
  year={2016},
  organization={IEEE}
}

@inproceedings{tang2018face,
  title={{Face Aging with Identity-Preserved Conditional Generative Adversarial Networks}},
  author={Tang, Xu and Wang, Zongwei and Luo, Weixin and Gao, Shenghua},
  booktitle={2018 IEEE/CVF Conference on Computer Vision and Pattern Recognition},
  pages={7939--7947},
  year={2018},
  organization={IEEE}
}

@article{yang2017learning,
  title={{Learning Face Age Progression: A Pyramid Architecture of GANs}},
  author={Yang, Hongyu and Huang, Di and Wang, Yunhong and Jain, Anil K},
  journal={arXiv preprint arXiv:1711.10352},
  year={2017}
}

@inproceedings{zhang2017age,
  title={{Age Progression/Regression by Conditional Adversarial Autoencoder}},
  author={Zhang, Zhifei and Song, Yang and Qi, Hairong},
  booktitle={2017 IEEE Conference on Computer Vision and Pattern Recognition (CVPR)},
  pages={4352--4360},
  year={2017},
  organization={IEEE}
}


@article{liu2020style,
  title={{Style Intervention: How to Achieve Spatial Disentanglement with Style-based Generators?}},
  author={Liu, Yunfan and Li, Qi and Sun, Zhenan and Tan, Tieniu},
  journal={arXiv preprint arXiv:2011.09699},
  year={2020}
}

@inproceedings{richardson2020encoding,
  title={{Encoding in Style: a StyleGAN Encoder for Image-to-Image Translation}},
  author={Richardson, Elad and Alaluf, Yuval and Patashnik, Or and Nitzan, Yotam and Azar, Yaniv and Shapiro, Stav and Cohen-Or, Daniel},
  booktitle={Proceedings of the IEEE/CVF Conference on Computer Vision and Pattern Recognition},
  pages={2287--2296},
  year={2021}
}

@inproceedings{deng2019arcface,
  title={{ArcFace: Additive angular margin loss for deep face recognition}},
  author={Deng, Jiankang and Guo, Jia and Xue, Niannan and Zafeiriou, Stefanos},
  booktitle={Proceedings of the IEEE/CVF Conference on Computer Vision and Pattern Recognition},
  pages={4690--4699},
  year={2019}
}

@article{simonyan2014very,
  title={Very deep convolutional networks for large-scale image recognition},
  author={Simonyan, Karen and Zisserman, Andrew},
  journal={arXiv preprint arXiv:1409.1556},
  year={2014}
}

@inproceedings{choi2020stargan,
  title={Stargan v2: Diverse image synthesis for multiple domains},
  author={Choi, Yunjey and Uh, Youngjung and Yoo, Jaejun and Ha, Jung-Woo},
  booktitle={Proceedings of the IEEE/CVF Conference on Computer Vision and Pattern Recognition},
  pages={8188--8197},
  year={2020}
}

@inproceedings{liu2019few,
  title={Few-shot unsupervised image-to-image translation},
  author={Liu, Ming-Yu and Huang, Xun and Mallya, Arun and Karras, Tero and Aila, Timo and Lehtinen, Jaakko and Kautz, Jan},
  booktitle={Proceedings of the IEEE/CVF International Conference on Computer Vision},
  pages={10551--10560},
  year={2019}
}

@article{duong2018longitudinal,
  title={Longitudinal face aging in the wild-recent deep learning approaches},
  author={Duong, Chi Nhan and Luu, Khoa and Quach, Kha Gia and Bui, Tien D},
  journal={arXiv preprint arXiv:1802.08726},
  year={2018}
}

@article{fu2010age,
  title={Age synthesis and estimation via faces: A survey},
  author={Fu, Yun and Guo, Guodong and Huang, Thomas S},
  journal={IEEE transactions on pattern analysis and machine intelligence},
  volume={32},
  number={11},
  pages={1955--1976},
  year={2010},
  publisher={IEEE}
}

@article{ramanathan2009computational,
  title={Computational methods for modeling facial aging: A survey},
  author={Ramanathan, Narayanan and Chellappa, Rama and Biswas, Soma},
  journal={Journal of Visual Languages \& Computing},
  volume={20},
  number={3},
  pages={131--144},
  year={2009},
  publisher={Elsevier}
}

@article{he2017attgan,
  title={AttGAN: Facial Attribute Editing by Only Changing What You Want},
  author={He, Zhenliang and Zuo, Wangmeng and Kan, Meina and Shan, Shiguang and Chen, Xilin},
  journal={arXiv preprint arXiv:1711.10678},
  year={2017}
}

@article{lample2017fader,
  title={Fader Networks: Manipulating Images by Sliding Attributes},
  author={Lample, Guillaume and Zeghidour, Neil and Usunier, Nicolas and Bordes, Antoine and Denoyer, Ludovic and Ranzato, Marcâ€™Aurelio},
  journal={arXiv preprint arXiv:1706.00409},
  year={2017}
}

@article{li2019uva,
  title={UVA: A Universal Variational Framework for Continuous Age Analysis},
  author={Li, Peipei and Huang, Huaibo and Hu, Yibo and Wu, Xiang and He, Ran and Sun, Zhenan},
  journal={arXiv preprint arXiv:1904.00158},
  year={2019}
}

@inproceedings{yao2021high,
  title={{High Resolution Face Age Editing}},
  author={Yao, Xu and Puy, Gilles and Newson, Alasdair and Gousseau, Yann and Hellier, Pierre},
  booktitle={2020 25th International Conference on Pattern Recognition (ICPR)},
  pages={8624--8631},
  year={2021},
  organization={IEEE}
}

@article{mirza2014conditional,
  title={{Conditional Generative Adversarial Nets}},
  author={Mirza, Mehdi and Osindero, Simon},
  journal={arXiv preprint arXiv:1411.1784},
  year={2014}
}

@article{liu2017unsupervised,
  title={{Unsupervised Image-to-Image Translation Networks}},
  author={Liu, Ming-Yu and Breuel, Thomas and Kautz, Jan},
  journal={Advances in Neural Information Processing Systems},
  volume={30},
  year={2017}
}

@inproceedings{yi2017dualgan,
  title={{DualGAN: Unsupervised Dual Learning for Image-to-Image Translation}},
  author={Yi, Zili and Zhang, Hao and Tan, Ping and Gong, Minglun},
  booktitle={Proceedings of the IEEE International Conference on Computer Vision},
  pages={2849--2857},
  year={2017}
}

@inproceedings{zhu2017unpaired,
  title={{Unpaired Image-to-Image Translation using Cycle-Consistent Adversarial Networks}},
  author={Zhu, Jun-Yan and Park, Taesung and Isola, Phillip and Efros, Alexei A},
  booktitle={Proceedings of the IEEE International Conference on Computer Vision},
  pages={2223--2232},
  year={2017}
}

@inproceedings{huang2018multimodal,
  title={Multimodal unsupervised image-to-image translation},
  author={Huang, Xun and Liu, Ming-Yu and Belongie, Serge and Kautz, Jan},
  booktitle={Proceedings of the European Conference on Computer Vision},
  pages={172--189},
  year={2018}
}

@article{lee2020drit++,
  title={Drit++: Diverse image-to-image translation via disentangled representations},
  author={Lee, Hsin-Ying and Tseng, Hung-Yu and Mao, Qi and Huang, Jia-Bin and Lu, Yu-Ding and Singh, Maneesh and Yang, Ming-Hsuan},
  journal={International Journal of Computer Vision},
  volume={128},
  number={10},
  pages={2402--2417},
  year={2020},
  publisher={Springer},
}

@inproceedings{choi2018stargan,
  title={Stargan: Unified generative adversarial networks for multi-domain image-to-image translation},
  author={Choi, Yunjey and Choi, Minje and Kim, Munyoung and Ha, Jung-Woo and Kim, Sunghun and Choo, Jaegul},
  booktitle={Proceedings of the IEEE Conference on Computer Vision and Pattern Recognition},
  pages={8789--8797},
  year={2018}
}

@inproceedings{liu2019few,
  title={Few-shot unsupervised image-to-image translation},
  author={Liu, Ming-Yu and Huang, Xun and Mallya, Arun and Karras, Tero and Aila, Timo and Lehtinen, Jaakko and Kautz, Jan},
  booktitle={Proceedings of the IEEE/CVF International Conference on Computer Vision},
  pages={10551--10560},
  year={2019}
}

@article{zhu2017toward,
  title={Toward multimodal image-to-image translation},
  author={Zhu, Jun-Yan and Zhang, Richard and Pathak, Deepak and Darrell, Trevor and Efros, Alexei A and Wang, Oliver and Shechtman, Eli},
  journal={Advances in Neural Information Processing Systems},
  volume={30},
  year={2017}
}

@inproceedings{fang2020triple,
  title={Triple-GAN: Progressive face aging with triple translation loss},
  author={Fang, Han and Deng, Weihong and Zhong, Yaoyao and Hu, Jiani},
  booktitle={Proceedings of the IEEE/CVF Conference on Computer Vision and Pattern Recognition Workshops},
  pages={804--805},
  year={2020}
}

@inproceedings{georgopoulos2020enhancing,
  title={Enhancing facial data diversity with style-based face aging},
  author={Georgopoulos, Markos and Oldfield, James and Nicolaou, Mihalis A and Panagakis, Yannis and Pantic, Maja},
  booktitle={Proceedings of the IEEE/CVF Conference on Computer Vision and Pattern Recognition Workshops},
  pages={14--15},
  year={2020}
}

@inproceedings{li2020hierarchical,
  title={Hierarchical face aging through disentangled latent characteristics},
  author={Li, Peipei and Huang, Huaibo and Hu, Yibo and Wu, Xiang and He, Ran and Sun, Zhenan},
  booktitle={Proceedings of the European Conference on Computer Vision},
  pages={86--101},
  year={2020},
  publisher={Springer},
}

@inproceedings{viazovetskyi2020stylegan2,
  title={Stylegan2 distillation for feed-forward image manipulation},
  author={Viazovetskyi, Yuri and Ivashkin, Vladimir and Kashin, Evgeny},
  booktitle={Proceedings of the European Conference on Computer Vision},
  pages={170--186},
  year={2020},
  publisher={Springer},
}

@article{nitzan2020face,
  title={Face identity disentanglement via latent space mapping},
  author={Nitzan, Yotam and Bermano, Amit and Li, Yangyan and Cohen-Or, Daniel},
  journal={arXiv preprint arXiv:2005.07728},
  year={2020}
}

@article{abdal2020styleflow,
  title={{StyleFlow: Attribute-conditioned Exploration of StyleGAN-Generated Images using Conditional Continuous Normalizing Flows}},
  author={Abdal, Rameen and Zhu, Peihao and Mitra, Niloy and Wonka, Peter},
  journal={arXiv preprint arXiv:2008.02401},
  year={2020}
}

@article{denton2019detecting,
  title={Detecting bias with generative counterfactual face attribute augmentation},
  author={Denton, Emily and Hutchinson, Ben and Mitchell, Margaret and Gebru, Timnit},
  year={2019}
}

@inproceedings{goetschalckx2019ganalyze,
  title={{GANalyze: Toward Visual Definitions of Cognitive Image Properties}},
  author={Goetschalckx, Lore and Andonian, Alex and Oliva, Aude and Isola, Phillip},
  booktitle={Proceedings of the ieee/cvf international conference on computer vision},
  pages={5744--5753},
  year={2019}
}

@inproceedings{shen2021closed,
  title={Closed-form factorization of latent semantics in gans},
  author={Shen, Yujun and Zhou, Bolei},
  booktitle={Proceedings of the IEEE/CVF Conference on Computer Vision and Pattern Recognition},
  pages={1532--1540},
  year={2021}
}

@inproceedings{voynov2020unsupervised,
  title={Unsupervised discovery of interpretable directions in the gan latent space},
  author={Voynov, Andrey and Babenko, Artem},
  booktitle={International Conference on Machine Learning},
  pages={9786--9796},
  year={2020},
  organization={PMLR}
}

@inproceedings{zhu2016generative,
  title={Generative visual manipulation on the natural image manifold},
  author={Zhu, Jun-Yan and Kr{\"a}henb{\"u}hl, Philipp and Shechtman, Eli and Efros, Alexei A},
  booktitle={Proceedings of the European Conference on Computer Vision},
  pages={597--613},
  year={2016},
  publisher={Springer},
}

@inproceedings{abdal2019image2stylegan,
  title={{Image2StyleGAN: How to Embed Images Into the StyleGAN Latent Space?}},
  author={Abdal, Rameen and Qin, Yipeng and Wonka, Peter},
  booktitle={Proceedings of the IEEE/CVF International Conference on Computer Vision},
  pages={4432--4441},
  year={2019}
}

@inproceedings{abdal2020image2stylegan++,
  title={{Image2StyleGAN++: How to Edit the Embedded Images?}},
  author={Abdal, Rameen and Qin, Yipeng and Wonka, Peter},
  booktitle={Proceedings of the IEEE/CVF Conference on Computer Vision and Pattern Recognition},
  pages={8296--8305},
  year={2020}
}

@article{bau2020semantic,
  title={Semantic photo manipulation with a generative image prior},
  author={Bau, David and Strobelt, Hendrik and Peebles, William and Wulff, Jonas and Zhou, Bolei and Zhu, Jun-Yan and Torralba, Antonio},
  journal={arXiv preprint arXiv:2005.07727},
  year={2020}
}

@article{creswell2018inverting,
  title={Inverting the generator of a generative adversarial network},
  author={Creswell, Antonia and Bharath, Anil Anthony},
  journal={IEEE transactions on neural networks and learning systems},
  volume={30},
  number={7},
  pages={1967--1974},
  year={2018},
  publisher={IEEE}
}

@article{tewari2020pie,
  title={Pie: Portrait image embedding for semantic control},
  author={Tewari, Ayush and Elgharib, Mohamed and Bernard, Florian and Seidel, Hans-Peter and P{\'e}rez, Patrick and Zollh{\"o}fer, Michael and Theobalt, Christian},
  journal={ACM Transactions on Graphics (TOG)},
  volume={39},
  number={6},
  pages={1--14},
  year={2020},
  publisher={ACM New York, NY, USA}
}

@article{tov2021designing,
  title={Designing an encoder for stylegan image manipulation},
  author={Tov, Omer and Alaluf, Yuval and Nitzan, Yotam and Patashnik, Or and Cohen-Or, Daniel},
  journal={ACM Transactions on Graphics (TOG)},
  volume={40},
  number={4},
  pages={1--14},
  year={2021},
  publisher={ACM New York, NY, USA}
}

@article{xia2021gan,
  title={GAN inversion: A survey},
  author={Xia, Weihao and Zhang, Yulun and Yang, Yujiu and Xue, Jing-Hao and Zhou, Bolei and Yang, Ming-Hsuan},
  journal={arXiv preprint arXiv:2101.05278},
  year={2021}
}

@inproceedings{zhu2020domain,
  title={{In-Domain GAN Inversion for Real Image Editing}},
  author={Zhu, Jiapeng and Shen, Yujun and Zhao, Deli and Zhou, Bolei},
  booktitle={Proceedings of the European Conference on Computer Vision},
  pages={592--608},
  year={2020},
  publisher={Springer},
}

@article{tang2021attentiongan,
  title={{AttentionGAN: Unpaired Image-to-Image Translation using Attention-Guided Generative Adversarial Networks}},
  author={Tang, Hao and Liu, Hong and Xu, Dan and Torr, Philip HS and Sebe, Nicu},
  journal={IEEE Transactions on Neural Networks and Learning Systems},
  year={2021},
  publisher={IEEE}
}

@inproceedings{lin2017feature,
  title={Feature pyramid networks for object detection},
  author={Lin, Tsung-Yi and Doll{\'a}r, Piotr and Girshick, Ross and He, Kaiming and Hariharan, Bharath and Belongie, Serge},
  booktitle={Proceedings of the IEEE Conference on Computer Vision and Pattern Recognition},
  pages={2117--2125},
  year={2017}
}

@inproceedings{zhang2018unreasonable,
  title={{The Unreasonable Effectiveness of Deep Features as a Perceptual Metric}},
  author={Zhang, Richard and Isola, Phillip and Efros, Alexei A and Shechtman, Eli and Wang, Oliver},
  booktitle={Proceedings of the IEEE/CVF Conference on Computer Vision and Pattern Recognition},
  pages={586--595},
  year={2018}
}

@misc{GitHubpb37:online,
  author = {Baylies},
  title = {stylegan-encoder},
  howpublished = {\url{https://github.com/pbaylies/stylegan-encoder}},
  year = {2019},
  note = {Accessed: April 2022}
}

@article{burton2016identity,
  title={Identity from variation: Representations of faces derived from multiple instances},
  author={Burton, A Mike and Kramer, Robin SS and Ritchie, Kay L and Jenkins, Rob},
  journal={Cognitive Science},
  volume={40},
  number={1},
  pages={202--223},
  year={2016},
  publisher={Wiley Online Library}
}

@article{mileva2020facial,
  title={Facial identity across the lifespan},
  author={Mileva, Mila and Young, Andrew W and Jenkins, Rob and Burton, A Mike},
  journal={Cognitive psychology},
  volume={116},
  pages={101260},
  year={2020},
  publisher={Elsevier}
}

@inproceedings{rothe2015dex,
  title={{DEX: Deep EXpectation of Apparent Age From a Single Image}},
  author={Rothe, Rasmus and Timofte, Radu and Van Gool, Luc},
  booktitle={Proceedings of the IEEE International Conference on Computer Vision Workshop},
  pages={252--257},
  year={2015}
}

@article{rothe2018deep,
  title={{Deep Expectation of Real and Apparent Age from a Single Image Without Facial Landmarks}},
  author={Rothe, Rasmus and Timofte, Radu and Van Gool, Luc},
  journal={International Journal of Computer Vision},
  volume={126},
  number={2},
  pages={144--157},
  year={2018},
  publisher={Springer},
}

@article{karras2017progressive,
  title={{Progressive Growing of GANs for Improved Quality, Stability, and Variation}},
  author={Karras, Tero and Aila, Timo and Laine, Samuli and Lehtinen, Jaakko},
  journal={arXiv preprint arXiv:1710.10196},
  year={2017}
}

@inproceedings{liu2015deep,
  title={{Deep Learning Face Attributes in the Wild}},
  author={Liu, Ziwei and Luo, Ping and Wang, Xiaogang and Tang, Xiaoou},
  booktitle={Proceedings of the IEEE International Conference on Computer Vision},
  pages={3730--3738},
  year={2015}
}

@misc{Biard2016,
    title = {Image taken by Georges Biard and can be found \href{https://commons.wikimedia.org/wiki/File:Robert_De_Niro_Cannes_2016.jpg}{here}. License: \href{https://creativecommons.org/licenses/by-sa/3.0/deed.en}{Attribution-ShareAlike 3.0 Unported (CC BY-SA 3.0)}},
    author = {Georges Biard},
    year = {2016},
}

@misc{deBesanez1990,
    title = {Image taken by Gorup de Besanez and can be found \href{https://commons.wikimedia.org/wiki/File:1990_Venice_Film_Festival_Robert_De_Niro.jpg}{here}. License: \href{https://creativecommons.org/licenses/by-sa/4.0/deed.en}{Attribution-ShareAlike 4.0 International (CC BY-SA 4.0)}},
    author = {Gorup de Besanez},
    year = {1990},
}

@misc{Shankbone2008,
    title = {Image taken by David Shankbone and can be found \href{https://commons.wikimedia.org/wiki/File:Robert_De_Niro_by_David_Shankbone.jpg}{here}. License: \href{https://creativecommons.org/licenses/by-sa/3.0/deed.en}{Attribution-Share Alike 3.0 Unported}},
    author = {David Shankbone},
    year = {2008},
}

@misc{Shankbone2010,
    title = {Image taken by David Shankbone and can be found \href{https://commons.wikimedia.org/wiki/File:Robert_De_Niro_Shankbone_2010_NYC.jpg}{here}. License: \href{https://creativecommons.org/licenses/by/3.0/deed.en}{Attribution 3.0 Unported (CC BY 3.0)}},
    author = {David Shankbone},
    year = {2010},
}

@misc{deSouza2019,
    title = {Image taken by Jaqueline de Souza and can be found \href{https://commons.wikimedia.org/wiki/File:Robert_De_Niro,_pr\%C3\%A9-estreia_de_\%22O_Irland\%C3\%AAs\%22_(Los_Angeles,_Out,_2019).jpg}{here}. License: \href{https://creativecommons.org/licenses/by-sa/4.0/deed.en}{Attribution-ShareAlike 4.0 International (CC BY-SA 4.0)}},
    author = {Jaqueline de Souza},
    year = {2019},
}

@misc{George2012,
    title = {Image taken by Angela George and can be found \href{https://commons.wikimedia.org/wiki/File:Tom_Hanks_face.jpg}{here}. License: \href{https://creativecommons.org/licenses/by-sa/3.0/deed.en}{Attribution-ShareAlike 3.0 Unported (CC BY-SA 3.0)}},
    author = {Angela George},
    year = {2012},
}

@misc{Korush2020,
    title = {Image taken by Korush and Millie and can be found \href{https://commons.wikimedia.org/wiki/File:TOM_HANKS_jpg.jpg}{here}. License: \href{https://creativecommons.org/licenses/by-sa/4.0/deed.en}{Attribution-ShareAlike 4.0 International (CC BY-SA 4.0)}},
    author = {Korush and Millie},
    year = {2020},
}

@misc{Light1989,
    title = {Image taken by Alan Light and can be found \href{https://commons.wikimedia.org/wiki/File:1989_Tom_Hanks_(cropped).jpg}{here}. License: \href{https://creativecommons.org/licenses/by/2.0/deed.en}{Attribution 2.0 Generic (CC BY 2.0)}},
    author = {Alan Light},
    year = {1989},
}

@misc{US2014,
    title = {Image taken from \href{https://commons.wikimedia.org/wiki/File:Tom_Hanks_2014.jpg}{here}. Licensed under the Public Domain as a work of the U.S. federal government},
    author = {Government U.S.},
    year = {2014},
}

@misc{Bauld2019,
    title = {Image taken by John Bauld and can be found \href{https://commons.wikimedia.org/wiki/File:Tom_Hanks_TIFF_2019.jpg}{here}. License: \href{https://creativecommons.org/licenses/by/2.0/deed.en}{Attribution 2.0 Generic (CC BY 2.0)}},
    author = {John Bauld},
    year = {2019},
}

@article{burton2016identity,
  title={Identity from variation: Representations of faces derived from multiple instances},
  author={Burton, A Mike and Kramer, Robin SS and Ritchie, Kay L and Jenkins, Rob},
  journal={Cognitive Science},
  volume={40},
  number={1},
  pages={202--223},
  year={2016},
  publisher={Wiley Online Library}
}

@article{jenkins2011variability,
  title={Variability in photos of the same face},
  author={Jenkins, Rob and White, David and Van Montfort, Xandra and Burton, A Mike},
  journal={Cognition},
  volume={121},
  number={3},
  pages={313--323},
  year={2011},
  publisher={Elsevier}
}

@article{johnston1997exploring,
  title={Exploring the structure of multidimensional face-space: The effects of age and gender},
  author={Johnston, Robert A and Kanazawa, Masami and Kato, Takashi and Oda, Masaomi},
  journal={Visual Cognition},
  volume={4},
  number={1},
  pages={39--57},
  year={1997},
  publisher={Taylor \& Francis}
}

@article{clutterbuck2002exploring,
  title={Exploring levels of face familiarity by using an indirect face-matching measure},
  author={Clutterbuck, Ruth and Johnston, Robert A},
  journal={Perception},
  volume={31},
  number={8},
  pages={985--994},
  year={2002},
  publisher={SAGE Publications Sage UK: London, England}
}

@article{megreya2006unfamiliar,
  title={Unfamiliar faces are not faces: Evidence from a matching task},
  author={Megreya, Ahmed M and Burton, A Mike},
  journal={Memory \& cognition},
  volume={34},
  number={4},
  pages={865--876},
  year={2006},
  publisher={Springer},
}

@article{megreya2008matching,
  title={Matching faces to photographs: poor performance in eyewitness memory (without the memory).},
  author={Megreya, Ahmed M and Burton, A Mike},
  journal={Journal of Experimental Psychology: Applied},
  volume={14},
  number={4},
  pages={364},
  year={2008},
  publisher={American Psychological Association}
}

@inproceedings{collins2020editing,
  title={Editing in style: Uncovering the local semantics of gans},
  author={Collins, Edo and Bala, Raja and Price, Bob and Susstrunk, Sabine},
  booktitle={Proceedings of the IEEE/CVF Conference on Computer Vision and Pattern Recognition},
  pages={5771--5780},
  year={2020}
}

@article{yang2021semantic,
  title={{Semantic Hierarchy Emerges in Deep Generative Representations for Scene Synthesis}},
  author={Yang, Ceyuan and Shen, Yujun and Zhou, Bolei},
  journal={International Journal of Computer Vision},
  volume={129},
  number={5},
  pages={1451--1466},
  year={2021},
  publisher={Springer},
}

@article{radford2015unsupervised,
  title={Unsupervised representation learning with deep convolutional generative adversarial networks},
  author={Radford, Alec and Metz, Luke and Chintala, Soumith},
  journal={arXiv preprint arXiv:1511.06434},
  year={2015}
}

@article{brock2018large,
  title={Large scale GAN training for high fidelity natural image synthesis},
  author={Brock, Andrew and Donahue, Jeff and Simonyan, Karen},
  journal={arXiv preprint arXiv:1809.11096},
  year={2018}
}

@inproceedings{ioffe2015batch,
  title={Batch normalization: Accelerating deep network training by reducing internal covariate shift},
  author={Ioffe, Sergey and Szegedy, Christian},
  booktitle={International Conference on Machine Learning},
  pages={448--456},
  year={2015},
  organization={PMLR}
}

@article{jahanian2019steerability,
  title={{On the "steerability" of generative adversarial networks}},
  author={Jahanian, Ali and Chai, Lucy and Isola, Phillip},
  journal={arXiv preprint arXiv:1907.07171},
  year={2019}
}

@inproceedings{eastwood2018framework,
  title={{A Framework for the Quantitative Evaluation of Disentangled Representations}},
  author={Eastwood, Cian and Williams, Christopher KI},
  booktitle={International Conference on Learning Representations},
  year={2018}
}

@article{ridgeway2018learning,
  title={{Learning Deep Disentangled Embeddings with the F-Statistic Loss}},
  author={Ridgeway, Karl and Mozer, Michael C},
  journal={Advances in Neural Information Processing Systems},
  volume={31},
  year={2018}
}

@article{yu2015lsun,
  title={Lsun: Construction of a large-scale image dataset using deep learning with humans in the loop},
  author={Yu, Fisher and Seff, Ari and Zhang, Yinda and Song, Shuran and Funkhouser, Thomas and Xiao, Jianxiong},
  journal={arXiv preprint arXiv:1506.03365},
  year={2015}
}

@inproceedings{abdal2020image2stylegan++,
  title={Image2stylegan++: How to edit the embedded images?},
  author={Abdal, Rameen and Qin, Yipeng and Wonka, Peter},
  booktitle={Proceedings of the IEEE/CVF Conference on Computer Vision and Pattern Recognition},
  pages={8296--8305},
  year={2020}
}

@article{bau2018gan,
  title={Gan dissection: Visualizing and understanding generative adversarial networks},
  author={Bau, David and Zhu, Jun-Yan and Strobelt, Hendrik and Zhou, Bolei and Tenenbaum, Joshua B and Freeman, William T and Torralba, Antonio},
  journal={arXiv preprint arXiv:1811.10597},
  year={2018}
}

@article{bau2020semantic,
  title={Semantic photo manipulation with a generative image prior},
  author={Bau, David and Strobelt, Hendrik and Peebles, William and Wulff, Jonas and Zhou, Bolei and Zhu, Jun-Yan and Torralba, Antonio},
  journal={arXiv preprint arXiv:2005.07727},
  year={2020}
}

@inproceedings{collins2020editing,
  title={Editing in style: Uncovering the local semantics of gans},
  author={Collins, Edo and Bala, Raja and Price, Bob and Susstrunk, Sabine},
  booktitle={Proceedings of the IEEE/CVF Conference on Computer Vision and Pattern Recognition},
  pages={5771--5780},
  year={2020}
}

@inproceedings{xu2021generative,
  title={Generative hierarchical features from synthesizing images},
  author={Xu, Yinghao and Shen, Yujun and Zhu, Jiapeng and Yang, Ceyuan and Zhou, Bolei},
  booktitle={Proceedings of the IEEE/CVF Conference on Computer Vision and Pattern Recognition},
  pages={4432--4442},
  year={2021}
}

@article{gabbay2019style,
  title={Style generator inversion for image enhancement and animation},
  author={Gabbay, Aviv and Hoshen, Yedid},
  journal={arXiv preprint arXiv:1906.11880},
  year={2019}
}

@inproceedings{gu2020image,
  title={Image processing using multi-code gan prior},
  author={Gu, Jinjin and Shen, Yujun and Zhou, Bolei},
  booktitle={Proceedings of the IEEE/CVF Conference on Computer Vision and Pattern Recognition},
  pages={3012--3021},
  year={2020}
}

@article{pan2021exploiting,
  title={Exploiting deep generative prior for versatile image restoration and manipulation},
  author={Pan, Xingang and Zhan, Xiaohang and Dai, Bo and Lin, Dahua and Loy, Chen Change and Luo, Ping},
  journal={IEEE Transactions on Pattern Analysis and Machine Intelligence},
  year={2021},
  publisher={IEEE}
}

@article{nitzan2020disentangling,
  title={Disentangling in latent space by harnessing a pretrained generator},
  author={Nitzan, Yotam and Bermano, Amit and Li, Yangyan and Cohen-Or, Daniel},
  journal={arXiv preprint arXiv:2005.07728},
  volume={2},
  number={3},
  year={2020}
}

@inproceedings{shen2021closed,
  title={Closed-form factorization of latent semantics in gans},
  author={Shen, Yujun and Zhou, Bolei},
  booktitle={Proceedings of the IEEE/CVF Conference on Computer Vision and Pattern Recognition},
  pages={1532--1540},
  year={2021}
}

@inproceedings{peebles2020hessian,
  title={The hessian penalty: A weak prior for unsupervised disentanglement},
  author={Peebles, William and Peebles, John and Zhu, Jun-Yan and Efros, Alexei and Torralba, Antonio},
  booktitle={Proceedings of the European Conference on Computer Vision},
  pages={581--597},
  year={2020},
  publisher={Springer},
}

@inproceedings{lee2020maskgan,
  title={{MaskGAN: Towards Diverse and Interactive Facial Image Manipulation}},
  author={Lee, Cheng-Han and Liu, Ziwei and Wu, Lingyun and Luo, Ping},
  booktitle={Proceedings of the IEEE/CVF Conference on Computer Vision and Pattern Recognition},
  pages={5549--5558},
  year={2020}
}

@inproceedings{yu2018bisenet,
  title={Bisenet: Bilateral segmentation network for real-time semantic segmentation},
  author={Yu, Changqian and Wang, Jingbo and Peng, Chao and Gao, Changxin and Yu, Gang and Sang, Nong},
  booktitle={Proceedings of the European Conference on Computer Vision},
  pages={325--341},
  year={2018}
}

@inproceedings{bau2017network,
  title={Network dissection: Quantifying interpretability of deep visual representations},
  author={Bau, David and Zhou, Bolei and Khosla, Aditya and Oliva, Aude and Torralba, Antonio},
  booktitle={Proceedings of the IEEE Conference on Computer Vision and Pattern Recognition},
  pages={6541--6549},
  year={2017}
}

@inproceedings{xiao2018unified,
  title={Unified perceptual parsing for scene understanding},
  author={Xiao, Tete and Liu, Yingcheng and Zhou, Bolei and Jiang, Yuning and Sun, Jian},
  booktitle={Proceedings of the European Conference on Computer Vision (ECCV)},
  pages={418--434},
  year={2018}
}

@inproceedings{zhu2016generative,
  title={Generative visual manipulation on the natural image manifold},
  author={Zhu, Jun-Yan and Kr{\"a}henb{\"u}hl, Philipp and Shechtman, Eli and Efros, Alexei A},
  booktitle={Proceedings of the European Conference on Computer Vision},
  pages={597--613},
  year={2016},
  publisher={Springer},
}

@inproceedings{pidhorskyi2020adversarial,
  title={{Adversarial Latent Autoencoders}},
  author={Pidhorskyi, Stanislav and Adjeroh, Donald A and Doretto, Gianfranco},
  booktitle={Proceedings of the IEEE/CVF Conference on Computer Vision and Pattern Recognition},
  pages={14104--14113},
  year={2020}
}

@inproceedings{wu2021stylespace,
  title={{StyleSpace Analysis: Disentangled Controls for StyleGAN Image Generation}},
  author={Wu, Zongze and Lischinski, Dani and Shechtman, Eli},
  booktitle={Proceedings of the IEEE/CVF Conference on Computer Vision and Pattern Recognition},
  pages={12863--12872},
  year={2021}
}

@misc{facepp,
  title={{Face++ research toolkit}},
  author={Inc. and M.},
  howpublished = {\url{http://www.faceplusplus.com}},
}

@article{heusel2017gans,
  title={{GANs Trained by a Two Time-Scale Update Rule Converge to a Local Nash Equilibrium}},
  author={Heusel, Martin and Ramsauer, Hubert and Unterthiner, Thomas and Nessler, Bernhard and Hochreiter, Sepp},
  journal={Advances in Neural Information Processing Systems},
  volume={30},
  pages={6626--6637},
  year={2017}
}

@inproceedings{patashnik2021styleclip,
  title={{StyleCLIP: Text-Driven Manipulation of StyleGAN Imagery}},
  author={Patashnik, Or and Wu, Zongze and Shechtman, Eli and Cohen-Or, Daniel and Lischinski, Dani},
  booktitle={Proceedings of the IEEE/CVF International Conference on Computer Vision},
  pages={2065--2074},
  year={2021}
}

@inproceedings{liu2015faceattributes,
  title = {Deep Learning Face Attributes in the Wild},
  author = {Liu, Ziwei and Luo, Ping and Wang, Xiaogang and Tang, Xiaoou},
  booktitle = {Proceedings of International Conference on Computer Vision (ICCV)},
  month = {December},
  year = {2015} 
}

@article{kingma2014adam,
  title={{Adam: A Method for Stochastic Optimization}},
  author={Kingma, Diederik P and Ba, Jimmy},
  journal={arXiv preprint arXiv:1412.6980},
  year={2014}
}

@misc{zllrunni99,
author = {},
title = {{zllrunning/face-parsing.PyTorch: Using modified BiSeNet for face parsing in PyTorch}},
howpublished = {\url{https://github.com/zllrunning/face-parsing.PyTorch}},
month = {},
year = {},
note = {(Accessed on 12/23/2022)}
}

@inproceedings{alaluf2021restyle,
  title={{ReStyle: {A} Residual-Based StyleGAN Encoder via Iterative Refinement}},
  author={Alaluf, Yuval and Patashnik, Or and Cohen-Or, Daniel},
  booktitle={Proceedings of the IEEE/CVF International Conference on Computer Vision},
  pages={6691--6700},
  year={2021}
}

@misc{ndb796Fa42,
  author = {Na, Dongbin},
  title = {{ndb796/Face-Gender-Classification-PyTorch: Face Gender Classification Tutorial: PyTorch Implementations}},
  howpublished = {\url{https://github.com/ndb796/Face-Gender-Classification-PyTorch}},
}


@article{liu2019variance,
  title={{On the Variance of the Adaptive Learning Rate and Beyond}},
  author={Liu, Liyuan and Jiang, Haoming and He, Pengcheng and Chen, Weizhu and Liu, Xiaodong and Gao, Jianfeng and Han, Jiawei},
  journal={arXiv preprint arXiv:1908.03265},
  year={2019}
}

@article{zhang2019lookahead,
  title={{Lookahead Optimizer: k steps forward, 1 step back}},
  author={Zhang, Michael and Lucas, James and Ba, Jimmy and Hinton, Geoffrey E},
  journal={Advances in Neural Information Processing Systems},
  volume={32},
  pages     = {9593--9604},
  year={2019}
}

@inproceedings{gomez2022custom,
  title={{Custom structure preservation in face aging}},
  author={Gomez-Trenado, Guillermo and Lathuili{\`e}re, St{\'e}phane and Mesejo, Pablo and Cord{\'o}n, {\'O}scar},
  booktitle={Proceedings of the European Conference on Computer Vision},
  pages={565--580},
  year={2022},
  publisher={Springer},
}

@inproceedings{isola2017image,
  title={{Image-to-Image Translation with Conditional Adversarial Networks}},
  author={Isola, Phillip and Zhu, Jun-Yan and Zhou, Tinghui and Efros, Alexei A},
  booktitle={Proceedings of the IEEE Conference on Computer Vision and Pattern Recognition},
  pages={5967--5976},
  year={2017}
}

@inproceedings{shen2020interpreting,
  title={{Interpreting the Latent Space of GANs for Semantic Face Editing}},
  author={Shen, Yujun and Gu, Jinjin and Tang, Xiaoou and Zhou, Bolei},
  booktitle={Proceedings of the IEEE/CVF Conference on Computer Vision and Pattern Recognition},
  year={2020}
}

@inproceedings{radford2021learning,
  title={{Learning Transferable Visual Models From Natural Language Supervision}},
  author={Radford, Alec and Kim, Jong Wook and Hallacy, Chris and Ramesh, Aditya and Goh, Gabriel and Agarwal, Sandhini and Sastry, Girish and Askell, Amanda and Mishkin, Pamela and Clark, Jack and others},
  booktitle={International Conference on Machine Learning},
  pages={8748--8763},
  year={2021},
  organization={PMLR}
}

@inproceedings{parihar2022everything,
  title={{Everything is There in Latent Space: Attribute Editing and Attribute Style Manipulation by StyleGAN Latent Space Exploration}},
  author={Parihar, Rishubh and Dhiman, Ankit and Karmali, Tejan},
  booktitle={Proceedings of the 30th ACM International Conference on Multimedia},
  pages={1828--1836},
  year={2022}
}

@article{zoss2022production,
  title={{Production-Ready Face Re-Aging for Visual Effects}},
  author={Zoss, Gaspard and Chandran, Prashanth and Sifakis, Eftychios and Gross, Markus and Gotardo, Paulo and Bradley, Derek},
  journal={ACM Trans. on Graph.},
  volume={41},
  number={6},
  pages={1--12},
  year={2022},
  publisher={ACM New York, NY, USA}
}

@inproceedings{rombach2022high,
  title={{High-Resolution Image Synthesis with Latent Diffusion Models}},
  author={Rombach, Robin and Blattmann, Andreas and Lorenz, Dominik and Esser, Patrick and Ommer, Bj{\"o}rn},
  booktitle={CVPR},
  pages={10684--10695},
  year={2022}
}

@inproceedings{avrahami2022blended,
  title={{Blended Diffusion for Text-Driven Editing of Natural Images}},
  author={Avrahami, Omri and Lischinski, Dani and Fried, Ohad},
  booktitle={CVPR},
  pages={18208--18218},
  year={2022}
}

@article{avrahami2022blendedl,
  title={{Blended Latent Diffusion}},
  author={Avrahami, Omri and Fried, Ohad and Lischinski, Dani},
  journal={arXiv preprint arXiv:2206.02779},
  year={2022}
}

@inproceedings{go2023towards,
  title={{Towards Practical Plug-and-Play Diffusion Models}},
  author={Go, Hyojun and Lee, Yunsung and Kim, Jin-Young and Lee, Seunghyun and Jeong, Myeongho and Lee, Hyun Seung and Choi, Seungtaek},
  booktitle={CVPR},
  pages={1962--1971},
  year={2023}
}

@article{song2020denoising,
  title={{Denoising Diffusion Implicit Models}},
  author={Song, Jiaming and Meng, Chenlin and Ermon, Stefano},
  journal={arXiv preprint arXiv:2010.02502},
  year={2020}
}

@inproceedings{dhariwal2021diffusion,
  title={{Diffusion Models Beat GANs on Image Synthesis}},
  author={Dhariwal, Prafulla and Nichol, Alexander},
  booktitle={NeurIPS},
  volume={34},
  pages={8780--8794},
  year={2021}
}

@article{ho2021classifier,
  author       = {Jonathan Ho and
                  Tim Salimans},
  title        = {Classifier-Free Diffusion Guidance},
  journal      = {CoRR},
  volume       = {abs/2207.12598},
  year         = {2022}
}
@comment{ho2021classifier,
  title={{Classifier-Free Diffusion Guidance}},
  author={Ho, Jonathan and Salimans, Tim},
  booktitle={NeurIPS},
  year={2021}
}

@inproceedings{chattopadhay2018grad,
  author={Chattopadhay, Aditya and Sarkar, Anirban and Howlader, Prantik and Balasubramanian, Vineeth N},
  booktitle={WACV}, 
  title={{Grad-CAM++: Generalized Gradient-Based Visual Explanations for Deep Convolutional Networks}}, 
  year={2018},
  volume={},
  number={},
  pages={839-847},
  doi={10.1109/WACV.2018.00097}
}

@inproceedings{chen2023face,
  author       = {Xiangyi Chen and
                  St{\'{e}}phane Lathuili{\`{e}}re},
  title        = {Face Aging via Diffusion-based Editing},
  booktitle    = {34th British Machine Vision Conference 2023, {BMVC} 2023},
  year         = {2023},
}

@article{zhao2023null,
  title={Null-text Guidance in Diffusion Models is Secretly a Cartoon-style Creator},
  author={Zhao, Jing and Zheng, Heliang and Wang, Chaoyue and Lan, Long and Huang, Wanrong and Yang, Wenjing},
  journal={arXiv preprint arXiv:2305.06710},
  year={2023}
}

@article{sauer2023adversarial,
  title={Adversarial Diffusion Distillation},
  author={Sauer, Axel and Lorenz, Dominik and Blattmann, Andreas and Rombach, Robin},
  journal={arXiv preprint arXiv:2311.17042},
  year={2023}
}

@inproceedings{chen2014cross,
  title={Cross-age reference coding for age-invariant face recognition and retrieval},
  author={Chen, Bor-Chun and Chen, Chu-Song and Hsu, Winston H},
  booktitle={Computer Vision--ECCV 2014: 13th European Conference, Zurich, Switzerland, September 6-12, 2014, Proceedings, Part VI 13},
  pages={768--783},
  year={2014},
  organization={Springer}
}

@inproceedings{richardson2021encoding,
  title={Encoding in style: a stylegan encoder for image-to-image translation},
  author={Richardson, Elad and Alaluf, Yuval and Patashnik, Or and Nitzan, Yotam and Azar, Yaniv and Shapiro, Stav and Cohen-Or, Daniel},
  booktitle={Proceedings of the IEEE/CVF conference on computer vision and pattern recognition},
  pages={2287--2296},
  year={2021}
}

@inproceedings{mechrez2018contextual,
  title={The contextual loss for image transformation with non-aligned data},
  author={Mechrez, Roey and Talmi, Itamar and Zelnik-Manor, Lihi},
  booktitle={Proceedings of the European conference on computer vision (ECCV)},
  pages={768--783},
  year={2018}
}

@inproceedings{zhang2020cross,
  title={Cross-domain correspondence learning for exemplar-based image translation},
  author={Zhang, Pan and Zhang, Bo and Chen, Dong and Yuan, Lu and Wen, Fang},
  booktitle={Proceedings of the IEEE/CVF conference on computer vision and pattern recognition},
  pages={5143--5153},
  year={2020}
}

@inproceedings{banerjee2023identity,
  title={Identity-preserving aging of face images via latent diffusion models},
  author={Banerjee, Sudipta and Mittal, Govind and Joshi, Ameya and Hegde, Chinmay and Memon, Nasir},
  booktitle={2023 IEEE International Joint Conference on Biometrics (IJCB)},
  pages={1--10},
  year={2023},
  organization={IEEE}
}

@inproceedings{hertz2022prompt,
  author       = {Amir Hertz and
                  Ron Mokady and
                  Jay Tenenbaum and
                  Kfir Aberman and
                  Yael Pritch and
                  Daniel Cohen{-}Or},
  title        = {Prompt-to-Prompt Image Editing with Cross-Attention Control},
  booktitle    = {The Eleventh International Conference on Learning Representations,
                  {ICLR} 2023},
  publisher    = {OpenReview.net},
  year         = {2023}
}
@comment{hertz2022prompt,
  title={Prompt-to-prompt image editing with cross attention control},
  author={Hertz, Amir and Mokady, Ron and Tenenbaum, Jay and Aberman, Kfir and Pritch, Yael and Cohen-Or, Daniel},
  booktitle={arXiv preprint arXiv:2208.01626},
  year={2022}
}

@inproceedings{mokady2023null,
  title={Null-text inversion for editing real images using guided diffusion models},
  author={Mokady, Ron and Hertz, Amir and Aberman, Kfir and Pritch, Yael and Cohen-Or, Daniel},
  booktitle={Proceedings of the IEEE/CVF Conference on Computer Vision and Pattern Recognition},
  pages={6038--6047},
  year={2023}
}

@inproceedings{ruiz2022dreambooth,
  author       = {Nataniel Ruiz and
                  Yuanzhen Li and
                  Varun Jampani and
                  Yael Pritch and
                  Michael Rubinstein and
                  Kfir Aberman},
  title        = {{DreamBooth}: Fine Tuning Text-to-Image Diffusion Models for Subject-Driven
                  Generation},
  booktitle    = {{IEEE/CVF} Conference on Computer Vision and Pattern Recognition,
                  {CVPR} 2023},
  pages        = {22500--22510},
  publisher    = {{IEEE}},
  year         = {2023}
}
@comment{ruiz2022dreambooth,
  title={DreamBooth: Fine Tuning Text-to-image Diffusion Models for Subject-Driven Generation},
  author={Ruiz, Nataniel and Li, Yuanzhen and Jampani, Varun and Pritch, Yael and Rubinstein, Michael and Aberman, Kfir},
  booktitle={arXiv preprint arxiv:2208.12242},
  year={2022}
}

@inproceedings{moschoglou2017agedb,
  author       = {Stylianos Moschoglou and
                  Athanasios Papaioannou and
                  Christos Sagonas and
                  Jiankang Deng and
                  Irene Kotsia and
                  Stefanos Zafeiriou},
  title        = {{AgeDB}: The First Manually Collected, In-the-Wild Age Database},
  booktitle    = {2017 {IEEE} Conference on Computer Vision and Pattern Recognition
                  Workshops, {CVPR} Workshops 2017},
  pages        = {1997--2005},
  publisher    = {{IEEE} Computer Society},
  year         = {2017}
}
@comment{moschoglou2017agedb,
  title={Agedb: the first manually collected, in-the-wild age database},
  author={Moschoglou, Stylianos and Papaioannou, Athanasios and Sagonas, Christos and Deng, Jiankang and Kotsia, Irene and Zafeiriou, Stefanos},
  booktitle={Proceedings of the IEEE Conference on Computer Vision and Pattern Recognition Workshop},
  volume={2},
  number={3},
  pages={5},
  year={2017}
}

@inproceedings{kang2023ddcolor,
  title={{DDColor}: Towards Photo-Realistic Image Colorization via Dual Decoders},
  author={Kang, Xiaoyang and Yang, Tao and Ouyang, Wenqi and Ren, Peiran and Li, Lingzhi and Xie, Xuansong},
  booktitle={Proceedings of the IEEE/CVF International Conference on Computer Vision},
  pages={328--338},
  year={2023}
}

@article{lin2024diffbir,
  author       = {Xinqi Lin and
                  Jingwen He and
                  Ziyan Chen and
                  Zhaoyang Lyu and
                  Ben Fei and
                  Bo Dai and
                  Wanli Ouyang and
                  Yu Qiao and
                  Chao Dong},
  title        = {{DiffBIR: Towards Blind Image Restoration with Generative Diffusion
                  Prior}},
  journal      = {CoRR},
  volume       = {abs/2308.15070},
  year         = {2023}
}
@comment{lin2024diffbir,
  title={DiffBIR: Towards Blind Image Restoration with Generative Diffusion Prior}, 
  author={Xinqi Lin and Jingwen He and Ziyan Chen and Zhaoyang Lyu and Bo Dai and Fanghua Yu and Wanli Ouyang and Yu Qiao and Chao Dong},
  year={2024},
  eprint={2308.15070},
  archivePrefix={arXiv},
  primaryClass={cs.CV}
}

@article{peng2023portraitbooth,
  title={PortraitBooth: A Versatile Portrait Model for Fast Identity-preserved Personalization},
  author={Peng, Xu and Zhu, Junwei and Jiang, Boyuan and Tai, Ying and Luo, Donghao and Zhang, Jiangning and Lin, Wei and Jin, Taisong and Wang, Chengjie and Ji, Rongrong},
  journal={arXiv preprint arXiv:2312.06354},
  year={2023}
}

@inproceedings{hu2021lora,
  author       = {Edward J. Hu and
                  Yelong Shen and
                  Phillip Wallis and
                  Zeyuan Allen{-}Zhu and
                  Yuanzhi Li and
                  Shean Wang and
                  Lu Wang and
                  Weizhu Chen},
  title        = {{LoRA}: Low-Rank Adaptation of Large Language Models},
  booktitle    = {Tenth International Conference on Learning Representations, {ICLR}
                  2022, Virtual Event, April 25-29, 2022},
  publisher    = {OpenReview.net},
  year         = {2022}
}
@comment{hu2021lora,
  title={Lora: Low-rank adaptation of large language models},
  author={Hu, Edward J and Shen, Yelong and Wallis, Phillip and Allen-Zhu, Zeyuan and Li, Yuanzhi and Wang, Shean and Wang, Lu and Chen, Weizhu},
  journal={arXiv preprint arXiv:2106.09685},
  year={2021}
}

@inproceedings{chen2020simple,
  title={A simple framework for contrastive learning of visual representations},
  author={Chen, Ting and Kornblith, Simon and Norouzi, Mohammad and Hinton, Geoffrey},
  booktitle={International conference on machine learning, {ICML} 2020},
  pages={1597--1607},
  year={2020}
}

@inproceedings{ronneberger2015u,
  title={{U-Net}: Convolutional networks for biomedical image segmentation},
  author={Ronneberger, Olaf and Fischer, Philipp and Brox, Thomas},
  booktitle={Medical image computing and computer-assisted intervention--MICCAI 2015: 18th international conference, Munich, Germany, October 5-9, 2015, proceedings, part III 18},
  pages={234--241},
  year={2015},
  organization={Springer}
}

@article{loshchilov2017decoupled,
  title={Decoupled weight decay regularization},
  author={Loshchilov, I},
  journal={arXiv preprint arXiv:1711.05101},
  year={2017}
}

@inproceedings{li2023pluralistic,
  title={Pluralistic aging diffusion autoencoder},
  author={Li, Peipei and Wang, Rui and Huang, Huaibo and He, Ran and He, Zhaofeng},
  booktitle={Proceedings of the IEEE/CVF International Conference on Computer Vision},
  pages={22613--22623},
  year={2023}
}

@inproceedings{preechakul2022diffusion,
  title={Diffusion autoencoders: Toward a meaningful and decodable representation},
  author={Preechakul, Konpat and Chatthee, Nattanat and Wizadwongsa, Suttisak and Suwajanakorn, Supasorn},
  booktitle={Proceedings of the IEEE/CVF conference on computer vision and pattern recognition},
  pages={10619--10629},
  year={2022}
}

@inproceedings{huang2023adaptive,
  title={Adaptive nonlinear latent transformation for conditional face editing},
  author={Huang, Zhizhong and Ma, Siteng and Zhang, Junping and Shan, Hongming},
  booktitle={Proceedings of the IEEE/CVF International Conference on Computer Vision},
  pages={21022--21031},
  year={2023}
}

@article{roich2022pivotal,
  title={Pivotal tuning for latent-based editing of real images},
  author={Roich, Daniel and Mokady, Ron and Bermano, Amit H and Cohen-Or, Daniel},
  journal={ACM Transactions on graphics (TOG)},
  volume={42},
  number={1},
  pages={1--13},
  year={2022},
  publisher={ACM New York, NY}
}

@inproceedings{gal2022textual,
  author       = {Rinon Gal and
                  Yuval Alaluf and
                  Yuval Atzmon and
                  Or Patashnik and
                  Amit Haim Bermano and
                  Gal Chechik and
                  Daniel Cohen{-}Or},
  title        = {An Image is Worth One Word: Personalizing Text-to-Image Generation
                  using Textual Inversion},
  booktitle    = {Eleventh International Conference on Learning Representations,
                  {ICLR} 2023},
  publisher    = {OpenReview.net},
  year         = {2023}
}
@comment{gal2022textual,
  doi = {10.48550/ARXIV.2208.01618},
  url = {https://arxiv.org/abs/2208.01618},
  author = {Gal, Rinon and Alaluf, Yuval and Atzmon, Yuval and Patashnik, Or and Bermano, Amit H. and Chechik, Gal and Cohen-Or, Daniel},
  title = {An Image is Worth One Word: Personalizing Text-to-Image Generation using Textual Inversion},
  publisher = {arXiv},
  year = {2022},
  primaryClass={cs.CV}
}

@inproceedings{kumari2023multi,
  title={Multi-concept customization of text-to-image diffusion},
  author={Kumari, Nupur and Zhang, Bingliang and Zhang, Richard and Shechtman, Eli and Zhu, Jun-Yan},
  booktitle={Proceedings of the IEEE/CVF Conference on Computer Vision and Pattern Recognition},
  pages={1931--1941},
  year={2023}
}

@inproceedings{jiang2021talk,
  title={Talk-to-edit: Fine-grained facial editing via dialog},
  author={Jiang, Yuming and Huang, Ziqi and Pan, Xingang and Loy, Chen Change and Liu, Ziwei},
  booktitle={Proceedings of the IEEE/CVF International Conference on Computer Vision},
  pages={13799--13808},
  year={2021}
}

@article{ho2020denoising,
  title={{Denoising Diffusion Probabilistic Models}},
  author={Ho, Jonathan and Jain, Ajay and Abbeel, Pieter},
  journal={Advances in neural information processing systems},
  volume={33},
  pages={6840--6851},
  year={2020}
}

@inproceedings{nitzan2022large,
  title={{LARGE: Latent-Based Regression through GAN Semantics}},
  author={Nitzan, Yotam and Gal, Rinon and Brenner, Ofir and Cohen-Or, Daniel},
  booktitle={Proceedings of the IEEE/CVF Conference on Computer Vision and Pattern Recognition},
  pages={19239--19249},
  year={2022}
}

@article{harkonen2020ganspace,
  title={{GANSpace: Discovering Interpretable GAN Controls}},
  author={H{\"a}rk{\"o}nen, Erik and Hertzmann, Aaron and Lehtinen, Jaakko and Paris, Sylvain},
  journal={Advances in neural information processing systems},
  volume={33},
  pages={9841--9850},
  year={2020}
}

@article{baumann2024continuous,
  title={{Continuous, Subject-Specific Attribute Control in T2I Models by Identifying Semantic Directions}},
  author={Baumann, Stefan Andreas and Krause, Felix and Neumayr, Michael and Stracke, Nick and Hu, Vincent Tao and Ommer, Bj{\"o}rn},
  journal={arXiv preprint arXiv:2403.17064},
  year={2024}
}

@article{kwon2022diffusion,
  title={{Diffusion Models already have a Semantic Latent Space}},
  author={Kwon, Mingi and Jeong, Jaeseok and Uh, Youngjung},
  journal={arXiv preprint arXiv:2210.10960},
  year={2022}
}

@article{nitzan2022mystyle,
  title={{MyStyle: A Personalized Generative Prior}},
  author={Nitzan, Yotam and Aberman, Kfir and He, Qiurui and Liba, Orly and Yarom, Michal and Gandelsman, Yossi and Mosseri, Inbar and Pritch, Yael and Cohen-Or, Daniel},
  journal={ACM Transactions on Graphics (TOG)},
  volume={41},
  number={6},
  pages={1--10},
  year={2022},
  publisher={ACM New York, NY, USA}
}

@article{qi2024my3dgen,
      title={{My3DGen: A Scalable Personalized 3D Generative Model}}, 
      author={Luchao Qi and Jiaye Wu and Annie N. Wang and Shengze Wang and Roni Sengupta},
      journal={arXiv preprint arXiv:2307.05468},
      year={2024},
      eprint={2307.05468} 
}
@comment{qi2024my3dgen,
  title={{My3DGen: A Scalable Personalized 3D Generative Model}}, 
  author={Luchao Qi and Jiaye Wu and Annie N. Wang and Shengze Wang and Roni Sengupta},
  year={2024},
  eprint={2307.05468},
  archivePrefix={arXiv},
  primaryClass={cs.CV},
  url={https://arxiv.org/abs/2307.05468}, 
}

@inproceedings{zeng2023mystyle++,
  title={{MyStyle++: A Controllable Personalized Generative Prior}},
  author={Zeng, Libing and Chen, Lele and Xu, Yi and Kalantari, Nima Khademi},
  booktitle={SIGGRAPH Asia 2023 Conference Papers},
  pages={1--11},
  year={2023}
}

@software{diffusers,
    author = {von Platen, Patrick and Patil, Suraj and Lozhkov, Anton and Cuenca, Pedro and Lambert, Nathan and Rasul, Kashif and Davaadorj, Mishig and Nair, Dhruv and Paul, Sayak and Liu, Steven and Berman, William and Xu, Yiyi and Wolf, Thomas},
    license = {Apache-2.0},
    title = {{Diffusers: State-of-the-art diffusion models}},
    url = {https://github.com/huggingface/diffusers},
    version = {0.12.1}
}

@article{DBLP:journals/vc/ItoEK23,
  author       = {Taishi Ito and
                  Yuki Endo and
                  Yoshihiro Kanamori},
  title        = {Age-dependent face diversification via latent space analysis},
  journal      = {Vis. Comput.},
  volume       = {39},
  number       = {8},
  pages        = {3221--3233},
  year         = {2023}
}

@article{DBLP:journals/corr/abs-2411-14521,
  author       = {Luchao Qi and
                  Jiaye Wu and
                  Bang Gong and
                  Annie N. Wang and
                  David W. Jacobs and
                  Roni Sengupta},
  title        = {MyTimeMachine: Personalized Facial Age Transformation},
  journal      = {CoRR},
  volume       = {abs/2411.14521},
  year         = {2024},
}