@article{DBLP:journals/corr/abs-2411-14521,
  author       = {Luchao Qi and
                  Jiaye Wu and
                  Bang Gong and
                  Annie N. Wang and
                  David W. Jacobs and
                  Roni Sengupta},
  title        = {MyTimeMachine: Personalized Facial Age Transformation},
  journal      = {CoRR},
  volume       = {abs/2411.14521},
  year         = {2024},
}

@article{DBLP:journals/vc/ItoEK23,
  author       = {Taishi Ito and
                  Yuki Endo and
                  Yoshihiro Kanamori},
  title        = {Age-dependent face diversification via latent space analysis},
  journal      = {Vis. Comput.},
  volume       = {39},
  number       = {8},
  pages        = {3221--3233},
  year         = {2023}
}

@article{alaluf2021only,
  title={{Only a Matter of Style: Age Transformation Using a Style-Based Regression Model}},
  author={Alaluf, Yuval and Patashnik, Or and Cohen-Or, Daniel},
  journal={ACM Transactions on Graphics},
  volume={40},
  number={4},
  pages={45:1--45:12},
  year={2021},
  publisher={ACM New York, NY, USA}
}

@inproceedings{banerjee2023identity,
  title={Identity-preserving aging of face images via latent diffusion models},
  author={Banerjee, Sudipta and Mittal, Govind and Joshi, Ameya and Hegde, Chinmay and Memon, Nasir},
  booktitle={2023 IEEE International Joint Conference on Biometrics (IJCB)},
  pages={1--10},
  year={2023},
  organization={IEEE}
}

@article{baumann2024continuous,
  title={{Continuous, Subject-Specific Attribute Control in T2I Models by Identifying Semantic Directions}},
  author={Baumann, Stefan Andreas and Krause, Felix and Neumayr, Michael and Stracke, Nick and Hu, Vincent Tao and Ommer, Bj{\"o}rn},
  journal={arXiv preprint arXiv:2403.17064},
  year={2024}
}

@inproceedings{chen2023face,
  author       = {Xiangyi Chen and
                  St{\'{e}}phane Lathuili{\`{e}}re},
  title        = {Face Aging via Diffusion-based Editing},
  booktitle    = {34th British Machine Vision Conference 2023, {BMVC} 2023},
  year         = {2023},
}

@comment{gal2022textual,
  doi = {10.48550/ARXIV.2208.01618},
  url = {https://arxiv.org/abs/2208.01618},
  author = {Gal, Rinon and Alaluf, Yuval and Atzmon, Yuval and Patashnik, Or and Bermano, Amit H. and Chechik, Gal and Cohen-Or, Daniel},
  title = {An Image is Worth One Word: Personalizing Text-to-Image Generation using Textual Inversion},
  publisher = {arXiv},
  year = {2022},
  primaryClass={cs.CV}
}

@inproceedings{gomez2022custom,
  title={{Custom structure preservation in face aging}},
  author={Gomez-Trenado, Guillermo and Lathuili{\`e}re, St{\'e}phane and Mesejo, Pablo and Cord{\'o}n, {\'O}scar},
  booktitle={Proceedings of the European Conference on Computer Vision},
  pages={565--580},
  year={2022},
  publisher={Springer},
}

@article{harkonen2020ganspace,
  title={{GANSpace: Discovering Interpretable GAN Controls}},
  author={H{\"a}rk{\"o}nen, Erik and Hertzmann, Aaron and Lehtinen, Jaakko and Paris, Sylvain},
  journal={Advances in neural information processing systems},
  volume={33},
  pages={9841--9850},
  year={2020}
}

@comment{hertz2022prompt,
  title={Prompt-to-prompt image editing with cross attention control},
  author={Hertz, Amir and Mokady, Ron and Tenenbaum, Jay and Aberman, Kfir and Pritch, Yael and Cohen-Or, Daniel},
  booktitle={arXiv preprint arXiv:2208.01626},
  year={2022}
}

@inproceedings{huang2023adaptive,
  title={Adaptive nonlinear latent transformation for conditional face editing},
  author={Huang, Zhizhong and Ma, Siteng and Zhang, Junping and Shan, Hongming},
  booktitle={Proceedings of the IEEE/CVF International Conference on Computer Vision},
  pages={21022--21031},
  year={2023}
}

@inproceedings{jiang2021talk,
  title={Talk-to-edit: Fine-grained facial editing via dialog},
  author={Jiang, Yuming and Huang, Ziqi and Pan, Xingang and Loy, Chen Change and Liu, Ziwei},
  booktitle={Proceedings of the IEEE/CVF International Conference on Computer Vision},
  pages={13799--13808},
  year={2021}
}

@inproceedings{kumari2023multi,
  title={Multi-concept customization of text-to-image diffusion},
  author={Kumari, Nupur and Zhang, Bingliang and Zhang, Richard and Shechtman, Eli and Zhu, Jun-Yan},
  booktitle={Proceedings of the IEEE/CVF Conference on Computer Vision and Pattern Recognition},
  pages={1931--1941},
  year={2023}
}

@article{kwon2022diffusion,
  title={{Diffusion Models already have a Semantic Latent Space}},
  author={Kwon, Mingi and Jeong, Jaeseok and Uh, Youngjung},
  journal={arXiv preprint arXiv:2210.10960},
  year={2022}
}

@inproceedings{li2023pluralistic,
  title={Pluralistic aging diffusion autoencoder},
  author={Li, Peipei and Wang, Rui and Huang, Huaibo and He, Ran and He, Zhaofeng},
  booktitle={Proceedings of the IEEE/CVF International Conference on Computer Vision},
  pages={22613--22623},
  year={2023}
}

@inproceedings{mokady2023null,
  title={Null-text inversion for editing real images using guided diffusion models},
  author={Mokady, Ron and Hertz, Amir and Aberman, Kfir and Pritch, Yael and Cohen-Or, Daniel},
  booktitle={Proceedings of the IEEE/CVF Conference on Computer Vision and Pattern Recognition},
  pages={6038--6047},
  year={2023}
}

@inproceedings{nitzan2022large,
  title={{LARGE: Latent-Based Regression through GAN Semantics}},
  author={Nitzan, Yotam and Gal, Rinon and Brenner, Ofir and Cohen-Or, Daniel},
  booktitle={Proceedings of the IEEE/CVF Conference on Computer Vision and Pattern Recognition},
  pages={19239--19249},
  year={2022}
}

@article{nitzan2022mystyle,
  title={{MyStyle: A Personalized Generative Prior}},
  author={Nitzan, Yotam and Aberman, Kfir and He, Qiurui and Liba, Orly and Yarom, Michal and Gandelsman, Yossi and Mosseri, Inbar and Pritch, Yael and Cohen-Or, Daniel},
  journal={ACM Transactions on Graphics (TOG)},
  volume={41},
  number={6},
  pages={1--10},
  year={2022},
  publisher={ACM New York, NY, USA}
}

@inproceedings{or2020lifespan,
  title={{Lifespan Age Transformation Synthesis}},
  author={Or-El, Roy and Sengupta, Soumyadip and Fried, Ohad and Shechtman, Eli and Kemelmacher-Shlizerman, Ira},
  booktitle={Proceedings of the European Conference on Computer Vision},
  pages={739--755},
  year={2020},
  publisher={Springer},
}

@inproceedings{parihar2022everything,
  title={{Everything is There in Latent Space: Attribute Editing and Attribute Style Manipulation by StyleGAN Latent Space Exploration}},
  author={Parihar, Rishubh and Dhiman, Ankit and Karmali, Tejan},
  booktitle={Proceedings of the 30th ACM International Conference on Multimedia},
  pages={1828--1836},
  year={2022}
}

@inproceedings{patashnik2021styleclip,
  title={{StyleCLIP: Text-Driven Manipulation of StyleGAN Imagery}},
  author={Patashnik, Or and Wu, Zongze and Shechtman, Eli and Cohen-Or, Daniel and Lischinski, Dani},
  booktitle={Proceedings of the IEEE/CVF International Conference on Computer Vision},
  pages={2065--2074},
  year={2021}
}

@comment{qi2024my3dgen,
  title={{My3DGen: A Scalable Personalized 3D Generative Model}}, 
  author={Luchao Qi and Jiaye Wu and Annie N. Wang and Shengze Wang and Roni Sengupta},
  year={2024},
  eprint={2307.05468},
  archivePrefix={arXiv},
  primaryClass={cs.CV},
  url={https://arxiv.org/abs/2307.05468}, 
}

@article{roich2022pivotal,
  title={Pivotal tuning for latent-based editing of real images},
  author={Roich, Daniel and Mokady, Ron and Bermano, Amit H and Cohen-Or, Daniel},
  journal={ACM Transactions on graphics (TOG)},
  volume={42},
  number={1},
  pages={1--13},
  year={2022},
  publisher={ACM New York, NY}
}

@inproceedings{rombach2022high,
  title={{High-Resolution Image Synthesis with Latent Diffusion Models}},
  author={Rombach, Robin and Blattmann, Andreas and Lorenz, Dominik and Esser, Patrick and Ommer, Bj{\"o}rn},
  booktitle={CVPR},
  pages={10684--10695},
  year={2022}
}

@comment{ruiz2022dreambooth,
  title={DreamBooth: Fine Tuning Text-to-image Diffusion Models for Subject-Driven Generation},
  author={Ruiz, Nataniel and Li, Yuanzhen and Jampani, Varun and Pritch, Yael and Rubinstein, Michael and Aberman, Kfir},
  booktitle={arXiv preprint arxiv:2208.12242},
  year={2022}
}

@inproceedings{shen2020interpreting,
  title={{Interpreting the Latent Space of GANs for Semantic Face Editing}},
  author={Shen, Yujun and Gu, Jinjin and Tang, Xiaoou and Zhou, Bolei},
  booktitle={Proceedings of the IEEE/CVF Conference on Computer Vision and Pattern Recognition},
  year={2020}
}

@inproceedings{wu2021stylespace,
  title={{StyleSpace Analysis: Disentangled Controls for StyleGAN Image Generation}},
  author={Wu, Zongze and Lischinski, Dani and Shechtman, Eli},
  booktitle={Proceedings of the IEEE/CVF Conference on Computer Vision and Pattern Recognition},
  pages={12863--12872},
  year={2021}
}

@inproceedings{yao2021high,
  title={{High Resolution Face Age Editing}},
  author={Yao, Xu and Puy, Gilles and Newson, Alasdair and Gousseau, Yann and Hellier, Pierre},
  booktitle={2020 25th International Conference on Pattern Recognition (ICPR)},
  pages={8624--8631},
  year={2021},
  organization={IEEE}
}

@inproceedings{zeng2023mystyle++,
  title={{MyStyle++: A Controllable Personalized Generative Prior}},
  author={Zeng, Libing and Chen, Lele and Xu, Yi and Kalantari, Nima Khademi},
  booktitle={SIGGRAPH Asia 2023 Conference Papers},
  pages={1--11},
  year={2023}
}

