@inproceedings{ActiveNeuralMap,
                  title={Active Neural Mapping},
                  author={Yan, Zike and Yang, Haoxiang and Zha, Hongbin},
                  booktitle={Intl. Conf. on Computer Vision (ICCV)},
                  year={2023}
                }

@article{BayesRays,
    title={{Bayes' Rays}: Uncertainty Quantification in Neural Radiance Fields},
    author={Goli, Lily and Reading, Cody and Sellán, Silvia and Jacobson, Alec and Tagliasacchi, Andrea},
    journal={CVPR},
    year={2024}
}

@inproceedings{CP-SLAM,
 author = {Hu, Jiarui and Mao, Mao and Bao, Hujun and Zhang, Guofeng and Cui, Zhaopeng},
 booktitle = {Advances in Neural Information Processing Systems},
 pages = {39429--39442},
 title = {CP-SLAM: Collaborative Neural Point-based SLAM System},
 volume = {36},
 year = {2023}
}

@ARTICLE{DLM,
  author={Ling, Qing and Shi, Wei and Wu, Gang and Ribeiro, Alejandro},
  journal={IEEE Transactions on Signal Processing}, 
  title={DLM: Decentralized Linearized Alternating Direction Method of Multipliers}, 
  year={2015},
  volume={63},
  number={15},
  pages={4051-4064},
}

@article{DSGD,
 author = {Lian, Xiangru and Zhang, Ce and Zhang, Huan and Hsieh, Cho-Jui and Zhang, Wei and Liu, Ji},
 journal = {Advances in Neural Information Processing Systems},
 title = {Can Decentralized Algorithms Outperform Centralized Algorithms? A Case Study for Decentralized Parallel Stochastic Gradient Descent},
 volume = {30},
 year = {2017}
}

@article{DSGT,
author = {Pu, Shi and Nedi\'{c}, Angelia},
title = {Distributed stochastic gradient tracking methods},
year = {2021},
volume = {187},
number = {1–2},
journal = {Math. Program.},
month = {may},
pages = {409–457},
numpages = {49},
}

@ARTICLE{Di-NeRF,
  author={Asadi, Mahboubeh and Zareinia, Kourosh and Saeedi, Sajad},
  journal={IEEE Robotics and Automation Letters}, 
  title={Di-NeRF: Distributed NeRF for Collaborative Learning With Relative Pose Refinement}, 
  year={2024},
  volume={9},
  number={11},
  pages={10527-10534},
}

@ARTICLE{DiNNO,
  author={Yu, Javier and Vincent, Joseph A. and Schwager, Mac},
  journal={IEEE Robotics and Automation Letters}, 
  title={DiNNO: Distributed Neural Network Optimization for Multi-Robot Collaborative Learning}, 
  year={2022},
  volume={7},
  number={2},
  pages={1896-1903}
}

@ARTICLE{H2-Mapping,
  author={Jiang, Chenxing and Zhang, Hanwen and Liu, Peize and Yu, Zehuan and Cheng, Hui and Zhou, Boyu and Shen, Shaojie},
  journal={IEEE Robotics and Automation Letters}, 
  title={H$_{2}$-Mapping: Real-Time Dense Mapping Using Hierarchical Hybrid Representation}, 
  year={2023},
  volume={8},
  number={10},
  pages={6787-6794},
}

@article{MAANS,
  author="Yu, Chao
  and Yang, Xinyi
  and Gao, Jiaxuan
  and Yang, Huazhong
  and Wang, Yu
  and Wu, Yi",
  title="Learning Efficient Multi-agent Cooperative Visual Exploration",
  journal="ECCV",
  year="2022"
}

@ARTICLE{MACIM,
  author={Deng, Yinan and Tang, Yujie and Yang, Yi and Wang, Danwei and Yue, Yufeng},
  journal={IEEE Robotics and Automation Letters}, 
  title={MACIM: Multi-Agent Collaborative Implicit Mapping}, 
  year={2024},
  volume={9},
  number={5},
  pages={4369-4376},
}

@article{NICE-SLAM,
  author       = {Zihan Zhu and
                  Songyou Peng and
                  Viktor Larsson and
                  Weiwei Xu and
                  Hujun Bao and
                  Zhaopeng Cui and
                  Martin R. Oswald and
                  Marc Pollefeys},
  title        = {{NICE-SLAM:} Neural Implicit Scalable Encoding for {SLAM}},
  journal      = {CVPR},
  year         = {2022}
}

@INPROCEEDINGS{asyn1,
  author={Zhang, Jiafeng},
  booktitle={2019 International Conference on High Performance Big Data and Intelligent Systems (HPBD\&IS)}, 
  title={Asynchronous Decentralized Consensus ADMM for Distributed Machine Learning}, 
  year={2019},
  pages={22-28},
}

@InProceedings{asyn2,
  title = 	 {Asynchronous Distributed ADMM for Consensus Optimization},
  author = 	 {Zhang, Ruiliang and Kwok, James},
  booktitle = 	 {Proceedings of the 31st International Conference on Machine Learning},
  pages = 	 {1701--1709},
  year = 	 {2014},
  volume = 	 {32},
  number =       {2},
  address = 	 {Bejing, China},
  month = 	 {22--24 Jun},
}

@ARTICLE{distributed,
  author={Nedic, Angelia and Ozdaglar, Asuman},
  journal={IEEE Transactions on Automatic Control}, 
  title={Distributed Subgradient Methods for Multi-Agent Optimization}, 
  year={2009},
  volume={54},
  number={1},
  pages={48-61},
}

@INPROCEEDINGS{ensemble,
  author={Sünderhauf, Niko and Abou-Chakra, Jad and Miller, Dimity},
  booktitle={2023 IEEE International Conference on Robotics and Automation (ICRA)}, 
  title={Density-aware NeRF Ensembles: Quantifying Predictive Uncertainty in Neural Radiance Fields}, 
  year={2023},
  pages={9370-9376},
}

@article{iMAP,
  author       = {Edgar Sucar and
                  Shikun Liu and
                  Joseph Ortiz and
                  Andrew J. Davison},
  title        = {iMAP: Implicit Mapping and Positioning in Real-Time},
  journal      = {ICCV},
  year         = {2021}
}

@article{indoor1,
  author          = {Ruwan Egodagamage and Mihran Tuceryan},
  journal         = {Journal of Sensors},
  title           = {Distributed Monocular SLAM for Indoor Map Building},
  year            = {2017}
}

@ARTICLE{indoor2,
  author={Zhang, Tianjun and Zhang, Lin and Chen, Yang and Zhou, Yicong},
  journal={IEEE Transactions on Image Processing}, 
  title={CVIDS: A Collaborative Localization and Dense Mapping Framework for Multi-Agent Based Visual-Inertial SLAM}, 
  year={2022},
  volume={31},
  pages={6562-6576}
}

@article{isdf,
    title={iSDF: Real-Time Neural Signed Distance Fields for Robot Perception},
    author={Ortiz, Joseph and Clegg, Alexander and Dong, Jing and Sucar, Edgar and Novotny, David and Zollhoefer, Michael and Mukadam, Mustafa},
    journal={Robotics: Science and Systems},
    year={2022}
}

@article{occupancy_map,
    author    = {Ye, Kai and Dong, Siyan and Fan, Qingnan and Wang, He and Yi, Li and Xia, Fei and Wang, Jue and Chen, Baoquan},
    title     = {Multi-Robot Active Mapping via Neural Bipartite Graph Matching},
    journal = {CVPR},
    year      = {2022}
}

@inproceedings{siming2024active,
  title={Active perception using neural radiance fields},
  author={Siming, H and Hsu, Christopher D and Ong, Dexter and Shao, Yifei Simon and Chaudhari, Pratik},
  booktitle={2024 American Control Conference (ACC)},
  pages={4353--4358},
  year={2024},
  organization={IEEE}
}

@article{wang2022go-surf,
  title={GO-Surf: Neural Feature Grid Optimization for Fast, High-Fidelity RGB-D Surface
  Reconstruction},
  author={Wang, Jingwen and Bleja, Tymoteusz and Agapito, Lourdes},
  journal={3DV},
  year={2022}
}

@article{wang2023coslam,
    title={Co-SLAM: Joint Coordinate and Sparse Parametric Encodings for Neural Real-Time SLAM},
    author={Wang, Hengyi and Wang, Jingwen and Agapito, Lourdes},
    journal={CVPR},
    year={2023}
  }

