@article{McGeer01041990,
  author = {McGeer, Tad}, 
  title = {\href{http://ijr.sagepub.com/content/9/2/62.abstract}{Passive Dynamic Walking}}, 
  volume = {9}, 
  number = {2}, 
  pages = {62-82}, 
  year = {1990}, 
  doi = {10.1177/027836499000900206}, 
  URL = {http://ijr.sagepub.com/content/9/2/62.abstract}, 
  eprint = {http://ijr.sagepub.com/content/9/2/62.full.pdf+html}, 
  journal = {The International Journal of Robotics Research}
}

@article{kalman1960new,
  title={A new approach to linear filtering and prediction problems},
  author={Kalman, R.E.},
  journal={Journal of Basic Engineering},
  volume={82},
  number={1},
  pages={35--45},
  year={1960},
  publisher={Citeseer}
}



@article{drive1, 
  author    = {R. Xu and H. Xiang and Z. Tu and X. Xia and M.H. Yang and J. Ma},
  title     = {V2x-vit: Vehicle-to-everything cooperative perception with vision transformer},
  journal   = {ECCV},
  year      = {2022}
}

@article{drive2,
  author    = {T.H. Wang and S. Manivasagam and M. Liang and B. Yang and W. Zeng and R. Urtasun},
  title     = {V2vnet: Vehicle-to-vehicle communication for joint perception and prediction},
  journal   = {ECCV},
  year      = {2020}
}

@article{drive3,
      title={CORE: Cooperative Reconstruction for Multi-Agent Perception}, 
      author={Binglu Wang and Lei Zhang and Zhaozhong Wang and Yongqiang Zhao and Tianfei Zhou},
      journal   = {ICCV},
      year      = {2023}
}

@article{warehouse,
  author    = {Michela Zaccaria and Mikhail Giorgini and Riccardo Monica and Jacopo Aleotti.},
  title     = {Multi-robot multiple camera people detection and tracking in automated warehouses},
  journal   = {International Conference on Industrial Informatics},
  year      = {2021}
}

@Article{UAV,
  AUTHOR = {Walker, Ory and Vanegas, Fernando and Gonzalez, Felipe},
  TITLE = {A Framework for Multi-Agent UAV Exploration and Target-Finding in GPS-Denied and Partially Observable Environments},
  JOURNAL = {Sensors},
  VOLUME = {20},
  YEAR = {2020},
  NUMBER = {17},
  ARTICLE-NUMBER = {4739}
}

@article{NeRF,
    author = {Mildenhall, Ben and Srinivasan, Pratul P. and Tancik, Matthew and Barron, Jonathan T. and Ramamoorthi, Ravi and Ng, Ren},
    title = {NeRF: representing scenes as neural radiance fields for view synthesis},
    year = {2021},
    volume = {65},
    number = {1},
    journal = {Commun. ACM},
    month = {dec},
    pages = {99–106},
    numpages = {8}
}

@inproceedings{semanticNeRF,
                author = {Shuaifeng Zhi and Tristan Laidlow and Stefan Leutenegger and Andrew Davison},
                title = {In-Place Scene Labelling and Understanding with Implicit Scene Representation},
                booktitle = {Proceedings of the International Conference on Computer Vision (ICCV)},
                year={2021}
            }

@inproceedings{lerf2023,
 author = {Kerr, Justin* and Kim, Chung Min* and Goldberg, Ken and Kanazawa, Angjoo and Tancik, Matthew},
 title = {LERF: Language Embedded Radiance Fields},
 booktitle = {International Conference on Computer Vision (ICCV)},
 year = {2023},
} 

@ARTICLE{CATNIPS1,
  author={Adamkiewicz, Michal and Chen, Timothy and Caccavale, Adam and Gardner, Rachel and Culbertson, Preston and Bohg, Jeannette and Schwager, Mac},
  journal={IEEE Robotics and Automation Letters}, 
  title={Vision-Only Robot Navigation in a Neural Radiance World}, 
  year={2022},
  volume={7},
  number={2},
  pages={4606-4613}
}

@ARTICLE{CATNIPS2,
  author={Chen, Timothy and Culbertson, Preston and Schwager, Mac},
  journal={IEEE Transactions on Robotics}, 
  title={CATNIPS: Collision Avoidance Through Neural Implicit Probabilistic Scenes}, 
  year={2024},
  volume={40},
  pages={2712-2728},

}

@article{occupancy_map,
    author    = {Ye, Kai and Dong, Siyan and Fan, Qingnan and Wang, He and Yi, Li and Xia, Fei and Wang, Jue and Chen, Baoquan},
    title     = {Multi-Robot Active Mapping via Neural Bipartite Graph Matching},
    journal = {CVPR},
    year      = {2022}
}

@article{point_cloud,
  author          = {Ruwan Egodagamage and Mihran Tuceryan},
  journal         = {Journal of Sensors},
  title           = {Distributed Monocular SLAM for Indoor Map Building},
  year            = {2017}
}

@ARTICLE{DiNNO,
  author={Yu, Javier and Vincent, Joseph A. and Schwager, Mac},
  journal={IEEE Robotics and Automation Letters}, 
  title={DiNNO: Distributed Neural Network Optimization for Multi-Robot Collaborative Learning}, 
  year={2022},
  volume={7},
  number={2},
  pages={1896-1903}
}

@ARTICLE{MACIM,
  author={Deng, Yinan and Tang, Yujie and Yang, Yi and Wang, Danwei and Yue, Yufeng},
  journal={IEEE Robotics and Automation Letters}, 
  title={MACIM: Multi-Agent Collaborative Implicit Mapping}, 
  year={2024},
  volume={9},
  number={5},
  pages={4369-4376},
}

@ARTICLE{Di-NeRF,
  author={Asadi, Mahboubeh and Zareinia, Kourosh and Saeedi, Sajad},
  journal={IEEE Robotics and Automation Letters}, 
  title={Di-NeRF: Distributed NeRF for Collaborative Learning With Relative Pose Refinement}, 
  year={2024},
  volume={9},
  number={11},
  pages={10527-10534},
}

@misc{space,
      title={Federated Multi-Agent Mapping for Planetary Exploration}, 
      author={Tiberiu-Ioan Szatmari and Abhishek Cauligi},
      year={2024},
      eprint={2404.02289},
      archivePrefix={arXiv},
}

@misc{ours,
      title={Distributed NeRF Learning for Collaborative Multi-Robot Perception}, 
      author={Hongrui Zhao and Boris Ivanovic and Negar Mehr},
      year={2024},
      eprint={2409.20289},
      archivePrefix={arXiv},
}

@INPROCEEDINGS{asyn1,
  author={Zhang, Jiafeng},
  booktitle={2019 International Conference on High Performance Big Data and Intelligent Systems (HPBD\&IS)}, 
  title={Asynchronous Decentralized Consensus ADMM for Distributed Machine Learning}, 
  year={2019},
  pages={22-28},
}



@InProceedings{asyn2,
  title = 	 {Asynchronous Distributed ADMM for Consensus Optimization},
  author = 	 {Zhang, Ruiliang and Kwok, James},
  booktitle = 	 {Proceedings of the 31st International Conference on Machine Learning},
  pages = 	 {1701--1709},
  year = 	 {2014},
  volume = 	 {32},
  number =       {2},
  address = 	 {Bejing, China},
  month = 	 {22--24 Jun},
}

@article{isdf,
    title={iSDF: Real-Time Neural Signed Distance Fields for Robot Perception},
    author={Ortiz, Joseph and Clegg, Alexander and Dong, Jing and Sucar, Edgar and Novotny, David and Zollhoefer, Michael and Mukadam, Mustafa},
    journal={Robotics: Science and Systems},
    year={2022}
}

@ARTICLE{H2-Mapping,
  author={Jiang, Chenxing and Zhang, Hanwen and Liu, Peize and Yu, Zehuan and Cheng, Hui and Zhou, Boyu and Shen, Shaojie},
  journal={IEEE Robotics and Automation Letters}, 
  title={H$_{2}$-Mapping: Real-Time Dense Mapping Using Hierarchical Hybrid Representation}, 
  year={2023},
  volume={8},
  number={10},
  pages={6787-6794},
}

@article{wang2022go-surf,
  title={GO-Surf: Neural Feature Grid Optimization for Fast, High-Fidelity RGB-D Surface
  Reconstruction},
  author={Wang, Jingwen and Bleja, Tymoteusz and Agapito, Lourdes},
  journal={3DV},
  year={2022}
}

@article{iMAP,
  author       = {Edgar Sucar and
                  Shikun Liu and
                  Joseph Ortiz and
                  Andrew J. Davison},
  title        = {iMAP: Implicit Mapping and Positioning in Real-Time},
  journal      = {ICCV},
  year         = {2021}
}

@article{NICE-SLAM,
  author       = {Zihan Zhu and
                  Songyou Peng and
                  Viktor Larsson and
                  Weiwei Xu and
                  Hujun Bao and
                  Zhaopeng Cui and
                  Martin R. Oswald and
                  Marc Pollefeys},
  title        = {{NICE-SLAM:} Neural Implicit Scalable Encoding for {SLAM}},
  journal      = {CVPR},
  year         = {2022}
}


@article{wang2023coslam,
    title={Co-SLAM: Joint Coordinate and Sparse Parametric Encodings for Neural Real-Time SLAM},
    author={Wang, Hengyi and Wang, Jingwen and Agapito, Lourdes},
    journal={CVPR},
    year={2023}
  }

@article{indoor1,
  author          = {Ruwan Egodagamage and Mihran Tuceryan},
  journal         = {Journal of Sensors},
  title           = {Distributed Monocular SLAM for Indoor Map Building},
  year            = {2017}
}

@ARTICLE{indoor2,
  author={Zhang, Tianjun and Zhang, Lin and Chen, Yang and Zhou, Yicong},
  journal={IEEE Transactions on Image Processing}, 
  title={CVIDS: A Collaborative Localization and Dense Mapping Framework for Multi-Agent Based Visual-Inertial SLAM}, 
  year={2022},
  volume={31},
  pages={6562-6576}
}

@inproceedings{CP-SLAM,
 author = {Hu, Jiarui and Mao, Mao and Bao, Hujun and Zhang, Guofeng and Cui, Zhaopeng},
 booktitle = {Advances in Neural Information Processing Systems},
 pages = {39429--39442},
 title = {CP-SLAM: Collaborative Neural Point-based SLAM System},
 volume = {36},
 year = {2023}
}

@article{MAANS,
  author="Yu, Chao
  and Yang, Xinyi
  and Gao, Jiaxuan
  and Yang, Huazhong
  and Wang, Yu
  and Wu, Yi",
  title="Learning Efficient Multi-agent Cooperative Visual Exploration",
  journal="ECCV",
  year="2022"
}

@ARTICLE{DLM,
  author={Ling, Qing and Shi, Wei and Wu, Gang and Ribeiro, Alejandro},
  journal={IEEE Transactions on Signal Processing}, 
  title={DLM: Decentralized Linearized Alternating Direction Method of Multipliers}, 
  year={2015},
  volume={63},
  number={15},
  pages={4051-4064},
}

@article{DSGD,
 author = {Lian, Xiangru and Zhang, Ce and Zhang, Huan and Hsieh, Cho-Jui and Zhang, Wei and Liu, Ji},
 journal = {Advances in Neural Information Processing Systems},
 title = {Can Decentralized Algorithms Outperform Centralized Algorithms? A Case Study for Decentralized Parallel Stochastic Gradient Descent},
 volume = {30},
 year = {2017}
}

@article{DSGT,
author = {Pu, Shi and Nedi\'{c}, Angelia},
title = {Distributed stochastic gradient tracking methods},
year = {2021},
volume = {187},
number = {1–2},
journal = {Math. Program.},
month = {may},
pages = {409–457},
numpages = {49},
}

@ARTICLE{distributed,
  author={Nedic, Angelia and Ozdaglar, Asuman},
  journal={IEEE Transactions on Automatic Control}, 
  title={Distributed Subgradient Methods for Multi-Agent Optimization}, 
  year={2009},
  volume={54},
  number={1},
  pages={48-61},
}

@INPROCEEDINGS{ensemble,
  author={Sünderhauf, Niko and Abou-Chakra, Jad and Miller, Dimity},
  booktitle={2023 IEEE International Conference on Robotics and Automation (ICRA)}, 
  title={Density-aware NeRF Ensembles: Quantifying Predictive Uncertainty in Neural Radiance Fields}, 
  year={2023},
  pages={9370-9376},
}

@INPROCEEDINGS {bayesian,
author = { Shen, Jianxiong and Ruiz, Adria and Agudo, Antonio and Moreno-Noguer, Francesc },
booktitle = { 2021 International Conference on 3D Vision (3DV) },
title = {{ Stochastic Neural Radiance Fields: Quantifying Uncertainty in Implicit 3D Representations }},
year = {2021},
pages = {972-981},
}

@article{BayesRays,
    title={{Bayes' Rays}: Uncertainty Quantification in Neural Radiance Fields},
    author={Goli, Lily and Reading, Cody and Sellán, Silvia and Jacobson, Alec and Tagliasacchi, Andrea},
    journal={CVPR},
    year={2024}
}

@inproceedings{ActiveNeuralMap,
                  title={Active Neural Mapping},
                  author={Yan, Zike and Yang, Haoxiang and Zha, Hongbin},
                  booktitle={Intl. Conf. on Computer Vision (ICCV)},
                  year={2023}
                }


@inproceedings{siming2024active,
  title={Active perception using neural radiance fields},
  author={Siming, H and Hsu, Christopher D and Ong, Dexter and Shao, Yifei Simon and Chaudhari, Pratik},
  booktitle={2024 American Control Conference (ACC)},
  pages={4353--4358},
  year={2024},
  organization={IEEE}
}


@article{instantNGP,
    author = {Thomas M\"uller and Alex Evans and Christoph Schied and Alexander Keller},
    title = {Instant Neural Graphics Primitives with a Multiresolution Hash Encoding},
    journal = {ACM Trans. Graph.},
    issue_date = {July 2022},
    volume = {41},
    number = {4},
    month = jul,
    year = {2022},
    pages = {102:1--102:15},
}

@article{oneblob,
	author = {Thomas M\"{u}ller and Brian McWilliams and Fabrice Rousselle and Markus Gross and Jan Nov\'{a}k},
	title = {Neural Importance Sampling},
	journal = {ACM Trans. Graph.},
	issue_date = {October 2019},
	volume = {38},
	number = {5},
	month = oct,
	year = {2019},
	pages = {145:1--145:19},
}


@InProceedings{neuralRGBD,
    author    = {Azinovi\'c, Dejan and Martin-Brualla, Ricardo and Goldman, Dan B and Nie{\ss}ner, Matthias and Thies, Justus},
    title     = {Neural RGB-D Surface Reconstruction},
    booktitle = {Proceedings of the IEEE/CVF Conference on Computer Vision and Pattern Recognition (CVPR)},
    month     = {June},
    year      = {2022},
    pages     = {6290-6301}
}


@ARTICLE{decentralizedCADMM,
  author={Shi, Wei and Ling, Qing and Yuan, Kun and Wu, Gang and Yin, Wotao},
  journal={IEEE Transactions on Signal Processing}, 
  title={On the Linear Convergence of the ADMM in Decentralized Consensus Optimization}, 
  year={2014},
  volume={62},
  number={7},
  pages={1750-1761},
  keywords={Convergence;Optimization;Signal processing algorithms;Linear programming;Vectors;Information exchange;Convex functions;Decentralized consensus optimization;alter nating direction method of multipliers (ADMM);linear convergence},
  doi={10.1109/TSP.2014.2304432}}

@article{globalCADMM,
  title={Distributed optimization and statistical learning via the alternating direction method of multipliers},
  author={Boyd, Stephen and Parikh, Neal and Chu, Eric and Peleato, Borja and Eckstein, Jonathan},
  journal={Foundations and Trends in Machine Learning},
  volume={3},
  number={1},
  pages={1--122},
  year={2011},
}




@article{uncertaintyCAMM,
author = {Fung, Samy Wu and Ruthotto, Lars},
title = {An Uncertainty-Weighted Asynchronous ADMM Method for Parallel PDE Parameter Estimation},
journal = {SIAM Journal on Scientific Computing},
volume = {41},
number = {5},
pages = {S129-S148},
year = {2019},
}


@article{replica19arxiv,
  title =   {The {R}eplica Dataset: A Digital Replica of Indoor Spaces},
  author =  {Julian Straub and Thomas Whelan and Lingni Ma and Yufan Chen and Erik Wijmans and Simon Green and Jakob J. Engel and Raul Mur-Artal and Carl Ren and Shobhit Verma and Anton Clarkson and Mingfei Yan and Brian Budge and Yajie Yan and Xiaqing Pan and June Yon and Yuyang Zou and Kimberly Leon and Nigel Carter and Jesus Briales and  Tyler Gillingham and  Elias Mueggler and Luis Pesqueira and Manolis Savva and Dhruv Batra and Hauke M. Strasdat and Renzo De Nardi and Michael Goesele and Steven Lovegrove and Richard Newcombe },
  journal = {arXiv preprint arXiv:1906.05797},
  year =    {2019}
}


@inproceedings{dai2017scannet,
    title={ScanNet: Richly-annotated 3D Reconstructions of Indoor Scenes},
    author={Dai, Angela and Chang, Angel X. and Savva, Manolis and Halber, Maciej and Funkhouser, Thomas and Nie{\ss}ner, Matthias},
    booktitle = {Proc. Computer Vision and Pattern Recognition (CVPR), IEEE},
    year = {2017}
}

@inproceedings{xin2024heroslam,
        title={HERO-SLAM: Hybrid Enhanced Robust Optimization of Neural SLAM},
        author={Zhe Xin, Yufeng Yue, Liangjun Zhang and Chenming Wu},
        booktitle={ICRA},
        year={2024}
}

@inproceedings{eslam,
  author = {Johari, M. M. and Carta, C. and Fleuret, F.},
  title = {{ESLAM}: Efficient Dense SLAM System Based on Hybrid Representation of Signed Distance Fields},
  booktitle = {Proceedings of the IEEE international conference on Computer Vision and Pattern Recognition (CVPR)},
  year = {2023},
  type = {Highlight}
}

@misc{marching_cube,
  author = {Pablo Márquez Neila},
  title = {PyMCubes: Marching cubes (and related algorithms) for Python},
  year = {2013},
  journal = {GitHub},
}

@article{
    ROS2,
    author = {Steven Macenski  and Tully Foote  and Brian Gerkey  and Chris Lalancette  and William Woodall },
    title = {Robot Operating System 2: Design, architecture, and uses in the wild},
    journal = {Science Robotics},
    volume = {7},
    number = {66},
    pages = {eabm6074},
    year = {2022},

}

@article{Ling2016WeightedAF,
  title={Weighted ADMM for Fast Decentralized Network Optimization},
  author={Qing Ling and Yaohua Liu and Wei Shi and Zhi Hong Tian},
  journal={IEEE Transactions on Signal Processing},
  year={2016},
  volume={64},
  pages={5930-5942},
  url={https://api.semanticscholar.org/CorpusID:16852411}
}

@INPROCEEDINGS{edge_CADMM_1,

  author={Ma, Meng and Giannakis, Georgios B.},
  booktitle={2018 52nd Asilomar Conference on Signals, Systems, and Computers}, 
  title={Graph-aware Weighted Hybrid ADMM for Fast Decentralized Optimization}, 
  year={2018},
  pages={1881-1885},
  keywords={Convergence;Convex functions;Topology;Cost function;Network topology;Optimized production technology;decentralized optimization;ADMM;weighted ADMM;hybrid ADMM},
}


@ARTICLE{edge_CADMM_2,
  author={Zhang, Chunlei and Ahmad, Muaz and Wang, Yongqiang},
  journal={IEEE Transactions on Information Forensics and Security}, 
  title={ADMM Based Privacy-Preserving Decentralized Optimization}, 
  year={2019},
  volume={14},
  number={3},
  pages={565-580},
}
