@article{aigner2022,
  author={Elad Aigner-Horev and Erel Segal-Halevi},
  title={Envy-free matchings in bipartite graphs and their applications to fair division},
  journal={Information Sciences},
  volume={587},
  pages={164--187},
  year={2022}
}

@article{AzizGMW15,
  author={Haris Aziz and Serge Gaspers and Simon Mackenzie and Toby Walsh},
  title={Fair assignment of indivisible objects under ordinal preferences},
  journal={Artificial Intelligence},
  volume={227},
  pages={71--92},
  year={2015}
}

@article{AzizHMS23,
  author={Haris Aziz and Xin Huang and Nicholas Mattei and Erel Segal-Halevi},
  title={Computing welfare-Maximizing fair allocations of indivisible goods},
  journal={European Journal of Operational Research},
  volume={307},
  number={2},
  pages={773--784},
  year={2023}
}

@inproceedings{AzizSW16,
  author={Haris Aziz and Ildik{\'{o}} Schlotter and Toby Walsh},
  title={Control of Fair Division},
  booktitle={Proceedings of the 25th International Joint Conference on Artificial Intelligence ({IJCAI} '16)},
 pages        = {67--73},
 year         = {2016}
}

@inproceedings{BabaioffEF21,
  author={Moshe Babaioff and Tomer Ezra and Uriel Feige},
  title={Fair and Truthful Mechanisms for Dichotomous Valuations},
  booktitle={Proceedings of the 35th AAAI Conference on Artificial Intelligence ({AAAI} '21)},
  pages={5119--5126},
  year={2021}
}

@inproceedings{BarmanKV18,
  author={Siddharth Barman and Sanath Kumar Krishnamurthy and Rohit Vaish},
  title={Greedy Algorithms for Maximizing Nash Social Welfare},
  booktitle={Proceedings of the 17th International Conference on Autonomous Agents and MultiAgent Systems, ({AAMAS} '18)},
  pages={7--13},
  year={2018}
}

@inproceedings{BergerCFF22,
  author={Ben Berger and Avi Cohen and Michal Feldman and Amos Fiat},
  title={Almost Full EFX Exists for Four Agents},
  booktitle={Proceedings of the 26th AAAI Conference on Artificial Intelligence  ({AAAI} '22)},
  pages={4826--4833},
  year={2022}
}

@article{BeynierCGHLMW19,
  author={Aur{\'{e}}lie Beynier and Yann Chevaleyre and Laurent Gourv{\`{e}}s and Ararat Harutyunyan and Julien Lesca and Nicolas Maudet and Ana{\"{e}}lle Wilczynski},
  title={Local envy-freeness in house allocation problems},
  journal={Autonomous Agents and Multi-Agent Systems},
  volume={33},
  number={5},
  pages={591--627},
  year={2019}
}

@inproceedings{usold,
  author={Niclas Boehmer and Robert Bredereck and Klaus Heeger and Du{\v{s}}an Knop and Junjie Luo},
  title={Multivariate Algorithmics for Eliminating Envy by Donating Goods},
  booktitle={Proceedings of the 21st International Conference on Autonomous Agents and Multiagent Systems ({AAMAS}' 22)},
  pages={127--135},
  year={2022}
}

@article{DBLP:journals/aamas/BoehmerBHKL24,
	author       = {Niclas Boehmer and
	Robert Bredereck and
	Klaus Heeger and
	Dusan Knop and
	Junjie Luo},
	title        = {Multivariate algorithmics for eliminating envy by donating goods},
	journal      = {Autonomous Agents and Multi-Agent Systems},
	volume       = {38},
	number       = {2},
	pages        = {43},
	year         = {2024},
}


@incollection{BCM16,
  author={Sylvain Bouveret and Yann Chevaleyre and Nicolas Maudet},
  title={Fair Allocation of Indivisible Goods},
  booktitle={Handbook of Computational Social Choice},
  publisher={Cambridge University Press},
  year={2016},
  editor={F. Brandt and V. Conitzer and U. Endriss and J. Lang and A. D. Procaccia},
  chapter={12}
}

@article{BouveretL08,
  author={Sylvain Bouveret and J{\'{e}}r{\^{o}}me Lang},
  title={Efficiency and Envy-freeness in Fair Division of Indivisible Goods: Logical Representation and Complexity},
  journal={Journal of Artificial Intelligence Research},
  volume={32},
  pages={525--564},
  year={2008}
}

@article{Bu22,
  author={Xiaolin Bu and Zihao Li and Shengxin Liu and Jiaxin Song and Biaoshuai Tao},
  title={On the Complexity of Maximizing Social Welfare within Fair Allocations of Indivisible Goods},
  journal={CoRR},
  volume={abs/2205.14296},
  year={2022}
}

@article{Bud11,
  author={Eric Budish},
  title={The Combinatorial Assignment Problem: Approximate Competitive Equilibrium from Equal Incomes},
  journal={Journal of Political Economy},
  volume={119},
  number={6},
  pages={1061--1103},
  year={2011}
}

@inproceedings{CGH19,
  author={Ioannis Caragiannis and Nick Gravin and Xin Huang},
  title={Envy-Freeness Up to Any Item with High Nash Welfare: The Virtue of Donating Items},
  booktitle={Proceedings of the 20th ACM Conference on Economics and Computation ({EC} '19)},
  pages={527--545},
  year={2019}
}

@article{CKMPSW19,
  author={Ioannis Caragiannis and David Kurokawa and Herv{\'e} Moulin and Ariel D. Procaccia and Nisarg Shah and Junxing Wang},
  title={The Unreasonable Fairness of Maximum Nash Welfare},
  journal={ACM Transactions on Economics and Computation},
  volume={7},
  number={3},
  pages={12:1--12:32},
  year={2019}
}


@article{DBLP:journals/siamcomp/ChaudhuryKMS21,
  author       = {Bhaskar Ray Chaudhury and
                  Telikepalli Kavitha and
                  Kurt Mehlhorn and
                  Alkmini Sgouritsa},
  title        = {A Little Charity Guarantees Almost Envy-Freeness},
  journal      = {SIAM Journal on Computing},
  volume       = {50},
  number       = {4},
  pages        = {1336--1358},
  year         = {2021},
 
}


@article{DBLP:journals/algorithmica/DornHS21,
  author={Britta Dorn and Ronald de Haan and Ildik{\'{o}} Schlotter},
  title={Obtaining a Proportional Allocation by Deleting Items},
  journal={Algorithmica},
  volume={83},
  number={5},
  pages={1559--1603},
  year={2021}
}

@article{DBLP:journals/corr/abs-2403-00943,
  author={Zack Fitzsimmons and Vignesh Viswanathan and Yair Zick},
  title={On the Hardness of Fair Allocation under Ternary Valuations},
  journal={CoRR},
  volume={abs/2403.00943},
  year={2024}
}

@article{GanSV19,
  author={Jiarui Gan and Warut Suksompong and Alexandros A. Voudouris},
  title={Envy-freeness in house allocation problems},
  journal={Mathematical Social Sciences},
  volume={101},
  pages={104--106},
  year={2019}
}

@book{DBLP:books/fm/GareyJ79,
  author={M. R. Garey and David S. Johnson},
  title={Computers and Intractability: {A} Guide to the Theory of NP-Completeness},
  publisher={W. H. Freeman},
  year={1979}
}

@inproceedings{DBLP:conf/wine/0002PP020,
  author={Daniel Halpern and Ariel D. Procaccia and Alexandros Psomas and Nisarg Shah},
  title={Fair Division with Binary Valuations: One Rule to Rule Them All},
  booktitle={Proceedings of the 16th International Conference on Web and Internet Economics  ({WINE} '20)},
  pages        = {370--383},
  year         = {2020}
}

@inproceedings{HosseiniSVWX20,
  author={Hadi Hosseini and Sujoy Sikdar and Rohit Vaish and Hejun Wang and Lirong Xia},
  title={Fair Division Through Information Withholding},
  booktitle={Proceedings of the 24th AAAI Conference on Artificial Intelligence ({AAAI} '20)},
  pages={2014--2021},
  year={2020}
}

@article{KamiyamaMS21,
  author={Naoyuki Kamiyama and Pasin Manurangsi and Warut Suksompong},
  title={On the complexity of fair house allocation},
  journal={Operations Research Letters},
  volume={49},
  number={4},
  pages={572--577},
  year={2021}
}

@article{ramshaw2012minimum,
  author={Lyle Ramshaw and Robert E Tarjan},
  title={On minimum-cost assignments in unbalanced bipartite graphs},
  journal={Technical report},
  volume={20},
  year={2012}
}


@inproceedings{DBLP:conf/faw/TaoWYZ24,
  author       = {Biaoshuai Tao and
                  Xiaowei Wu and
                  Ziqi Yu and
                  Shengwei Zhou},
  title        = {On the Existence of {EFX} (and Pareto-Optimal) Allocations for Binary
                  Chores},
  booktitle      = {Procedings of the 18th International Joint Conference on Frontiers of Algorithmics ({IJTCS-FAW} '24)},
  pages        = {33--52},
  year         = {2024},
}

@inproceedings{Wal15,
  author={Toby Walsh},
  title={Challenges in Resource and Cost Allocation},
  booktitle={Proceedings of the 29th AAAI Conference on Artificial Intelligence  ({AAAI} '15)},
  pages={4073--4077},
  year={2015}
}



@article{BL08,
 author = {Bouveret, Sylvain and Lang, J{\'e}r\^{o}me},
 title = {Efficiency and Envy-freeness in Fair Division of Indivisible Goods: Logical Representation and Complexity},
 journal = {Journal of Artificial Intelligence Research},
 volume = {32},
 number = {1},
 year = {2008},
 pages = {525--564}
}


@inproceedings{DBLP:conf/ec/CaragiannisGH19,
  author    = {Ioannis Caragiannis and
               Nick Gravin and
               Xin Huang},
  title     = {Envy-Freeness Up to Any Item with High {N}ash Welfare: The Virtue of
               Donating Items},
  booktitle = {Proceedings of the 20th ACM Conference on Economics and Computation
               ({EC} '19)},
  pages     = {527--545},
  publisher    = {{ACM}},
  year      = {2019}
}




@inproceedings{DBLP:conf/ijcai/BliemBN16,
  author       = {Bernhard Bliem and
                  Robert Bredereck and
                  Rolf Niedermeier},
  title        = {Complexity of Efficient and Envy-Free Resource Allocation: Few Agents,
                  Resources, or Utility Levels},
  booktitle    = {Proceedings of the 25th International Joint Conference on
                  Artificial Intelligence, ({IJCAI} '16)},
  pages        = {102--108},
  year         = {2016},
 
}

