@ARTICLE{10144631,
  author={Long, Zijian and Dong, Haiwei and Saddik, Abdulmotaleb El},
  journal={IEEE Internet of Things J.}, 
  title={Human-Centric Resource Allocation for the Metaverse With Multiaccess Edge Computing}, 
  year={2023},
  volume={10},
  number={22},
  pages={19993-20005},
  keywords={Metaverse;Resource management;Internet of Things;Cloud computing;Servers;Rendering (computer graphics);Headphones;Attention mechanism;extended reality ({XR});graph convolutional network;multiagent reinforcement learning},
  doi={10.1109/JIOT.2023.3283335}}

@ARTICLE{10148094,
  author={Jiang, Yuna and Kang, Jiawen and Ge, Xiaohu and Niyato, Dusit and Xiong, Zehui},
  journal={IEEE Trans. Commun.}, 
  title={{QoE} Analysis and Resource Allocation for Wireless Metaverse Services}, 
  year={2023},
  volume={71},
  number={8},
  pages={4735-4750},
  keywords={Metaverse;Quality of experience;Wireless communication;Wireless sensor networks;Resource management;Solid modeling;Games;Quality of experience;resource allocation;metaverse service selection;matching game;hedonic coalition formation game},
  doi={10.1109/TCOMM.2023.3282594}}

@ARTICLE{10185562,
  author={Chen, Junlong and Kang, Jiawen and Xu, Minrui and Xiong, Zehui and Niyato, Dusit and Chen, Chuan and Jamalipour, Abbas and Xie, Shengli},
  journal={IEEE Internet of Things J.}, 
  title={Multiagent Deep Reinforcement Learning for Dynamic Avatar Migration in {AIoT}-Enabled Vehicular Metaverses With Trajectory Prediction}, 
  year={2024},
  volume={11},
  number={1},
  pages={70-83},
  keywords={Avatars;Task analysis;Intelligent vehicles;Trajectory;Vehicle dynamics;Internet of Things;Predictive models;Artificial Intelligence of Things ({AIoT});avatar;Metaverses;multiagent deep reinforcement learning ({MADRL});service migration;trajectory prediction},
  doi={10.1109/JIOT.2023.3296075}}

@ARTICLE{10250875,
  author={Feng, Jie and Zhao, Jun},
  journal={IEEE Trans. Commun.}, 
  title={Resource Allocation for Augmented Reality Empowered Vehicular Edge Metaverse}, 
  year={2023},
  volume={},
  number={},
  pages={1-1},
  keywords={Metaverse;Resource management;Servers;Optimization;Computational modeling;Energy consumption;Edge computing;Metaverse;wireless communications;resource allocation;optimization},
  doi={10.1109/TCOMM.2023.3314892}}

@INPROCEEDINGS{10281020,
  author={Zhong, Yue and Wen, Jinbo and Kang, Jiawen and Jiang, Yuna and Liu, Lei and Huang, Xuming and Zhong, Weifeng},
  booktitle={Proc. Int. Conf. Elec. and Commun., Netw. and Comp. Tec. ({ECNCT})}, 
  title={Coalition Game for Reliable Vehicle Twin Migration in Vehicular Metaverses}, 
  year={2023},
  volume={},
  number={},
  pages={153-158},
  keywords={Industries;Metaverse;Computer network reliability;Computational modeling;Games;Reliability theory;Attenuation;Vehicular metaverses;vehicle twins;reputation;coalition game},
  doi={10.1109/ECNCT59757.2023.10281020}}

@ARTICLE{10368052,
  author={Zhao, Jun and Qian, Liangxin and Yu, Wenhan},
  journal={IEEE J. Sel. Areas Commun.}, 
  title={Human-Centric Resource Allocation in the Metaverse Over Wireless Communications}, 
  year={2024},
  volume={42},
  number={3},
  pages={514-537},
  keywords={Metaverse;Videos;Optimization;Wireless communication;Delays;Costs;Resource management;Metaverse;human-centric;resource allocation;virtual reality;wireless communications},
  doi={10.1109/JSAC.2023.3345397}}

@ARTICLE{10415630,
  author={Kang, Jiawen and Chen, Junlong and Xu, Minrui and Xiong, Zehui and Jiao, Yutao and Han, Luchao and Niyato, Dusit and Tong, Yongju and Xie, Shengli},
  journal={IEEE/CAA J. Autom. Sin.}, 
  title={{UAV}-Assisted Dynamic Avatar Task Migration for Vehicular Metaverse Services: A Multi-Agent Deep Reinforcement Learning Approach}, 
  year={2024},
  volume={11},
  number={2},
  pages={430-445},
  keywords={Deep learning;Avatars;Heuristic algorithms;Reinforcement learning;Transformers;Servers;Task analysis;Avatar;blockchain;metaverses;multi-agent deep reinforcement learning;transformer;{UAVs}},
  doi={10.1109/JAS.2023.123993}}

@ARTICLE{10505943,
  author={Kang, Jiawen and Zhang, Junhong and Yang, Helin and Ye, Dongdong and Hossain, M. Shamim},
  journal={IEEE Internet of Things J.}, 
  title={When Metaverses Meet Vehicle Road Cooperation: Multi-Agent {DRL}-Based Stackelberg Game for Vehicular Twins Migration}, 
  year={2024},
  volume={},
  number={},
  pages={1-1},
  keywords={Metaverse;Games;Materials requirements planning;Reinforcement learning;Roads;Task analysis;Privacy;Metaverse;vehicle road cooperation;multi-leader multi-follower Stackelberg game;{ADMM};deep reinforcement learning},
  doi={10.1109/JIOT.2024.3391296}}

@ARTICLE{9880566,
  author={Jiang, Yuna and Kang, Jiawen and Niyato, Dusit and Ge, Xiaohu and Xiong, Zehui and Miao, Chunyan and Shen, Xuemin},
  journal={IEEE Trans. Veh. Technol.}, 
  title={Reliable Distributed Computing for Metaverse: A Hierarchical Game-Theoretic Approach}, 
  year={2023},
  volume={72},
  number={1},
  pages={1084-1100},
  keywords={Metaverse;Reliability;Task analysis;Rendering (computer graphics);Mobile handsets;Games;Blockchains;Blockchain;coalition game;incentive mechanism;metaverse;reliable coded distributed computing;Stackelberg game},
  doi={10.1109/TVT.2022.3204839}}

@INPROCEEDINGS{9973630,
  author={Wang, Zhilin and Hut, Qin and Xu, Minghui and Jiang, Honglu},
  booktitle={Proc. Int. Conf. Mob. Ad Hoc. and Smar. Sys. ({MASS})}, 
  title={Blockchain-based Edge Resource Sharing for Metaverse}, 
  year={2022},
  volume={},
  number={},
  pages={620-626},
  keywords={Multi-access edge computing;Metaverse;Reinforcement learning;Linear programming;Resource management;Servers;Task analysis;Metaverse;mobile edge computing;blockchain;reinforcement learning},
  doi={10.1109/MASS56207.2022.00092}}

@article{zhong2023blockchain,
  title={Blockchain-assisted twin migration for vehicular metaverses: A game theory approach},
  author={Zhong, Yue and Wen, Jinbo and Zhang, Junhong and Kang, Jiawen and Jiang, Yuna and Zhang, Yang and Cheng, Yanyu and Tong, Yongju},
  journal={Trans. Emerg. Telecommun. Technol.},
  volume={34},
  number={12},
  pages={e4856},
  year={2023},
  publisher={Wiley Online Library}
}

