@ARTICLE{10376398,
  author={Liu, Lei and Feng, Jie and Wu, Celimuge and Chen, Chen and Pei, Qingqi},
  journal={IEEE J. Sel. Areas Commun.}, 
  title={Reputation Management for Consensus Mechanism in Vehicular Edge Metaverse}, 
  year={2024},
  volume={42},
  number={4},
  pages={919-932},
  keywords={Metaverse;Consensus algorithm;Resource management;Energy consumption;Collaboration;Security;Delays;Vehicular metaverse;PBFT consensus algorithm;resource allocation;vehicular edge computing},
  doi={10.1109/JSAC.2023.3345382}}
@article{anwar2024moving,
  title={A Moving Metaverse: {QoE} challenges and standards requirements for immersive media consumption in autonomous vehicles},
  author={Anwar, Muhammad Shahid and Choi, Ahyoung and Ahmad, Sadique and Aurangzeb, Khursheed and Laghari, Asif Ali and Gadekallu, Thippa Reddy and Hines, Andrew},
  journal={Appl. Soft Comput. J.},
  volume={159},
  pages={111577},
  year={2024},
  publisher={Elsevier}
}
@article{zhong2023blockchain,
  title={Blockchain-assisted twin migration for vehicular metaverses: A game theory approach},
  author={Zhong, Yue and Wen, Jinbo and Zhang, Junhong and Kang, Jiawen and Jiang, Yuna and Zhang, Yang and Cheng, Yanyu and Tong, Yongju},
  journal={Trans. Emerg. Telecommun. Technol.},
  volume={34},
  number={12},
  pages={e4856},
  year={2023},
  publisher={Wiley Online Library}
}
@ARTICLE{10273374,
  author={Tang, Chaogang and Wu, Huaming and Li, Ruidong and Zhu, Chunsheng and Rodrigues, Joel J. P. C.},
  journal={IEEE Netw.}, 
  title={A Systematic Exploration of Edge Computing-Enabled Metaverse}, 
  year={2023},
  volume={37},
  number={6},
  pages={10-17},
  keywords={Metaverse;Edge computing;Cloud computing;Digital twins;Task analysis;Computer architecture;Rendering (computer graphics);Virtual reality;Semantic Web;Metaverse;Edge computing;Task offloading;Resource allocation;Digital twins},
  doi={10.1109/MNET.2023.3321541}}
@INPROCEEDINGS{10061743,
  author={Wang, Yitong and Zhao, Jun},
  booktitle={2022 IEEE 8th International Conference on Collaboration and Internet Computing ({CIC})}, 
  title={A Survey of Mobile Edge Computing for the Metaverse: Architectures, Applications, and Challenges}, 
  year={2022},
  volume={},
  number={},
  pages={1-9},
  keywords={Multi-access edge computing;Three-dimensional displays;Metaverse;Computer architecture;Solids;Rendering (computer graphics);Sparks;Metaverse;Edge Computing;Extended Reality;Augmented Reality;Virtual Reality;Blockchain.},
  doi={10.1109/CIC56439.2022.00011}}
@INPROCEEDINGS{9973630,
  author={Wang, Zhilin and Hut, Qin and Xu, Minghui and Jiang, Honglu},
  booktitle={Proc. Int. Conf. Mob. Ad Hoc. and Smar. Sys. ({MASS})}, 
  title={Blockchain-based Edge Resource Sharing for Metaverse}, 
  year={2022},
  volume={},
  number={},
  pages={620-626},
  keywords={Multi-access edge computing;Metaverse;Reinforcement learning;Linear programming;Resource management;Servers;Task analysis;Metaverse;mobile edge computing;blockchain;reinforcement learning},
  doi={10.1109/MASS56207.2022.00092}}
@ARTICLE{10254627,
  author={Kang, Jiawen and Wen, Jinbo and Ye, Dongdong and Lai, Bingkun and Wu, Tianhao and Xiong, Zehui and Nie, Jiangtian and Niyato, Dusit and Zhang, Yang and Xie, Shengli},
  journal={IEEE Trans. Cogn. Commun. Netw.}, 
  title={Blockchain-Empowered Federated Learning for Healthcare Metaverses: User-Centric Incentive Mechanism With Optimal Data Freshness}, 
  year={2024},
  volume={10},
  number={1},
  pages={348-362},
  keywords={Medical services;Sensors;Metaverse;Contracts;Blockchains;Data models;Data privacy;Healthcare metaverse;blockchain-empowered FL;contract theory;prospect theory;age of information},
  doi={10.1109/TCCN.2023.3316643}}
@INPROCEEDINGS{10281020,
  author={Zhong, Yue and Wen, Jinbo and Kang, Jiawen and Jiang, Yuna and Liu, Lei and Huang, Xuming and Zhong, Weifeng},
  booktitle={Proc. Int. Conf. Elec. and Commun., Netw. and Comp. Tec. ({ECNCT})}, 
  title={Coalition Game for Reliable Vehicle Twin Migration in Vehicular Metaverses}, 
  year={2023},
  volume={},
  number={},
  pages={153-158},
  keywords={Industries;Metaverse;Computer network reliability;Computational modeling;Games;Reliability theory;Attenuation;Vehicular metaverses;vehicle twins;reputation;coalition game},
  doi={10.1109/ECNCT59757.2023.10281020}}
@ARTICLE{10396839,
  author={Khan, Latif U. and Elhagry, Ahmed and Guizani, Mohsen and El Saddik, Abdulmotaleb},
  journal={IEEE Internet of Things Mag.}, 
  title={Edge Intelligence Empowered Vehicular Metaverse: Key Design Aspects and Future Directions}, 
  year={2024},
  volume={7},
  number={1},
  pages={120-126},
  keywords={Measurement;Metaverse;Image edge detection;Object detection;Minimization;Real-time systems;Reliability},
  doi={10.1109/IOTM.001.2300078}}
@ARTICLE{10183802,
  author={Duong, Trung Q. and Van Huynh, Dang and Khosravirad, Saeed R. and Sharma, Vishal and Dobre, Octavia A. and Shin, Hyundong},
  journal={IEEE Wirel. Commun.}, 
  title={From Digital Twin to Metaverse: The Role of {6G} Ultra-Reliable and Low-Latency Communications with Multi-Tier Computing}, 
  year={2023},
  volume={30},
  number={3},
  pages={140-146},
  keywords={6G mobile communication;Wireless communication;Tactile Internet;Metaverse;Quality of service;Ultra reliable low latency communication;Real-time systems},
  doi={10.1109/MWC.014.2200371}}
@ARTICLE{10144631,
  author={Long, Zijian and Dong, Haiwei and Saddik, Abdulmotaleb El},
  journal={IEEE Internet of Things J.}, 
  title={Human-Centric Resource Allocation for the Metaverse With Multiaccess Edge Computing}, 
  year={2023},
  volume={10},
  number={22},
  pages={19993-20005},
  keywords={Metaverse;Resource management;Internet of Things;Cloud computing;Servers;Rendering (computer graphics);Headphones;Attention mechanism;extended reality ({XR});graph convolutional network;multiagent reinforcement learning},
  doi={10.1109/JIOT.2023.3283335}}
@ARTICLE{10505943,
  author={Kang, Jiawen and Zhang, Junhong and Yang, Helin and Ye, Dongdong and Hossain, M. Shamim},
  journal={IEEE Internet of Things J.}, 
  title={When Metaverses Meet Vehicle Road Cooperation: Multi-Agent {DRL}-Based Stackelberg Game for Vehicular Twins Migration}, 
  year={2024},
  volume={},
  number={},
  pages={1-1},
  keywords={Metaverse;Games;Materials requirements planning;Reinforcement learning;Roads;Task analysis;Privacy;Metaverse;vehicle road cooperation;multi-leader multi-follower Stackelberg game;{ADMM};deep reinforcement learning},
  doi={10.1109/JIOT.2024.3391296}}
@ARTICLE{10132414,
  author={Yu, Wenhan and Chua, Terence Jie and Zhao, Jun},
  journal={IEEE Transactions on Wireless Communications}, 
  title={User-centric Heterogeneous-action Deep Reinforcement Learning for Virtual Reality in the Metaverse over Wireless Networks}, 
  year={2023},
  volume={},
  number={},
  pages={1-1},
  keywords={Metaverse;Servers;Resource management;Optimization;Downlink;Reinforcement learning;Deep learning;Metaverse;resource allocation;reinforcement learning;wireless networks},
  doi={10.1109/TWC.2023.3277226}}
@ARTICLE{10415630,
  author={Kang, Jiawen and Chen, Junlong and Xu, Minrui and Xiong, Zehui and Jiao, Yutao and Han, Luchao and Niyato, Dusit and Tong, Yongju and Xie, Shengli},
  journal={IEEE/CAA J. Autom. Sin.}, 
  title={{UAV}-Assisted Dynamic Avatar Task Migration for Vehicular Metaverse Services: A Multi-Agent Deep Reinforcement Learning Approach}, 
  year={2024},
  volume={11},
  number={2},
  pages={430-445},
  keywords={Deep learning;Avatars;Heuristic algorithms;Reinforcement learning;Transformers;Servers;Task analysis;Avatar;blockchain;metaverses;multi-agent deep reinforcement learning;transformer;{UAVs}},
  doi={10.1109/JAS.2023.123993}}
@ARTICLE{9880566,
  author={Jiang, Yuna and Kang, Jiawen and Niyato, Dusit and Ge, Xiaohu and Xiong, Zehui and Miao, Chunyan and Shen, Xuemin},
  journal={IEEE Trans. Veh. Technol.}, 
  title={Reliable Distributed Computing for Metaverse: A Hierarchical Game-Theoretic Approach}, 
  year={2023},
  volume={72},
  number={1},
  pages={1084-1100},
  keywords={Metaverse;Reliability;Task analysis;Rendering (computer graphics);Mobile handsets;Games;Blockchains;Blockchain;coalition game;incentive mechanism;metaverse;reliable coded distributed computing;Stackelberg game},
  doi={10.1109/TVT.2022.3204839}}
@ARTICLE{10185562,
  author={Chen, Junlong and Kang, Jiawen and Xu, Minrui and Xiong, Zehui and Niyato, Dusit and Chen, Chuan and Jamalipour, Abbas and Xie, Shengli},
  journal={IEEE Internet of Things J.}, 
  title={Multiagent Deep Reinforcement Learning for Dynamic Avatar Migration in {AIoT}-Enabled Vehicular Metaverses With Trajectory Prediction}, 
  year={2024},
  volume={11},
  number={1},
  pages={70-83},
  keywords={Avatars;Task analysis;Intelligent vehicles;Trajectory;Vehicle dynamics;Internet of Things;Predictive models;Artificial Intelligence of Things ({AIoT});avatar;Metaverses;multiagent deep reinforcement learning ({MADRL});service migration;trajectory prediction},
  doi={10.1109/JIOT.2023.3296075}}
@ARTICLE{10368052,
  author={Zhao, Jun and Qian, Liangxin and Yu, Wenhan},
  journal={IEEE J. Sel. Areas Commun.}, 
  title={Human-Centric Resource Allocation in the Metaverse Over Wireless Communications}, 
  year={2024},
  volume={42},
  number={3},
  pages={514-537},
  keywords={Metaverse;Videos;Optimization;Wireless communication;Delays;Costs;Resource management;Metaverse;human-centric;resource allocation;virtual reality;wireless communications},
  doi={10.1109/JSAC.2023.3345397}}
@ARTICLE{10148094,
  author={Jiang, Yuna and Kang, Jiawen and Ge, Xiaohu and Niyato, Dusit and Xiong, Zehui},
  journal={IEEE Trans. Commun.}, 
  title={{QoE} Analysis and Resource Allocation for Wireless Metaverse Services}, 
  year={2023},
  volume={71},
  number={8},
  pages={4735-4750},
  keywords={Metaverse;Quality of experience;Wireless communication;Wireless sensor networks;Resource management;Solid modeling;Games;Quality of experience;resource allocation;metaverse service selection;matching game;hedonic coalition formation game},
  doi={10.1109/TCOMM.2023.3282594}}
@ARTICLE{10582867,
  author={Sun, Guolin and Abishu, Hayla Nahom and Yacob, Yasin Habtamu and Huan, Chen and Jiang, Wei},
  journal={IEEE Communications Magazine}, 
  title={AI-Native Blockchain for Multi-Domain Resource Trading in {6G}}, 
  year={2024},
  volume={62},
  number={7},
  pages={44-51},
  keywords={6G mobile communication;Performance evaluation;Heuristic algorithms;Pricing;Blockchains;Security;Resource management;Artificial intelligence},
  doi={10.1109/MCOM.001.2300340}}
@ARTICLE{9852754,
  author={Abegaz, Mohammed Seid and Abishu, Hayla Nahom and Yacob, Yasin Habtamu and Ayall, Tewodros Alemu and Erbad, Aiman and Guizani, Mohsen},
  journal={IEEE Trans. Netw. Serv. Manag.}, 
  title={Blockchain-Based Resource Trading in Multi-{UAV}-Assisted Industrial {IoT} Networks: A Multi-Agent {DRL} Approach}, 
  year={2023},
  volume={20},
  number={1},
  pages={166-181},
  keywords={Industrial Internet of Things;Games;Resource management;Optimization;Blockchains;Quality of service;Heuristic algorithms;Blockchain;DRL;industrial IoT;resource trading;unmanned aerial vehicles},
  doi={10.1109/TNSM.2022.3197309}}
@ARTICLE{9903837,
  author={Cai, Jun and Fu, Hongtian and Liu, Yan},
  journal={IEEE Internet of Things J.}, 
  title={Multitask Multiobjective Deep Reinforcement Learning-Based Computation Offloading Method for Industrial Internet of Things}, 
  year={2023},
  volume={10},
  number={2},
  pages={1848-1859},
  keywords={Task analysis;Energy consumption;Cloud computing;Optimization;Industrial Internet of Things;Computational modeling;Servers;Cloud–edge–device system;computation offloading;Industrial Internet of Things ({IIoT});multiagent reinforcement learning;multiobjective optimization},
  doi={10.1109/JIOT.2022.3209987}}
@INPROCEEDINGS{9498647,
  author={Nie, Hongrui and Li, Shaosheng and Liu, Yong},
  booktitle={Proc. Int. Wireless Commun. and Mob. Compu. ({IWCMC})}, 
  title={Multi-Agent Deep Reinforcement Learning for Resource Allocation in the Multi-Objective {HetNet}}, 
  year={2021},
  volume={},
  number={},
  pages={116-121},
  keywords={Wireless communication;Training;Base stations;Simulation;Reinforcement learning;Heterogeneous networks;Energy efficiency;Multi-agent deep reinforcement learning;heterogeneous network;multi-objective optimization;resource allocation},
  doi={10.1109/IWCMC51323.2021.9498647}}
@ARTICLE{10066166,
  author={Zhong, Luying and Yang, Jinbin and Chen, Zhaoliang and Wang, Shiping},
  journal={IEEE Trans. Signal Process.}, 
  title={Contrastive Graph Convolutional Networks With Generative Adjacency Matrix}, 
  year={2023},
  volume={71},
  number={},
  pages={772-785},
  keywords={Topology;Network topology;Feature extraction;Convolutional neural networks;Training;Reliability;Data mining;Graph convolutional networks;semi-supervised classification;generative adjacency matrix;contrastive learning;self-supervised learning},
  doi={10.1109/TSP.2023.3254888}}

@ARTICLE{10608164,
  author={Tong, Yongju and Chen, Junlong and Xu, Minrui and Kang, Jiawen and Xiong, Zehui and Niyato, Dusit and Yuen, Chau and Han, Zhu},
  journal={IEEE Trans. Cogn. Commun. Netw.}, 
  title={Multi-attribute Auction-Based Resource Allocation for Twins Migration in Vehicular Metaverses: A {GPT}-Based {DRL} Approach}, 
  year={2024},
  volume={},
  number={},
  pages={1-1},
  keywords={Task analysis;Resource management;Costs;Clocks;Synchronization;Pricing;Real-time systems;Vehicular Metaverses;VTs migration;Multi-attribute Auction;Machine Learning;Resource Allocation},
  doi={10.1109/TCCN.2024.3431931}}
@ARTICLE{10746337,
  author={Mou, Fangyi and Lou, Jiong and Tang, Zhiqing and Wu, Yuan and Jia, Weijia and Zhang, Yan and Zhao, Wei},
  journal={IEEE Trans. Veh. Technol.}, 
  title={Adaptive Digital Twin Migration in Vehicular Edge Computing and Networks}, 
  year={2024},
  volume={},
  number={},
  pages={1-16},
  keywords={Vehicle dynamics;Real-time systems;Heuristic algorithms;Costs;Feature extraction;Edge computing;Approximation algorithms;Adaptive systems;Servers;Training;Digital twin;migration;vehicular edge computing;deep reinforcement learning},
  doi={10.1109/TVT.2024.3492349}}

@ARTICLE{10689465,
  author={Shu, Wanneng and Yu, Haoxin and Zhai, Cao and Feng, Xuanxuan},
  journal={IEEE Trans. Intell. Transp. Syst.}, 
  title={An Adaptive Computing Offloading and Resource Allocation Strategy for Internet of Vehicles Based on Cloud-Edge Collaboration}, 
  year={2024},
  volume={},
  number={},
  pages={1-10},
  keywords={Servers;Resource management;Cloud computing;Collaboration;Energy consumption;Delays;Computational modeling;Internet of Vehicles;cloud-edge collaboration;computing offloading;resource allocation;cauchy mutation},
  doi={10.1109/TITS.2024.3457758}}

@ARTICLE{10700699,
  author={Chu, Nam H. and Nguyen, Hieu Q. and Nguyen, Diep N. and Hoang, Dinh Thai and Phan, Khoa T. and Dutkiewicz, Eryk and Niyato, Dusit and Shu, Tao},
  journal={IEEE Netw.}, 
  title={Dynamic Multi-tier Resource Allocation Framework for Metaverse}, 
  year={2024},
  volume={},
  number={},
  pages={1-1},
  keywords={Metaverse;Resource management;Computer architecture;Cloud computing;Dynamic scheduling;Education;Australia;5G mobile communication;Simulation;Servers;Metaverse;resource management;semi-{Markov} decision process;machine learning},
  doi={10.1109/MNET.2024.3470811}}
@INPROCEEDINGS{10271832,
  author={Wen, Jinbo and Kang, Jiawen and Xiong, Zehui and Zhang, Yang and Du, Hongyang and Jiao, Yutao and Niyato, Dusit},
  booktitle={Proc. IEEE Int. Conf. Metaverse Compu., Netw. and Appl. ({MetaCom})}, 
  title={Task Freshness-aware Incentive Mechanism for Vehicle Twin Migration in Vehicular Metaverses}, 
  year={2023},
  volume={},
  number={},
  pages={481-487},
  keywords={Metaverse;Avatars;Bandwidth;Mathematical models;Time measurement;Numerical models;Sensors;Metaverse;vehicle twin;contract theory;age of information;migration},
  doi={10.1109/MetaCom57706.2023.00089}}
@INPROCEEDINGS{8616034,
  author={Wu, Jiao and Wang, Rui and Li, Ruiying and Zhang, Hui and Hu, Xiaohui},
  booktitle={Proc. IEEE Int. Conf. Sys., Man, and Cybernet. ({SMC})}, 
  title={Multi-critic {DDPG} Method and Double Experience Replay}, 
  year={2018},
  volume={},
  number={},
  pages={165-171},
  keywords={Training;Reinforcement learning;Neural networks;Stability analysis;Acceleration;Approximation algorithms;Buffer storage},
  doi={10.1109/SMC.2018.00039}}
@INPROCEEDINGS{9428174,
  author={Li, Qing and Zhou, Wengang and Zhou, Yun and Li, Houqiang},
  booktitle={Proc. IEEE Int. Conf. Multime. and Expo ({ICME})}, 
  title={Attentive Update of Multi-Critic for Deep Reinforcement Learning}, 
  year={2021},
  volume={},
  number={},
  pages={1-6},
  keywords={Training;Conferences;Reinforcement learning;Benchmark testing;Task analysis;Reinforcement learning;ensemble learning;off-policy actor-critic algorithms},
  doi={10.1109/ICME51207.2021.9428174}}
@ARTICLE{9200594,
  author={Martinez-Piazuelo, Juan and Ochoa, Daniel E. and Quijano, Nicanor and Giraldo, Luis Felipe},
  journal={IEEE Access}, 
  title={A Multi-Critic Reinforcement Learning Method: An Application to Multi-Tank Water Systems}, 
  year={2020},
  volume={8},
  number={},
  pages={173227-173238},
  keywords={Neural networks;Learning (artificial intelligence);Task analysis;Training;Control systems;Process control;Sensitivity;Data-driven control;approximate dynamic programming;reinforcement learning;actor-critic methods;deep deterministic policy gradient;water-tank systems},
  doi={10.1109/ACCESS.2020.3025194}}
@ARTICLE{10250875,
  author={Feng, Jie and Zhao, Jun},
  journal={IEEE Trans. Commun.}, 
  title={Resource Allocation for Augmented Reality Empowered Vehicular Edge Metaverse}, 
  year={2023},
  volume={},
  number={},
  pages={1-1},
  keywords={Metaverse;Resource management;Servers;Optimization;Computational modeling;Energy consumption;Edge computing;Metaverse;wireless communications;resource allocation;optimization},
  doi={10.1109/TCOMM.2023.3314892}}
@ARTICLE{10269659,
  author={Luo, Xiaofeng and Wen, Jinbo and Kang, Jiawen and Nie, Jiangtian and Xiong, Zehui and Zhang, Yang and Yang, Zhaohui and Xie, Shengli},
  journal={IEEE Netw.}, 
  title={Privacy Attacks and Defenses for Digital Twin Migrations in Vehicular Metaverses}, 
  year={2023},
  volume={37},
  number={6},
  pages={82-91},
  keywords={Privacy;Metaverse;Safety;Real-time systems;Security;Data privacy;Sensors;Inventory management;Intelligent transportation systems;Synchronization;Entropy;Digital twins;Metaverse;vehicular twin;privacy protection;migration;inventory theory},
  doi={10.1109/MNET.2023.3317320}}

@ARTICLE{10537999,
  author={Kang, Jiawen and Luo, Xiaofeng and Nie, Jiangtian and Wu, Tianhao and Zhou, Haibo and Wang, Yonghua and Niyato, Dusit and Mao, Shiwen and Xie, Shengli},
  journal={IEEE Internet of Things J.}, 
  title={Blockchain-Based Pseudonym Management for Vehicle Twin Migrations in Vehicular Edge Metaverse}, 
  year={2024},
  volume={11},
  number={21},
  pages={34254-34269},
  keywords={Metaverse;Privacy;Measurement;Servers;Automation;Protection;Laboratories;Cross-chain;deep reinforcement learning;pseudonym management;twin migration;vehicular metaverse},
  doi={10.1109/JIOT.2024.3404559}}

@ARTICLE{10082939,
  author={Mohammed Seid, Abegaz and Erbad, Aiman and Abishu, Hayla Nahom and Albaseer, Abdullatif and Abdallah, Mohamed and Guizani, Mohsen},
  journal={IEEE Trans. Cogn. Commun. Netw.}, 
  title={Blockchain-Empowered Resource Allocation in Multi-{UAV}-Enabled {5G-RAN}: A Multi-Agent Deep Reinforcement Learning Approach}, 
  year={2023},
  volume={9},
  number={4},
  pages={991-1011},
  keywords={Resource management;5G mobile communication;Games;Indium phosphide;III-V semiconductor materials;Blockchains;Security;Blockchain;5G-RAN;multi-agent DRL;Stackelberg game;network slicing;virtualization},
  doi={10.1109/TCCN.2023.3262242}}

@ARTICLE{10783015,
  author={Seid, Abegaz Mohammed and Abishu, Hayla Nahom and Rathore, Rajkumar Singh and Erbad, Aiman and Jhaveri, Rutvij H. and Lu, Jianfeng},
  journal={IEEE Trans. Consum. Electron.}, 
  title={Blockchain-Empowered Multi-Domain Resource Trading in {TN-NTN} {6G} Networks: A Hierarchical Multi-Agent {DRL} Approach}, 
  year={2024},
  volume={},
  number={},
  pages={1-1},
  keywords={Resource management;Blockchains;6G mobile communication;Games;Consumer electronics;Dynamic scheduling;Vehicle dynamics;Security;Artificial intelligence;Computer architecture;Aerial-{MEC};consortium blockchain;{HMADRL};Metaverse;network slicing;resource trading;Stackelberg game;{TN-NTN}},
  doi={10.1109/TCE.2024.3512581}}
@ARTICLE{9832009,
  author={Xu, Xiaolong and Liu, Zhongjian and Bilal, Muhammad and Vimal, S. and Song, Houbing},
  journal={IEEE Trans. Intell. Transp. Syst.}, 
  title={Computation Offloading and Service Caching for Intelligent Transportation Systems With Digital Twin}, 
  year={2022},
  volume={23},
  number={11},
  pages={20757-20772},
  keywords={Task analysis;Computational modeling;Energy consumption;Decision theory;Servers;Digital twins;Delays;Computation offloading;digital twin;intelligent transportation systems;decision theory;service caching},
  doi={10.1109/TITS.2022.3190669}}
@ARTICLE{10019579,
  author={Yang, Junchao and Lin, Feng and Chakraborty, Chinmay and Yu, Keping and Guo, Zhiwei and Nguyen, Anh-Tu and Rodrigues, Joel J. P. C.},
  journal={IEEE Trans. Intell. Veh.}, 
  title={A Parallel Intelligence-Driven Resource Scheduling Scheme for Digital Twins-Based Intelligent Vehicular Systems}, 
  year={2023},
  volume={8},
  number={4},
  pages={2770-2785},
  keywords={Task analysis;Servers;Computational modeling;Resource management;Energy consumption;Cloud computing;Processor scheduling;Parallel intelligence;digital twins;intelligent vehicular networks;resource scheduling;computation offloading},
  doi={10.1109/TIV.2023.3237960}}
@ARTICLE{10836864,
  author={Zhang, Yuncan and Wang, Luying and Liang, Weifa},
  journal={IEEE Trans. Serv. Comput.}, 
  title={Deep Reinforcement Learning for Mobility-Aware Digital Twin Migrations in Edge Computing}, 
  year={2025},
  volume={},
  number={},
  pages={1-14},
  keywords={Costs;Synchronization;Computational modeling;Internet of Things;Heuristic algorithms;Digital twins;Real-time systems;Delays;Hands;Deep reinforcement learning;Digital twin synchronization;mobility-aware {DT} migration;cost modeling of {DT} migration;deep reinforcement learning algorithm;mobile edge computing},
  doi={10.1109/TSC.2025.3528331}}
@ARTICLE{10829636,
  author={Zhong, Yue and Kang, Jiawen and Wen, Jinbo and Ye, Dongdong and Nie, Jiangtian and Niyato, Dusit and Gao, Xiaozheng and Xie, Shengli},
  journal={IEEE Trans. Mobile Comput.}, 
  title={Generative Diffusion-Based Contract Design for Efficient {AI} Twin Migration in Vehicular Embodied {AI} Networks}, 
  year={2025},
  volume={},
  number={},
  pages={1-16},
  keywords={Artificial intelligence;Contracts;Real-time systems;Decision making;Vehicle dynamics;Solid modeling;Computational modeling;Adaptation models;Navigation;Diffusion models;Generative diffusion model;multi-dimensional contract theory;prospect theory;vehicular embodied AI},
  doi={10.1109/TMC.2025.3526230}}
@ARTICLE{9880528,
  author={Wang, Yuntao and Su, Zhou and Zhang, Ning and Xing, Rui and Liu, Dongxiao and Luan, Tom H. and Shen, Xuemin},
  journal={IEEE Commun. Surv. Tutor.}, 
  title={A Survey on Metaverse: Fundamentals, Security, and Privacy}, 
  year={2023},
  volume={25},
  number={1},
  pages={319-352},
  keywords={Metaverse;Security;Privacy;Artificial intelligence;Blockchains;Spatiotemporal phenomena;Scalability;Metaverse;security;privacy;distributed virtual worlds;extended reality;artificial intelligence;blockchain},
  doi={10.1109/COMST.2022.3202047}}
@article{lee2024all,
  title={All one needs to know about metaverse: A complete survey on technological singularity, virtual ecosystem, and research agenda},
  author={Lee, Lik-Hang and Braud, Tristan and Zhou, Peng Yuan and Wang, Lin and Xu, Dianlei and Lin, Zijun and Kumar, Abhishek and Bermejo, Carlos and Hui, Pan and others},
  journal={Found. Trends Hum.-Comput. Interact.},
  volume={18},
  number={2--3},
  pages={100--337},
  year={2024},
  publisher={Now Publishers, Inc.}
}
@ARTICLE{10373900,
  author={Ali, Mansoor and Naeem, Faisal and Kaddoum, Georges and Hossain, Ekram},
  journal={IEEE Commun. Surv. Tutor.}, 
  title={Metaverse Communications, Networking, Security, and Applications: Research Issues, State-of-the-Art, and Future Directions}, 
  year={2024},
  volume={26},
  number={2},
  pages={1238-1278},
  keywords={Metaverse;Smart cities;Tutorials;Surveys;Avatars;Artificial intelligence;X reality;Metaverse;smart city;networking;security;blockchain},
  doi={10.1109/COMST.2023.3347172}}

@ARTICLE{10521838,
  author={Chai, Furong and Zhang, Qi and Yao, Haipeng and Xin, Xiangjun and Wang, Fu and Xu, Minrui and Xiong, Zehui and Niyato, Dusit},
  journal={IEEE Trans. Commun.}, 
  title={Multi-Agent DDPG Based Resource Allocation in NOMA-Enabled Satellite IoT}, 
  year={2024},
  volume={72},
  number={10},
  pages={6287-6300},
  keywords={Resource management;Satellites;NOMA;Internet of Things;Optimization;Interference;Satellite communications;Satellite IoT;non-orthogonal multiple access (NOMA);user grouping method;power allocation;multi-agent deep deterministic policy gradient (MADDPG)},
  doi={10.1109/TCOMM.2024.3397841}}
@Book{HSCL05,
  Title                    = {Theory and Applications of {OFDM} and {CDMA}: Wideband Wireless Communications},
  Author                   = {Henrik Schulze and Christian Lueders},
  Publisher                = {Wiley},
address   = {Hoboken, NJ, USA},
  Year                     = {2005}
}
@ARTICLE{7879922,
  author={Groot, Noortje and Zaccour, Georges and De Schutter, Bart},
  journal={IEEE Contr. Sys. Mag.}, 
  title={Hierarchical Game Theory for System-Optimal Control: Applications of Reverse Stackelberg Games in Regulating Marketing Channels and Traffic Routing}, 
  year={2017},
  volume={37},
  number={2},
  pages={129-152},
  keywords={Game theory;Context modeling;Optimal control;Aquaculture},
  doi={10.1109/MCS.2016.2643260}}
@ARTICLE{8004153,
  author={Zhang, Huaqing and Zhang, Yanru and Gu, Yunan and Niyato, Dusit and Han, Zhu},
  journal={IEEE Commun. Mag.}, 
  title={A Hierarchical Game Framework for Resource Management in Fog Computing}, 
  year={2017},
  volume={55},
  number={8},
  pages={52-57},
  keywords={Edge computing;Resource management;Real-time systems;Cloud computing;Quality of service;Delays;Ethics;Mobile computing},
  doi={10.1109/MCOM.2017.1600896}}
@INPROCEEDINGS{9838425,
  author={Lyu, Ting and Xu, Haitao and Han, Zhu},
  booktitle={Proc. IEEE ICC}, 
  title={Multi-leader Multi-follower Stackelberg Game based Resource Allocation in Multi-access Edge Computing}, 
  year={2022},
  volume={},
  number={},
  pages={4306-4311},
  keywords={Multi-access edge computing;Computational modeling;Simulation;Games;Pricing;Predictive models;Nash equilibrium;Stackelberg game;multi-leader multi-follower;resource allocation;multi-access edge computing},
  doi={10.1109/ICC45855.2022.9838425}}
@article{zhou2024finite,
  title={Finite-time convergence and sample complexity of actor-critic multi-objective reinforcement learning},
  author={Zhou, Tianchen and Hairi, FNU and Yang, Haibo and Liu, Jia and Tong, Tian and Yang, Fan and Momma, Michinari and Gao, Yan},
  journal={arXiv preprint arXiv:2405.03082},
  year={2024}
}
@ARTICLE{10113610,
  author={He, Xiangkun and Lv, Chen},
  journal={IEEE/CAA J. Autom. Sin.}, 
  title={Towards Energy-Efficient Autonomous Driving: A Multi-Objective Reinforcement Learning Approach}, 
  year={2023},
  volume={10},
  number={5},
  pages={1329-1331},
  keywords={},
  doi={10.1109/JAS.2023.123378}}
@ARTICLE{10742925,
  author={Abishu, Hayla Nahom and Seid, Abegaz Mohammed and Jhaveri, Rutvij H. and Gadekallu, Thippa Reddy and Erbad, Aiman and Guizani, Mohsen},
  journal={IEEE Trans. Intell. Veh.}, 
  title={Blockchain-Empowered Resource Allocation in HAPS-assisted IoV Digital Twin Networks: A Federated DRL Approach}, 
  year={2024},
  volume={},
  number={},
  pages={1-17},
  keywords={Resource management;Computational modeling;Blockchains;Security;Vehicle dynamics;Real-time systems;Digital twins;Dynamic scheduling;Data privacy;Data models;Blockchain;digital twin;resource allocation;task offloading;smart vehicles;deep reinforcement learning;federated learning;double auction},
  doi={10.1109/TIV.2024.3492015}}



























