@article{aich2022gama,
  title={Gama: Generative adversarial multi-object scene attacks},
  author={Aich, Abhishek and Ta, Calvin-Khang and Gupta, Akash and Song, Chengyu and Krishnamurthy, Srikanth and Asif, Salman and Roy-Chowdhury, Amit},
  journal=NIPS,
  volume={35},
  pages={36914--36930},
  year={2022}
}

@article{bai2020adversarial,
  title     = {Adversarial metric attack and defense for person re-identification},
  author    = {Bai, Song and Li, Yingwei and Zhou, Yuyin and Li, Qizhu and Torr, Philip HS},
  journal   = PAMI,
  volume    = {43},
  number    = {6},
  pages     = {2119--2126},
  year      = {2020},
  publisher = {IEEE}
  }

@inproceedings{bouniot2020vulnerability,
  title     = {Vulnerability of person re-identification models to metric adversarial attacks},
  author    = {Bouniot, Quentin and Audigier, Romaric and Loesch, Angelique},
  booktitle = CVPRW,
  pages     = {794--795},
  year      = {2020}
  }

@article{ding2021beyond,
  title     = {Beyond universal person re-identification attack},
  author    = {Ding, Wenjie and Wei, Xing and Ji, Rongrong and Hong, Xiaopeng and Tian, Qi and Gong, Yihong},
  journal   = TIFS,
  volume    = {16},
  pages     = {3442--3455},
  year      = {2021},
  publisher = {IEEE}
  }

@article{fang2024clip,
  title={CLIP-Guided Networks for Transferable Targeted Attacks},
  author={Fang, Hao and Kong, Jiawei and Chen, Bin and Dai, Tao and Wu, Hao and Xia, Shu-Tao},
  journal={arXiv preprint arXiv:2407.10179},
  year={2024}
}

@inproceedings{jia2021scaling,
  title={Scaling up visual and vision-language representation learning with noisy text supervision},
  author={Jia, Chao and Yang, Yinfei and Xia, Ye and Chen, Yi-Ting and Parekh, Zarana and Pham, Hieu and Le, Quoc and Sung, Yun-Hsuan and Li, Zhen and Duerig, Tom},
  booktitle=ICML,
  pages={4904--4916},
  year={2021},
}

@inproceedings{ju2022prompting,
  title={Prompting visual-language models for efficient video understanding},
  author={Ju, Chen and Han, Tengda and Zheng, Kunhao and Zhang, Ya and Xie, Weidi},
  booktitle=ECCV,
  pages={105--124},
  year={2022},
  organization={Springer}
}

@article{mokady2021clipcap,
  title={Clipcap: Clip prefix for image captioning},
  author={Mokady, Ron and Hertz, Amir and Bermano, Amit H},
  journal={arXiv preprint arXiv:2111.09734},
  year={2021}
}

@inproceedings{radford2021learning,
  title={Learning transferable visual models from natural language supervision},
  author={Radford, Alec and Kim, Jong Wook and Hallacy, Chris and Ramesh, Aditya and Goh, Gabriel and Agarwal, Sandhini and Sastry, Girish and Askell, Amanda and Mishkin, Pamela and Clark, Jack and others},
  booktitle=ICML,
  pages={8748--8763},
  year={2021},
}

@inproceedings{sanghi2022clip,
  title={Clip-forge: Towards zero-shot text-to-shape generation},
  author={Sanghi, Aditya and Chu, Hang and Lambourne, Joseph G and Wang, Ye and Cheng, Chin-Yi and Fumero, Marco and Malekshan, Kamal Rahimi},
  booktitle=CVPR,
  pages={18603--18613},
  year={2022}
}

@article{subramanyam2023meta,
  title={Meta Generative Attack on Person Reidentification},
  author={Subramanyam, AV},
  journal=CSVT,
  year={2023},
  volume={33},
  number={8},
  pages={4429-4434},
  publisher={IEEE}
 }

@inproceedings{wang2020transferable,
  title     = {Transferable, controllable, and inconspicuous adversarial attacks on person re-identification with deep mis-ranking},
  author    = {Wang, Hongjun and Wang, Guangrun and Li, Ya and Zhang, Dongyu and Lin, Liang},
  booktitle = CVPR,
  pages     = {342--351},
  year      = {2020}
  }

@inproceedings{yang2021learning,
  title     = {Learning to attack real-world models for person re-identification via virtual-guided meta-learning},
  author    = {Yang, Fengxiang and Zhong, Zhun and Liu, Hong and Wang, Zheng and Luo, Zhiming and Li, Shaozi and Sebe, Nicu and Satoh, Shin'ichi},
  booktitle = AAAI,
  volume    = {35},
  number    = {4},
  pages     = {3128--3135},
  year      = {2021}
  }

@article{yang2022towards,
  title     = {Towards robust person re-identification by defending against universal attackers},
  author    = {Yang, Fengxiang and Weng, Juanjuan and Zhong, Zhun and Liu, Hong and Wang, Zheng and Luo, Zhiming and Cao, Donglin and Li, Shaozi and Satoh, Shin'ichi and Sebe, Nicu},
  journal   = PAMI,
  volume    = {45},
  number    = {4},
  pages     = {5218--5235},
  year      = {2022},
  publisher = {IEEE}
  }

@inproceedings{yang2022unified,
  title={Unified contrastive learning in image-text-label space},
  author={Yang, Jianwei and Li, Chunyuan and Zhang, Pengchuan and Xiao, Bin and Liu, Ce and Yuan, Lu and Gao, Jianfeng},
  booktitle=CVPR,
  pages={19163--19173},
  year={2022}
}

@inproceedings{yang2024prompt,
  title={Prompt-driven contrastive learning for transferable adversarial attacks},
  author={Yang, Hunmin and Jeong, Jongoh and Yoon, Kuk-Jin},
  booktitle=ECCV,
  pages={36--53},
  year={2024},
}

@inproceedings{yaofilip,
  title={FILIP: Fine-grained Interactive Language-Image Pre-Training},
  author={Yao, Lewei and Huang, Runhui and Hou, Lu and Lu, Guansong and Niu, Minzhe and Xu, Hang and Liang, Xiaodan and Li, Zhenguo and Jiang, Xin and Xu, Chunjing},
  booktitle=ICLR,
  year={2022}
}

@inproceedings{ye2024mutual,
  title={Mutual-modality adversarial attack with semantic perturbation},
  author={Ye, Jingwen and Yu, Ruonan and Liu, Songhua and Wang, Xinchao},
  booktitle=AAAI,
  volume={38},
  number={7},
  pages={6657--6665},
  year={2024}
}

@article{zheng2023u,
  title     = {U-Turn: Crafting Adversarial Queries with Opposite-Direction Features},
  author    = {Zheng, Zhedong and Zheng, Liang and Yang, Yi and Wu, Fei},
  journal   = IJCV,
  volume    = {131},
  number    = {4},
  pages     = {835--854},
  year      = {2023},
  publisher = {Springer}
  }

