@String(PAMI = {IEEE Trans. Pattern Anal. Mach. Intell.})
@String(IJCV = {Int. J. Comput. Vis.})
@String(CVPR= {IEEE Conf. Comput. Vis. Pattern Recog.})
@String(ICCV= {Int. Conf. Comput. Vis.})
@String(ECCV= {Eur. Conf. Comput. Vis.})
@String(NIPS= {Adv. Neural Inform. Process. Syst.})
@String(ICPR = {Int. Conf. Pattern Recog.})
@String(ICML = {Int. Conf. Mach. Learn.})


@String(BMVC= {Brit. Mach. Vis. Conf.})
@String(TOG= {ACM Trans. Graph.})
@String(TIP  = {IEEE Trans. Image Process.})
@String(TVCG  = {IEEE Trans. Vis. Comput. Graph.})
@String(TMM  = {IEEE Trans. Multimedia})
@String(ACMMM= {ACM Int. Conf. Multimedia})
@String(ICME = {Int. Conf. Multimedia and Expo})
@String(ICASSP=	{ICASSP})
@String(ICIP = {IEEE Int. Conf. Image Process.})
@String(ACCV  = {ACCV})
@String(ICLR = {Int. Conf. Learn. Represent.})
@String(IJCAI = {IJCAI})
@String(PR   = {Pattern Recognition})
@String(AAAI = {AAAI})
@String(CVPRW= {IEEE Conf. Comput. Vis. Pattern Recog. Worksh.})
@String(CSVT = {IEEE Trans. Circuit Syst. Video Technol.})
@String(SPL	= {IEEE Sign. Process. Letters})
@String(VR   = {Vis. Res.})
@String(JOV	 = {J. Vis.})
@String(TVC  = {The Vis. Comput.})
@String(JCST  = {J. Comput. Sci. Tech.})
@String(CGF  = {Comput. Graph. Forum})
@String(CVM = {Computational Visual Media})

@inproceedings{ahmed2015improved,
  title     = {An improved deep learning architecture for person re-identification},
  author    = {Ahmed, Ejaz and Jones, Michael and Marks, Tim K},
  booktitle = CVPR,
  pages     = {3908--3916},
  year      = {2015}
  }
@inproceedings{wang2018cascaded,
  title     = {Cascaded SR-GAN for scale-adaptive low resolution person re-identification.},
  author    = {Wang, Zheng and Ye, Mang and Yang, Fan and Bai, Xiang and Shin'ichi Satoh 0001},
  booktitle = IJCAI,
  volume    = {1},
  number    = {2},
  pages     = {4},
  year      = {2018}
  }
@ARTICLE{liu2024A,
  author={Liu, Min and Wang, Fei and Wang, Xueping and Wang, Yaonan and Roy-Chowdhury, Amit K.},
  journal=PAMI, 
  title={A Two-Stage Noise-Tolerant Paradigm for Label Corrupted Person Re-Identification}, 
  year={2024},
  volume={46},
  number={7},
  pages={4944-4956}
}
@article{bian2023occlusion,
  author  = {Bian, Yuan and Liu, Min and Wang, Xueping and Tang, Yi and Wang, Yaonan},
  journal = TMM,
  title   = {Occlusion-Aware Feature Recover Model for Occluded Person Re-Identification},
  year={2024},
  volume={26},
  number={},
  pages={5284-5295},
  }
@inproceedings{he2021transreid,
  title     = {Transreid: Transformer-based object re-identification},
  author    = {He, Shuting and Luo, Hao and Wang, Pichao and Wang, Fan and Li, Hao and Jiang, Wei},
  booktitle = ICCV,
  pages     = {15013--15022},
  year      = {2021}
  }
@ARTICLE{liu2023weakly,
  author={Liu, Min and Bian, Yuan and Liu, Qing and Wang, Xueping and Wang, Yaonan},
  journal=PAMI, 
  title={Weakly Supervised Tracklet Association Learning With Video Labels for Person Re-Identification}, 
  year={2024},
  volume={46},
  number={5},
  pages={3595-3607},
}
@inproceedings{zhou2023advclip,
  title={Advclip: Downstream-agnostic adversarial examples in multimodal contrastive learning},
  author={Zhou, Ziqi and Hu, Shengshan and Li, Minghui and Zhang, Hangtao and Zhang, Yechao and Jin, Hai},
  booktitle=ACMMM,
  pages={6311--6320},
  year={2023}
}
@article{zheng2016person,
  title   = {Person re-identification: Past, present and future},
  author  = {Zheng, Liang and Yang, Yi and Hauptmann, Alexander G},
  journal = {arXiv preprint arXiv:1610.02984},
  year    = {2016}
  }
@article{ye2021deep,
  title     = {Deep learning for person re-identification: A survey and outlook},
  author    = {Ye, Mang and Shen, Jianbing and Lin, Gaojie and Xiang, Tao and Shao, Ling and Hoi, Steven CH},
  journal   = PAMI,
  volume    = {44},
  number    = {6},
  pages     = {2872--2893},
  year      = {2021},
  publisher = {IEEE}
  }
@inproceedings{galimage,
  title={An Image is Worth One Word: Personalizing Text-to-Image Generation using Textual Inversion},
  author={Gal, Rinon and Alaluf, Yuval and Atzmon, Yuval and Patashnik, Or and Bermano, Amit Haim and Chechik, Gal and Cohen-or, Daniel},
  booktitle=ICLR,
  year={2023}
}

@inproceedings{cho2023promptstyler,
  title={Promptstyler: Prompt-driven style generation for source-free domain generalization},
  author={Cho, Junhyeong and Nam, Gilhyun and Kim, Sungyeon and Yang, Hunmin and Kwak, Suha},
  booktitle=ICCV,
  pages={15702--15712},
  year={2023}
}


@inproceedings{zhang2022towards,
  title={Towards adversarial attack on vision-language pre-training models},
  author={Zhang, Jiaming and Yi, Qi and Sang, Jitao},
  booktitle=ACMMM,
  pages={5005--5013},
  year={2022}
}

@inproceedings{radford2021learning,
  title={Learning transferable visual models from natural language supervision},
  author={Radford, Alec and Kim, Jong Wook and Hallacy, Chris and Ramesh, Aditya and Goh, Gabriel and Agarwal, Sandhini and Sastry, Girish and Askell, Amanda and Mishkin, Pamela and Clark, Jack and others},
  booktitle=ICML,
  pages={8748--8763},
  year={2021},
}
@article{aich2022gama,
  title={Gama: Generative adversarial multi-object scene attacks},
  author={Aich, Abhishek and Ta, Calvin-Khang and Gupta, Akash and Song, Chengyu and Krishnamurthy, Srikanth and Asif, Salman and Roy-Chowdhury, Amit},
  journal=NIPS,
  volume={35},
  pages={36914--36930},
  year={2022}
}
@inproceedings{jia2021scaling,
  title={Scaling up visual and vision-language representation learning with noisy text supervision},
  author={Jia, Chao and Yang, Yinfei and Xia, Ye and Chen, Yi-Ting and Parekh, Zarana and Pham, Hieu and Le, Quoc and Sung, Yun-Hsuan and Li, Zhen and Duerig, Tom},
  booktitle=ICML,
  pages={4904--4916},
  year={2021},
}
@inproceedings{yang2022unified,
  title={Unified contrastive learning in image-text-label space},
  author={Yang, Jianwei and Li, Chunyuan and Zhang, Pengchuan and Xiao, Bin and Liu, Ce and Yuan, Lu and Gao, Jianfeng},
  booktitle=CVPR,
  pages={19163--19173},
  year={2022}
}

@inproceedings{yaofilip,
  title={FILIP: Fine-grained Interactive Language-Image Pre-Training},
  author={Yao, Lewei and Huang, Runhui and Hou, Lu and Lu, Guansong and Niu, Minzhe and Xu, Hang and Liang, Xiaodan and Li, Zhenguo and Jiang, Xin and Xu, Chunjing},
  booktitle=ICLR,
  year={2022}
}

@article{li2021align,
  title={Align before fuse: Vision and language representation learning with momentum distillation},
  author={Li, Junnan and Selvaraju, Ramprasaath and Gotmare, Akhilesh and Joty, Shafiq and Xiong, Caiming and Hoi, Steven Chu Hong},
  journal=NIPS,
  volume={34},
  pages={9694--9705},
  year={2021}
}

@inproceedings{ye2024mutual,
  title={Mutual-modality adversarial attack with semantic perturbation},
  author={Ye, Jingwen and Yu, Ruonan and Liu, Songhua and Wang, Xinchao},
  booktitle=AAAI,
  volume={38},
  number={7},
  pages={6657--6665},
  year={2024}
}

@inproceedings{yang2025prompt,
  title={Prompt-Driven Contrastive Learning for Transferable Adversarial Attacks},
  author={Yang, Hunmin and Jeong, Jongoh and Yoon, Kuk-Jin},
  booktitle=ECCV,
  pages={36--53},
  year={2025},
  organization={Springer}
}

@article{fang2024clip,
  title={CLIP-Guided Networks for Transferable Targeted Attacks},
  author={Fang, Hao and Kong, Jiawei and Chen, Bin and Dai, Tao and Wu, Hao and Xia, Shu-Tao},
  journal={arXiv preprint arXiv:2407.10179},
  year={2024}
}

@inproceedings{fahes2023poda,
  title={Poda: Prompt-driven zero-shot domain adaptation},
  author={Fahes, Mohammad and Vu, Tuan-Hung and Bursuc, Andrei and P{\'e}rez, Patrick and De Charette, Raoul},
  booktitle=ICCV,
  pages={18623--18633},
  year={2023}
}

@inproceedings{szegedy2014intriguing,
  title     = {Intriguing properties of neural networks},
  author    = {Szegedy, Christian and Zaremba, Wojciech and Sutskever, Ilya and Bruna, Joan and Erhan, Dumitru and Goodfellow, Ian and Fergus, Rob},
  booktitle = ICLR,
  year      = {2014}
  }

@article{goodfellow2014explaining,
  title   = {Explaining and harnessing adversarial examples},
  author  = {Goodfellow, Ian J and Shlens, Jonathon and Szegedy, Christian},
  journal = {arXiv preprint arXiv:1412.6572},
  year    = {2014}
  }

@inproceedings{moosavi2017universal,
  title     = {Universal adversarial perturbations},
  author    = {Moosavi-Dezfooli, Seyed-Mohsen and Fawzi, Alhussein and Fawzi, Omar and Frossard, Pascal},
  booktitle = CVPR,
  pages     = {1765--1773},
  year      = {2017}
  }




@inproceedings{dong2019evading,
  title={Evading defenses to transferable adversarial examples by translation-invariant attacks},
  author={Dong, Yinpeng and Pang, Tianyu and Su, Hang and Zhu, Jun},
  booktitle=CVPR,
  pages={4312--4321},
  year={2019}
  }

@inproceedings{xie2019improving,
title={Improving transferability of adversarial examples with input diversity},
author={Xie, Cihang and Zhang, Zhishuai and Zhou, Yuyin and Bai, Song and Wang, Jianyu and Ren, Zhou and Yuille, Alan L},
booktitle=CVPR,
pages={2730--2739},
year={2019}
}
@inproceedings{dong2018boosting,
  title={Boosting adversarial attacks with momentum},
  author={Dong, Yinpeng and Liao, Fangzhou and Pang, Tianyu and Su, Hang and Zhu, Jun and Hu, Xiaolin and Li, Jianguo},
  booktitle=CVPR,
  pages={9185--9193},
  year={2018}
 }
@inproceedings{gao2020patch,
  title={Patch-wise attack for fooling deep neural network},
  author={Gao, Lianli and Zhang, Qilong and Song, Jingkuan and Liu, Xianglong and Shen, Heng Tao},
  booktitle=ECCV,
  pages={307--322},
  year={2020},
  organization={Springer}
 }

 @inproceedings{li2020learning,
  title={Learning transferable adversarial examples via ghost networks},
  author={Li, Yingwei and Bai, Song and Zhou, Yuyin and Xie, Cihang and Zhang, Zhishuai and Yuille, Alan},
  booktitle=AAAI,
  volume={34},
  number={07},
  pages={11458--11465},
  year={2020}
 }

  @inproceedings{liu2016delving,
  title     = {Delving into Transferable Adversarial Examples and Black-box Attacks},
  author    = {Liu, Yanpei and Chen, Xinyun and Liu, Chang and Song, Dawn},
  booktitle = ICLR,
  year      = {2016}
  }
  @inproceedings{huang2019enhancing,
  title={Enhancing adversarial example transferability with an intermediate level attack},
  author={Huang, Qian and Katsman, Isay and He, Horace and Gu, Zeqi and Belongie, Serge and Lim, Ser-Nam},
  booktitle=ICCV,
  pages={4733--4742},
  year={2019}
 }
 @inproceedings{wang2021feature,
  title={Feature importance-aware transferable adversarial attacks},
  author={Wang, Zhibo and Guo, Hengchang and Zhang, Zhifei and Liu, Wenxin and Qin, Zhan and Ren, Kui},
  booktitle=ICCV,
  pages={7639--7648},
  year={2021}
 }
@inproceedings{zhang2021beyond,
  title={Beyond ImageNet Attack: Towards Crafting Adversarial Examples for Black-box Domains},
  author={Zhang, Qilong and Li, Xiaodan and Chen, YueFeng and Song, Jingkuan and Gao, Lianli and He, Yuan and others},
  booktitle=ICLR,
  year={2021}
  }
@article{naseer2019cross,
  title={Cross-domain transferability of adversarial perturbations},
  author={Naseer, Muhammad Muzammal and Khan, Salman H and Khan, Muhammad Haris and Shahbaz Khan, Fahad and Porikli, Fatih},
  journal=NIPS,
  volume={32},
  year={2019}
  }
@inproceedings{liang2023styless,
  title={StyLess: Boosting the Transferability of Adversarial Examples},
  author={Liang, Kaisheng and Xiao, Bin},
  booktitle=CVPR,
  pages={8163--8172},
  year={2023}
  }
@inproceedings{li2023cdta,
  title={CDTA: a cross-domain transfer-based attack with contrastive learning},
  author={Li, Zihan and Wu, Weibin and Su, Yuxin and Zheng, Zibin and Lyu, Michael R},
  booktitle=AAAI,
  volume={37},
  number={2},
  pages={1530--1538},
  year={2023}
}

@article{zhou2022learning,
  title={Learning to prompt for vision-language models},
  author={Zhou, Kaiyang and Yang, Jingkang and Loy, Chen Change and Liu, Ziwei},
  journal=IJCV,
  volume={130},
  number={9},
  pages={2337--2348},
  year={2022},
  publisher={Springer}
}
@article{mokady2021clipcap,
  title={Clipcap: Clip prefix for image captioning},
  author={Mokady, Ron and Hertz, Amir and Bermano, Amit H},
  journal={arXiv preprint arXiv:2111.09734},
  year={2021}
}
@inproceedings{sanghi2022clip,
  title={Clip-forge: Towards zero-shot text-to-shape generation},
  author={Sanghi, Aditya and Chu, Hang and Lambourne, Joseph G and Wang, Ye and Cheng, Chin-Yi and Fumero, Marco and Malekshan, Kamal Rahimi},
  booktitle=CVPR,
  pages={18603--18613},
  year={2022}
}
@inproceedings{ju2022prompting,
  title={Prompting visual-language models for efficient video understanding},
  author={Ju, Chen and Han, Tengda and Zheng, Kunhao and Zhang, Ya and Xie, Weidi},
  booktitle=ECCV,
  pages={105--124},
  year={2022},
  organization={Springer}
}


# adversarial re-id
@inproceedings{wang2019advpattern,
  title     = {advpattern: Physical-world attacks on deep person re-identification via adversarially transformable patterns},
  author    = {Wang, Zhibo and Zheng, Siyan and Song, Mengkai and Wang, Qian and Rahimpour, Alireza and Qi, Hairong},
  booktitle = ICCV,
  pages     = {8341--8350},
  year      = {2019}
  }

@article{ding2021beyond,
  title     = {Beyond universal person re-identification attack},
  author    = {Ding, Wenjie and Wei, Xing and Ji, Rongrong and Hong, Xiaopeng and Tian, Qi and Gong, Yihong},
  journal   = TIFS,
  volume    = {16},
  pages     = {3442--3455},
  year      = {2021},
  publisher = {IEEE}
  }
@inproceedings{yang2021learning,
  title     = {Learning to attack real-world models for person re-identification via virtual-guided meta-learning},
  author    = {Yang, Fengxiang and Zhong, Zhun and Liu, Hong and Wang, Zheng and Luo, Zhiming and Li, Shaozi and Sebe, Nicu and Satoh, Shin'ichi},
  booktitle = AAAI,
  volume    = {35},
  number    = {4},
  pages     = {3128--3135},
  year      = {2021}
  }
@article{yang2022towards,
  title     = {Towards robust person re-identification by defending against universal attackers},
  author    = {Yang, Fengxiang and Weng, Juanjuan and Zhong, Zhun and Liu, Hong and Wang, Zheng and Luo, Zhiming and Cao, Donglin and Li, Shaozi and Satoh, Shin'ichi and Sebe, Nicu},
  journal   = PAMI,
  volume    = {45},
  number    = {4},
  pages     = {5218--5235},
  year      = {2022},
  publisher = {IEEE}
  }

@inproceedings{bouniot2020vulnerability,
  title     = {Vulnerability of person re-identification models to metric adversarial attacks},
  author    = {Bouniot, Quentin and Audigier, Romaric and Loesch, Angelique},
  booktitle = CVPRW,
  pages     = {794--795},
  year      = {2020}
  }
@article{bai2020adversarial,
  title     = {Adversarial metric attack and defense for person re-identification},
  author    = {Bai, Song and Li, Yingwei and Zhou, Yuyin and Li, Qizhu and Torr, Philip HS},
  journal   = PAMI,
  volume    = {43},
  number    = {6},
  pages     = {2119--2126},
  year      = {2020},
  publisher = {IEEE}
  }
@article{zheng2023u,
  title     = {U-Turn: Crafting Adversarial Queries with Opposite-Direction Features},
  author    = {Zheng, Zhedong and Zheng, Liang and Yang, Yi and Wu, Fei},
  journal   = IJCV,
  volume    = {131},
  number    = {4},
  pages     = {835--854},
  year      = {2023},
  publisher = {Springer}
  }

@inproceedings{gong2022person,
  title     = {Person re-identification method based on color attack and joint defence},
  author    = {Gong, Yunpeng and Huang, Liqing and Chen, Lifei},
  booktitle = CVPRW,
  pages     = {4313--4322},
  year      = {2022}
  }
@inproceedings{wang2020transferable,
  title     = {Transferable, controllable, and inconspicuous adversarial attacks on person re-identification with deep mis-ranking},
  author    = {Wang, Hongjun and Wang, Guangrun and Li, Ya and Zhang, Dongyu and Lin, Liang},
  booktitle = CVPR,
  pages     = {342--351},
  year      = {2020}
  }

@inproceedings{gong2020adversarial,
  title        = {Adversarial robustness of open-set recognition: face recognition and person re-identification},
  author       = {Gong, Xiao and Hu, Guosheng and Hospedales, Timothy and Yang, Yongxin},
  booktitle    = ECCVW,
  pages        = {135--151},
  year         = {2020},
  organization = {Springer}
  }
@inproceedings{li2019universal,
  title     = {Universal perturbation attack against image retrieval},
  author    = {Li, Jie and Ji, Rongrong and Liu, Hong and Hong, Xiaopeng and Gao, Yue and Tian, Qi},
  booktitle = ICCV,
  pages     = {4899--4908},
  year      = {2019}
  }
@article{subramanyam2023meta,
  title={Meta Generative Attack on Person Reidentification},
  author={Subramanyam, AV},
  journal=CSVT,
  year={2023},
  volume={33},
  number={8},
  pages={4429-4434},
  publisher={IEEE}
 }

 @inproceedings{yang2024pedestrian,
  title={A Pedestrian is Worth One Prompt: Towards Language Guidance Person Re-Identification},
  author={Yang, Zexian and Wu, Dayan and Wu, Chenming and Lin, Zheng and Gu, Jingzi and Wang, Weiping},
  booktitle=CVPR,
  pages={17343--17353},
  year={2024}
}
@inproceedings{li2023clip,
  title={CLIP-ReID: exploiting vision-language model for image re-identification without concrete text labels},
  author={Li, Siyuan and Sun, Li and Li, Qingli},
  booktitle=AAAI,
  volume={37},
  number={1},
  pages={1405--1413},
  year={2023}
}

@inproceedings{baldrati2023zero,
  title={Zero-shot composed image retrieval with textual inversion},
  author={Baldrati, Alberto and Agnolucci, Lorenzo and Bertini, Marco and Del Bimbo, Alberto},
  booktitle=ICCV,
  pages={15338--15347},
  year={2023}
}

% Experiments Need
@inproceedings{kingma2014adam,
  title={Adam: a method for stochastic optimization},
  author={Kingma, DP},
  booktitle=ICLR,
  year={2014}
}

@inproceedings{zheng2015scalable,
  title     = {Scalable person re-identification: A benchmark},
  author    = {Zheng, Liang and Shen, Liyue and Tian, Lu and Wang, Shengjin and Wang, Jingdong and Tian, Qi},
  booktitle = ICCV,
  pages     = {1116--1124},
  year      = {2015}
}
@inproceedings{Wei2018Person,
  author={Wei, Longhui and Zhang, Shiliang and Gao, Wen and Tian, Qi},
  booktitle={2018 IEEE/CVF Conference on Computer Vision and Pattern Recognition}, 
  title={Person Transfer GAN to Bridge Domain Gap for Person Re-identification}, 
  year={2018},
  volume={},
  number={},
  pages={79-88},
  }
@inproceedings{ristani2016performance,
  title={Performance measures and a data set for multi-target, multi-camera tracking},
  author={Ristani, Ergys and Solera, Francesco and Zou, Roger and Cucchiara, Rita and Tomasi, Carlo},
  booktitle=ECCV,
  pages={17--35},
  year={2016},
  organization={Springer}
}
@inproceedings{li2014deepreid,
  title={Deepreid: Deep filter pairing neural network for person re-identification},
  author={Li, Wei and Zhao, Rui and Xiao, Tong and Wang, Xiaogang},
  booktitle=CVPR,
  pages={152--159},
  year={2014}
}
% BN
@inproceedings{ioffe2015batch,
  title={Batch normalization: Accelerating deep network training by reducing internal covariate shift},
  author={Ioffe, Sergey and Szegedy, Christian},
  booktitle=ICML,
  pages={448--456},
  year={2015},
  organization={pmlr}
}

@inproceedings{gray2007evaluating,
  title={Evaluating appearance models for recognition, reacquisition, and tracking},
  author={Gray, Douglas and Brennan, Shane and Tao, Hai},
  booktitle= {IEEE Int. Worksh. Perf. Eval. Trk. Surv.},
  volume={3},
  number={5},
  pages={1--7},
  year={2007}
}

@inproceedings{selvaraju2017grad,
  title={Grad-cam: Visual explanations from deep networks via gradient-based localization},
  author={Selvaraju, Ramprasaath R and Cogswell, Michael and Das, Abhishek and Vedantam, Ramakrishna and Parikh, Devi and Batra, Dhruv},
  booktitle=ICCV,
  pages={618--626},
  year={2017}
}

@InProceedings{huang2017Densely,
author = {Huang, Gao and Liu, Zhuang and van der Maaten, Laurens and Weinberger, Kilian Q.},
title = {Densely Connected Convolutional Networks},
booktitle = CVPR,
month = {July},
year = {2017}
}

@inproceedings{szegedy2016rethinking,
  title={Rethinking the inception architecture for computer vision},
  author={Szegedy, Christian and Vanhoucke, Vincent and Ioffe, Sergey and Shlens, Jon and Wojna, Zbigniew},
  booktitle=CVPR,
  pages={2818--2826},
  year={2016}
}

@inproceedings{chen2023rethinking,
  title={Rethinking Model Ensemble in Transfer-based Adversarial Attacks},
  author={Chen, Huanran and Zhang, Yichi and Dong, Yinpeng and Yang, Xiao and Su, Hang and Zhu, Jun},
  booktitle=ICLR,
  year={2023}
}

@inproceedings{chen2023adaptive,
  title={An adaptive model ensemble adversarial attack for boosting adversarial transferability},
  author={Chen, Bin and Yin, Jiali and Chen, Shukai and Chen, Bohao and Liu, Ximeng},
  booktitle=ICCV,
  pages={4489--4498},
  year={2023}
}

@inproceedings{weng2023exploring,
  title={Exploring non-target knowledge for improving ensemble universal adversarial attacks},
  author={Weng, Juanjuan and Luo, Zhiming and Zhong, Zhun and Lin, Dazhen and Li, Shaozi},
  booktitle=AAAI,
  volume={37},
  number={3},
  pages={2768--2775},
  year={2023}
}


@ARTICLE{Wang2021Universal,
  author={Wang, Jiakai and Liu, Aishan and Bai, Xiao and Liu, Xianglong},
  journal=TIP, 
  title={Universal Adversarial Patch Attack for Automatic Checkout Using Perceptual and Attentional Bias}, 
  year={2022},
  volume={31},
  number={},
  pages={598-611},
}

@ARTICLE{Zhu2022Toward,
  author={Zhu, Yao and Chen, Yuefeng and Li, Xiaodan and Chen, Kejiang and He, Yuan and Tian, Xiang and Zheng, Bolun and Chen, Yaowu and Huang, Qingming},
  journal=TIP, 
  title={Toward Understanding and Boosting Adversarial Transferability From a Distribution Perspective}, 
  year={2022},
  volume={31},
  number={},
  pages={6487-6501},
}

@ARTICLE{Deng2022Frequency,
  author={Deng, Yingpeng and Karam, Lina J.},
  journal=TIP, 
  title={Frequency-Tuned Universal Adversarial Attacks on Texture Recognition}, 
  year={2022},
  volume={31},
  number={},
  pages={5856-5868},
}

@ARTICLE{Zheng2022Visible,
  author={Zheng, Xiangtao and Chen, Xiumei and Lu, Xiaoqiang},
  journal=TIP, 
  title={Visible-Infrared Person Re-Identification via Partially Interactive Collaboration}, 
  year={2022},
  volume={31},
  number={},
  pages={6951-6963},
}

@ARTICLE{Li2020Multi,
  author={Li, Jianing and Zhang, Shiliang and Huang, Tiejun},
  journal=TIP, 
  title={Multi-Scale Temporal Cues Learning for Video Person Re-Identification}, 
  year={2020},
  volume={29},
  number={},
  pages={4461-4473},
}


@article{wang2004image,
  title={Image quality assessment: from error visibility to structural similarity},
  author={Wang, Zhou and Bovik, Alan C and Sheikh, Hamid R and Simoncelli, Eero P},
  journal=TIP,
  volume={13},
  number={4},
  pages={600--612},
  year={2004},
}

# region re-id methods
@inproceedings{li2021diverse,
  title     = {Diverse part discovery: Occluded person re-identification with part-aware transformer},
  author    = {Li, Yulin and He, Jianfeng and Zhang, Tianzhu and Liu, Xiang and Zhang, Yongdong and Wu, Feng},
  booktitle = CVPR,
  pages     = {2898--2907},
  year      = {2021}
  }
@inproceedings{sun2018beyond,
  title     = {Beyond part models: Person retrieval with refined part pooling (and a strong convolutional baseline)},
  author    = {Sun, Yifan and Zheng, Liang and Yang, Yi and Tian, Qi and Wang, Shengjin},
  booktitle = ECCV,
  pages     = {480--496}, 
  year      = {2018}
  }

@article{wang2021learning,
  title     = {Learning person re-identification models from videos with weak supervision},
  author    = {Wang, Xueping and Liu, Min and Raychaudhuri, Dripta S and Paul, Sujoy and Wang, Yaonan and Roy-Chowdhury, Amit K},
  journal   = TIP,
  volume    = {30},
  pages     = {3017--3028},
  year      = {2021},
  publisher = {IEEE}
  }

@inproceedings{ye2018visible,
  title     = {Visible thermal person re-identification via dual-constrained top-ranking.},
  author    = {Ye, Mang and Wang, Zheng and Lan, Xiangyuan and Yuen, Pong C},
  booktitle = IJCAI,
  volume    = {1},
  pages     = {2},
  year      = {2018}
  }


@inproceedings{he2016deep,
  title     = {Deep residual learning for image recognition},
  author    = {He, Kaiming and Zhang, Xiangyu and Ren, Shaoqing and Sun, Jian},
  booktitle = CVPR,
  pages     = {770--778},
  year      = {2016}
  }
@inproceedings{liu2021swin,
  title     = {Swin transformer: Hierarchical vision transformer using shifted windows},
  author    = {Liu, Ze and Lin, Yutong and Cao, Yue and Hu, Han and Wei, Yixuan and Zhang, Zheng and Lin, Stephen and Guo, Baining},
  booktitle = ICCV,
  pages     = {10012--10022},
  year      = {2021}
  }
@inproceedings{dosovitskiy2020image,
  title     = {An Image is Worth 16x16 Words: Transformers for Image Recognition at Scale},
  author    = {Dosovitskiy, Alexey and Beyer, Lucas and Kolesnikov, Alexander and Weissenborn, Dirk and Zhai, Xiaohua and Unterthiner, Thomas and Dehghani, Mostafa and Minderer, Matthias and Heigold, Georg and Gelly, Sylvain and others},
  booktitle = ICLR,
  year      = {2020}
  }


@inproceedings{panareda2017open,
  title={Open set domain adaptation},
  author={Panareda Busto, Pau and Gall, Juergen},
  booktitle=ICCV,
  pages={754--763},
  year={2017}
}
@inproceedings{zhong2018camera,
  title={Camera style adaptation for person re-identification},
  author={Zhong, Zhun and Zheng, Liang and Zheng, Zhedong and Li, Shaozi and Yang, Yi},
  booktitle=CVPR,
  pages={5157--5166},
  year={2018}
}


@inproceedings{luo2019bag,
  title={Bag of tricks and a strong baseline for deep person re-identification},
  author={Luo, Hao and Gu, Youzhi and Liao, Xingyu and Lai, Shenqi and Jiang, Wei},
  booktitle=CVPRW,
  year={2019}
}
@inproceedings{zheng2017unlabeled,
  title={Unlabeled samples generated by gan improve the person re-identification baseline in vitro},
  author={Zheng, Zhedong and Zheng, Liang and Yang, Yi},
  booktitle=ICCV,
  pages={3754--3762},
  year={2017}
}
@inproceedings{qian2017multi,
  title={Multi-scale deep learning architectures for person re-identification},
  author={Qian, Xuelin and Fu, Yanwei and Jiang, Yu-Gang and Xiang, Tao and Xue, Xiangyang},
  booktitle=ICCV,
  pages={5399--5408},
  year={2017}
}
@article{zhang2017alignedreid,
  title={Alignedreid: Surpassing human-level performance in person re-identification},
  author={Zhang, Xuan and Luo, Hao and Fan, Xing and Xiang, Weilai and Sun, Yixiao and Xiao, Qiqi and Jiang, Wei and Zhang, Chi and Sun, Jian},
  journal={arXiv preprint arXiv:1711.08184},
  year={2017}
}
@inproceedings{li2018harmonious,
  title={Harmonious attention network for person re-identification},
  author={Li, Wei and Zhu, Xiatian and Gong, Shaogang},
  booktitle=CVPR,
  pages={2285--2294},
  year={2018}
}
@inproceedings{wang2018learning,
  title={Learning discriminative features with multiple granularities for person re-identification},
  author={Wang, Guanshuo and Yuan, Yufeng and Chen, Xiong and Li, Jiwei and Zhou, Xi},
  booktitle=ACMMM,
  pages={274--282},
  year={2018}
}
@inproceedings{ni2023part,
  title={Part-aware transformer for generalizable person re-identification},
  author={Ni, Hao and Li, Yuke and Gao, Lianli and Shen, Heng Tao and Song, Jingkuan},
  booktitle=ICCV,
  pages={11280--11289},
  year={2023}
}


% Generative attack
@inproceedings{poursaeed2018generative,
  title={Generative adversarial perturbations},
  author={Poursaeed, Omid and Katsman, Isay and Gao, Bicheng and Belongie, Serge},
  booktitle=CVPR,
  pages={4422--4431},
  year={2018}
}

@article{salzmann2021learning,
  title={Learning transferable adversarial perturbations},
  author={Salzmann, Mathieu and others},
  journal=NIPS,
  volume={34},
  pages={13950--13962},
  year={2021}
}
@inproceedings{yang2024prompt,
  title={Prompt-driven contrastive learning for transferable adversarial attacks},
  author={Yang, Hunmin and Jeong, Jongoh and Yoon, Kuk-Jin},
  booktitle=ECCV,
  pages={36--53},
  year={2024},
}

@inproceedings{zhang2022beyond,
  title={Beyond ImageNet Attack: Towards Crafting Adversarial Examples for Black-box Domains},
  author={Zhang, Qilong and Li, Xiaodan and Chen, YueFeng and Song, Jingkuan and Gao, Lianli and He, Yuan and others},
  booktitle=ICLR,
  year={2022}
}

@article{das2017keeping,
  title={Keeping the bad guys out: Protecting and vaccinating deep learning with jpeg compression},
  author={Das, Nilaksh and Shanbhogue, Madhuri and Chen, Shang-Tse and Hohman, Fred and Chen, Li and Kounavis, Michael E and Chau, Duen Horng},
  journal={arXiv preprint arXiv:1705.02900},
  year={2017}
}
@inproceedings{xie2018mitigating,
  title={Mitigating Adversarial Effects Through Randomization},
  author={Xie, Cihang and Wang, Jianyu and Zhang, Zhishuai and Ren, Zhou and Yuille, Alan},
  booktitle=ICLR,
  year={2018}
}
@inproceedings{miao2019pose,
  title     = {Pose-guided feature alignment for occluded person re-identification},
  author    = {Miao, Jiaxu and Wu, Yu and Liu, Ping and Ding, Yuhang and Yang, Yi},
  booktitle = ICCV,
  pages     = {542--551},
  year      = {2019}
}
@inproceedings{zhu2022pass,
  title     = {PASS: Part-aware self-supervised pre-training for person re-identification},
  author    = {Zhu, Kuan and Guo, Haiyun and Yan, Tianyi and Zhu, Yousong and Wang, Jinqiao and Tang, Ming},
  booktitle = ECCV,
  pages     = {198--214},
  year      = {2022}
}
