@article{burr,
  title={Fast succinct retrieval and approximate membership using ribbon},
  author={Dillinger, Peter C and H{\"u}bschle-Schneider, Lorenz and Sanders, Peter and Walzer, Stefan},
  journal={arXiv preprint arXiv:2109.01892},
  year={2021}
}

@article{case,
  title={The case for distributed shared-memory databases with RDMA-enabled memory disaggregation},
  author={Wang, Ruihong and Wang, Jianguo and Idreos, Stratos and {\"O}zsu, M Tamer and Aref, Walid G},
  journal={arXiv preprint arXiv:2207.03027},
  year={2022}
}

@inproceedings{cell,
  title={Balancing CPU and Network in the Cell Distributed B-Tree Store},
  author={Mitchell, Christopher and Montgomery, Kate and Nelson, Lamont and Sen, Siddhartha and Li, Jinyang},
  booktitle={2016 USENIX Annual Technical Conference (USENIX ATC 16)},
  pages={451--464},
  year={2016}
}

@inproceedings{clover,
  title={Disaggregating persistent memory and controlling them remotely: An exploration of passive disaggregated Key-Value stores},
  author={Tsai, Shin-Yeh and Shan, Yizhou and Zhang, Yiying},
  booktitle={2020 USENIX Annual Technical Conference (USENIX ATC 20)},
  pages={33--48},
  year={2020}
}

@inproceedings{cowbird,
  title={Cowbird: Freeing CPUs to Compute by Offloading the Disaggregation of Memory},
  author={Chen, Xinyi and Yu, Liangcheng and Liu, Vincent and Zhang, Qizhen},
  booktitle={Proceedings of the ACM SIGCOMM 2023 Conference},
  pages={1060--1073},
  year={2023}
}

@links{cxl,
  title={Compute Express Link: The Breakthrough CPU-to-Device Interconnect},
  url="https://www.computeexpresslink.org/about-cxl"
}

@article{dash,
  title={Dash: Scalable hashing on persistent memory},
  author={Lu, Baotong and Hao, Xiangpeng and Wang, Tianzheng and Lo, Eric},
  journal={arXiv preprint arXiv:2003.07302},
  year={2020}
}

@inproceedings{drtmh,
  title={Deconstructing RDMA-enabled Distributed Transactions: Hybrid is Better!},
  author={Wei, Xingda and Dong, Zhiyuan and Chen, Rong and Chen, Haibo},
  booktitle={13th USENIX Symposium on Operating Systems Design and Implementation (OSDI 18)},
  pages={233--251},
  year={2018}
}

@inproceedings{drtmr,
  title={Fast and general distributed transactions using RDMA and HTM},
  author={Chen, Yanzhe and Wei, Xingda and Shi, Jiaxin and Chen, Rong and Chen, Haibo},
  booktitle={Proceedings of the Eleventh European Conference on Computer Systems},
  pages={1--17},
  year={2016}
}

@inproceedings{edgecut,
  title={EdgeCut: Fast and Low-Overhead Access of User-Associated Contents from Edge Servers},
  author={Liu, Yi and Wang, Minmei and Shi, Shouqian and Wang, Yang and Qian, Chen},
  booktitle={2023 IEEE/ACM Symposium on Edge Computing (SEC)},
  pages={228--240},
  year={2023},
  organization={IEEE}
}

@inproceedings{farm,
  title={FaRM: Fast remote memory},
  author={Dragojevi{\'c}, Aleksandar and Narayanan, Dushyanth and Castro, Miguel and Hodson, Orion},
  booktitle={11th USENIX Symposium on Networked Systems Design and Implementation (NSDI 14)},
  pages={401--414},
  year={2014}
}

@inproceedings{fasst,
  title={FaSST: Fast, Scalable and Simple Distributed Transactions with Two-Sided (RDMA) Datagram RPCs},
  author={Kalia, Anuj and Kaminsky, Michael and Andersen, David G},
  booktitle={12th USENIX Symposium on Operating Systems Design and Implementation (OSDI 16)},
  pages={185--201},
  year={2016}
}

@article{finedex,
  title={FINEdex: a fine-grained learned index scheme for scalable and concurrent memory systems},
  author={Li, Pengfei and Hua, Yu and Jia, Jingnan and Zuo, Pengfei},
  journal={Proceedings of the VLDB Endowment},
  volume={15},
  number={2},
  pages={321--334},
  year={2021},
  publisher={VLDB Endowment}
}

@inproceedings{fusee,
  title={FUSEE: A Fully Memory-Disaggregated Key-Value Store},
  author={Shen, Jiacheng and Zuo, Pengfei and Luo, Xuchuan and Yang, Tianyi and Su, Yuxin and Zhou, Yangfan and Lyu, Michael R},
  booktitle={21st USENIX Conference on File and Storage Technologies (FAST 23)},
  pages={81--98},
  year={2023}
}

@inproceedings{guidelines,
  title={Design guidelines for high performance RDMA systems},
  author={Kalia, Anuj and Kaminsky, Michael and Andersen, David G},
  booktitle={2016 USENIX Annual Technical Conference (USENIX ATC 16)},
  pages={437--450},
  year={2016}
}

@inproceedings{herd,
  title={Using RDMA efficiently for key-value services},
  author={Kalia, Anuj and Kaminsky, Michael and Andersen, David G},
  booktitle={Proceedings of the 2014 ACM Conference on SIGCOMM},
  pages={295--306},
  year={2014}
}

@inproceedings{hstore,
  title={Exploiting Hybrid Index Scheme for RDMA-based Key-Value Stores},
  author={Han, Shukai and Zhang, Mi and Jiang, Dejun and Xiong, Jin},
  booktitle={Proceedings of the 16th ACM International Conference on Systems and Storage},
  pages={49--59},
  year={2023}
}

@inproceedings{kraska,
  title={Designing distributed tree-based index structures for fast rdma-capable networks},
  author={Ziegler, Tobias and Tumkur Vani, Sumukha and Binnig, Carsten and Fonseca, Rodrigo and Kraska, Tim},
  booktitle={Proceedings of the 2019 International Conference on Management of Data},
  pages={741--758},
  year={2019}
}

@inproceedings{mica,
  title={MICA: A Holistic Approach to Fast In-Memory Key-Value Storage},
  author={Lim, Hyeontaek and Han, Dongsu and Andersen, David G and Kaminsky, Michael},
  booktitle={11th USENIX Symposium on Networked Systems Design and Implementation (NSDI 14)},
  pages={429--444},
  year={2014}
}

@inproceedings{monotone,
  title={Monotone minimal perfect hashing: searching a sorted table with O (1) accesses},
  author={Belazzougui, Djamal and Boldi, Paolo and Pagh, Rasmus and Vigna, Sebastiano},
  booktitle={Proceedings of the twentieth annual ACM-SIAM symposium on Discrete algorithms},
  pages={785--794},
  year={2009},
  organization={SIAM}
}

@inproceedings{netcache,
  title={Netcache: Balancing key-value stores with fast in-network caching},
  author={Jin, Xin and Li, Xiaozhou and Zhang, Haoyu and Soul{\'e}, Robert and Lee, Jeongkeun and Foster, Nate and Kim, Changhoon and Stoica, Ion},
  booktitle={Proceedings of the 26th Symposium on Operating Systems Principles},
  pages={121--136},
  year={2017}
}

@inproceedings{parrot,
  title={Scalable, Fast, and Low-memory Lookups for Network Applications with one CRC-8},
  author={Liu, Yi and Shi, Shouqian and Zhou, Ruilin and Gan, Yuhang and Qian, Chen},
  booktitle={2024 IEEE 32nd International Conference on Network Protocols (ICNP)},
  pages={1--11},
  year={2024},
  organization={IEEE}
}

@inproceedings{pilaf,
  title={Using One-Sided RDMA Reads to Build a Fast, CPU-Efficient Key-Value Store},
  author={Mitchell, Christopher and Geng, Yifeng and Li, Jinyang},
  booktitle={2013 USENIX Annual Technical Conference (USENIX ATC 13)},
  pages={103--114},
  year={2013}
}

@inproceedings{prism,
  title={PRISM: Rethinking the RDMA interface for distributed systems},
  author={Burke, Matthew and Dharanipragada, Sowmya and Joyner, Shannon and Szekeres, Adriana and Nelson, Jacob and Zhang, Irene and Ports, Dan RK},
  booktitle={Proceedings of the ACM SIGOPS 28th Symposium on Operating Systems Principles},
  pages={228--242},
  year={2021}
}

@inproceedings{race,
  title={One-sided RDMA-Conscious Extendible Hashing for Disaggregated Memory},
  author={Zuo, Pengfei and Sun, Jiazhao and Yang, Liu and Zhang, Shuangwu and Hua, Yu},
  booktitle={2021 USENIX Annual Technical Conference (USENIX ATC 21)},
  pages={15--29},
  year={2021}
}

@inproceedings{redn,
  title={$\{$RDMA$\}$ is Turing complete, we just did not know it yet!},
  author={Reda, Waleed and Canini, Marco and Kosti{\'c}, Dejan and Peter, Simon},
  booktitle={19th USENIX Symposium on Networked Systems Design and Implementation (NSDI 22)},
  pages={71--85},
  year={2022}
}

@article{reflex,
  title={Reflex: Remote flash = local flash},
  author={Klimovic, Ana and Litz, Heiner and Kozyrakis, Christos},
  journal={ACM SIGARCH Computer Architecture News},
  volume={45},
  number={1},
  pages={345--359},
  year={2017},
  publisher={ACM New York, NY, USA}
}

@inproceedings{rolex,
  title={ROLEX: A Scalable RDMA-oriented Learned Key-Value Store for Disaggregated Memory Systems},
  author={Li, Pengfei and Hua, Yu and Zuo, Pengfei and Chen, Zhangyu and Sheng, Jiajie},
  booktitle={21st USENIX Conference on File and Storage Technologies (FAST 23)},
  pages={99--114},
  year={2023}
}

@inproceedings{scalebricks,
  title={Scaling up clustered network appliances with ScaleBricks},
  author={Zhou, Dong and Fan, Bin and Lim, Hyeontaek and Andersen, David G and Kaminsky, Michael and Mitzenmacher, Michael and Wang, Ren and Singh, Ajaypal},
  booktitle={Proceedings of the 2015 ACM Conference on Special Interest Group on Data Communication},
  pages={241--254},
  year={2015}
}

@inproceedings{shan2022towards,
  title={Towards a fully disaggregated and programmable data center},
  author={Shan, Yizhou and Lin, Will and Guo, Zhiyuan and Zhang, Yiying},
  booktitle={Proceedings of the 13th ACM SIGOPS Asia-Pacific Workshop on Systems},
  pages={18--28},
  year={2022}
}

@inproceedings{smart,
  title={SMART: A High-Performance Adaptive Radix Tree for Disaggregated Memory},
  author={Luo, Xuchuan and Zuo, Pengfei and Shen, Jiacheng and Gu, Jiazhen and Wang, Xin and Lyu, Michael R and Zhou, Yangfan},
  booktitle={17th USENIX Symposium on Operating Systems Design and Implementation (OSDI 23)},
  year={2023},
  organization={USENIX Association}
}

@inproceedings{smartnic1,
  title={Characterizing Off-path SmartNIC for Accelerating Distributed Systems},
  author={Wei, Xingda and Cheng, Rongxin and Yang, Yuhan and Chen, Rong and Chen, Haibo},
  booktitle={17th USENIX Symposium on Operating Systems Design and Implementation (OSDI 23)},
  pages={987--1004},
  year={2023}
}

@inproceedings{smartnic2,
  title={Xenic: SmartNIC-accelerated distributed transactions},
  author={Schuh, Henry N and Liang, Weihao and Liu, Ming and Nelson, Jacob and Krishnamurthy, Arvind},
  booktitle={Proceedings of the ACM SIGOPS 28th Symposium on Operating Systems Principles},
  pages={740--755},
  year={2021}
}

@article{smash,
  title={Smash: Flexible, fast, and resource-efficient placement and lookup of distributed storage},
  author={Liu, Yi and Shi, Shouqian and Xie, Minghao and Litz, Heiner and Qian, Chen},
  journal={Proceedings of the ACM on Measurement and Analysis of Computing Systems},
  volume={7},
  number={2},
  pages={1--22},
  year={2023},
  publisher={ACM New York, NY, USA}
}

@inproceedings{stingray,
  title={Reflex4arm: Supporting 100gbe flash storage disaggregation on arm soc},
  author={Xie, Minghao and Qian, Chen and Litz, Heiner},
  booktitle={OCP Future Technology Symposium},
  year={2020}
}

@inproceedings{strom,
  title={StRoM: smart remote memory},
  author={Sidler, David and Wang, Zeke and Chiosa, Monica and Kulkarni, Amit and Alonso, Gustavo},
  booktitle={Proceedings of the Fifteenth European Conference on Computer Systems},
  pages={1--16},
  year={2020}
}

@inproceedings{wei2021atc,
  title={Characterizing and Optimizing Remote Persistent Memory with RDMA and NVM},
  author={Wei, Xingda and Xie, Xiating and Chen, Rong and Chen, Haibo and Zang, Binyu},
  booktitle={2021 USENIX Annual Technical Conference (USENIX ATC 21)},
  pages={523--536},
  year={2021}
}

@inproceedings{xtore,
  title={Fast RDMA-based Ordered Key-Value Store using Remote Learned Cache},
  author={Wei, Xingda and Chen, Rong and Chen, Haibo},
  booktitle={14th USENIX Symposium on Operating Systems Design and Implementation (OSDI 20)},
  pages={117--135},
  year={2020}
}

