@data{sosd,
author = {Marcus, Ryan and Kipf, Andreas and van Renen, Alex},
publisher = {Harvard Dataverse},
title = {{Searching on Sorted Data}},
year = {2019},
version = {V10},
doi = {10.7910/DVN/JGVF9A},
url = {https://doi.org/10.7910/DVN/JGVF9A}
}

@links{ec2,
    title={Memory Optimized Amazon EC2 Instance.},
    url="https://aws.amazon.com/ec2/instance-types/?nc1=h_ls"
}

@misc{dex,
      title={DEX: Scalable Range Indexing on Disaggregated Memory [Extended Version]}, 
      author={Baotong Lu and Kaisong Huang and Chieh-Jan Mike Liang and Tianzheng Wang and Eric Lo},
      year={2024},
      eprint={2405.14502},
      archivePrefix={arXiv},
      primaryClass={cs.DB}
}

@article{pang,
  title={Understanding the performance implications of the design principles in storage-disaggregated databases},
  author={Pang, Xi and Wang, Jianguo},
  journal={Proceedings of the ACM on Management of Data},
  volume={2},
  number={3},
  pages={1--26},
  year={2024},
  publisher={ACM New York, NY, USA}
}

@inproceedings{match,
  title={A unified architecture for accelerating distributed $\{$DNN$\}$ training in heterogeneous $\{$GPU/CPU$\}$ clusters},
  author={Jiang, Yimin and Zhu, Yibo and Lan, Chang and Yi, Bairen and Cui, Yong and Guo, Chuanxiong},
  booktitle={14th USENIX Symposium on Operating Systems Design and Implementation (OSDI 20)},
  pages={463--479},
  year={2020}
}

@inproceedings{redn,
  title={$\{$RDMA$\}$ is Turing complete, we just did not know it yet!},
  author={Reda, Waleed and Canini, Marco and Kosti{\'c}, Dejan and Peter, Simon},
  booktitle={19th USENIX Symposium on Networked Systems Design and Implementation (NSDI 22)},
  pages={71--85},
  year={2022}
}

@inproceedings{strom,
  title={StRoM: smart remote memory},
  author={Sidler, David and Wang, Zeke and Chiosa, Monica and Kulkarni, Amit and Alonso, Gustavo},
  booktitle={Proceedings of the Fifteenth European Conference on Computer Systems},
  pages={1--16},
  year={2020}
}

@inproceedings{smartssd,
    title = {SmartSSD},
    url = {https://semiconductor.samsung.com/ssd/smart-ssd/}
}

@inproceedings{edgecut,
  title={EdgeCut: Fast and Low-Overhead Access of User-Associated Contents from Edge Servers},
  author={Liu, Yi and Wang, Minmei and Shi, Shouqian and Wang, Yang and Qian, Chen},
  booktitle={2023 IEEE/ACM Symposium on Edge Computing (SEC)},
  pages={228--240},
  year={2023},
  organization={IEEE}
}

@inproceedings{move,
  title={Replication-driven live reconfiguration for fast distributed transaction processing},
  author={Wei, Xingda and Shen, Sijie and Chen, Rong and Chen, Haibo},
  booktitle={2017 USENIX Annual Technical Conference (USENIX ATC 17)},
  pages={335--347},
  year={2017}
}

@inproceedings{xeon,
    title = {Intel Xeon Platinum Processor},
    url = {https://www.intel.com/content/www/us/en/products/details/processors/xeon/scalable/platinum/products.html}
}

@inproceedings{dlsm,
  title={dLSM: An LSM-Based Index for Memory Disaggregation},
  author={Wang, Ruihong and Wang, Jianguo and Kadam, Prishita and {\"O}zsu, M Tamer and Aref, Walid G},
  booktitle={2023 IEEE 39th International Conference on Data Engineering (ICDE)},
  pages={2835--2849},
  year={2023},
  organization={IEEE}
}


@inproceedings{cxl-anns,
  title={$\{$CXL-ANNS$\}$:$\{$Software-Hardware$\}$ collaborative memory disaggregation and computation for $\{$Billion-Scale$\}$ approximate nearest neighbor search},
  author={Jang, Junhyeok and Choi, Hanjin and Bae, Hanyeoreum and Lee, Seungjun and Kwon, Miryeong and Jung, Myoungsoo},
  booktitle={2023 USENIX Annual Technical Conference (USENIX ATC 23)},
  pages={585--600},
  year={2023}
}

@article{netsha,
  title={NetSHa: In-network acceleration of LSH-based distributed search},
  author={Zhang, Penghao and Pan, Heng and Li, Zhenyu and Cui, Penglai and Jia, Ru and He, Peng and Zhang, Zhibin and Tyson, Gareth and Xie, Gaogang},
  journal={IEEE Transactions on Parallel and Distributed Systems},
  volume={33},
  number={9},
  pages={2213--2229},
  year={2021},
  publisher={IEEE}
}

@article{dinc,
  title={DINC: Toward distributed in-network computing},
  author={Zheng, Changgang and Tang, Haoyue and Zang, Mingyuan and Hong, Xinpeng and Feng, Aosong and Tassiulas, Leandros and Zilberman, Noa},
  journal={Proceedings of the ACM on Networking},
  volume={1},
  number={CoNEXT3},
  pages={1--25},
  year={2023},
  publisher={ACM New York, NY, USA}
}

@article{zhang2020understanding,
  title={Understanding the effect of data center resource disaggregation on production dbmss},
  author={Zhang, Qizhen and Cai, Yifan and Chen, Xinyi and Angel, Sebastian and Chen, Ang and Liu, Vincent and Loo, Boon Thau},
  journal={Proceedings of the VLDB Endowment},
  volume={13},
  number={9},
  year={2020}
}

@inproceedings{bloomier,
  title={The bloomier filter: an efficient data structure for static support lookup tables},
  author={Chazelle, Bernard and Kilian, Joe and Rubinfeld, Ronitt and Tal, Ayellet},
  booktitle={Proceedings of the fifteenth annual ACM-SIAM symposium on Discrete algorithms},
  pages={30--39},
  year={2004},
  organization={Citeseer}
}

@inproceedings{tutorial,
  title={Disaggregated Database Systems},
  author={Wang, Jianguo and Zhang, Qizhen},
  booktitle={Companion of the 2023 International Conference on Management of Data},
  pages={37--44},
  year={2023}
}

@inproceedings{rethinking,
  title={Rethinking data management systems for disaggregated data centers},
  author={Zhang, Qizhen and Cai, Yifan and Angel, Sebastian and Chen, Ang and Liu, Vincent and Loo, Boon Thau},
  booktitle={Conference on Innovative Data Systems Research},
  year={2020}
}

@article{flexchain,
  title={FlexChain: an elastic disaggregated blockchain},
  author={Wu, Chenyuan and Amiri, Mohammad Javad and Asch, Jared and Nagda, Heena and Zhang, Qizhen and Loo, Boon Thau},
  journal={Proceedings of the VLDB Endowment},
  volume={16},
  number={1},
  pages={23--36},
  year={2022},
  publisher={VLDB Endowment}
}

@article{chord,
  title={Chord: a scalable peer-to-peer lookup protocol for internet applications},
  author={Stoica, Ion and Morris, Robert and Liben-Nowell, David and Karger, David R and Kaashoek, M Frans and Dabek, Frank and Balakrishnan, Hari},
  journal={IEEE/ACM Transactions on networking},
  volume={11},
  number={1},
  pages={17--32},
  year={2003},
  publisher={IEEE}
}

@article{dash,
  title={Dash: Scalable hashing on persistent memory},
  author={Lu, Baotong and Hao, Xiangpeng and Wang, Tianzheng and Lo, Eric},
  journal={arXiv preprint arXiv:2003.07302},
  year={2020}
}

@inproceedings{othello,
  title={A concise forwarding information base for scalable and fast name lookups},
  author={Yu, Ye and Belazzougui, Djamal and Qian, Chen and Zhang, Qin},
  booktitle={2017 IEEE 25th International Conference on Network Protocols (ICNP)},
  pages={1--10},
  year={2017},
  organization={IEEE}
}

@article{ludo,
  title={Ludo hashing: Compact, fast, and dynamic key-value lookups for practical network systems},
  author={Shi, Shouqian and Qian, Chen},
  journal={Proceedings of the ACM on Measurement and Analysis of Computing Systems},
  volume={4},
  number={2},
  pages={1--32},
  year={2020},
  publisher={ACM New York, NY, USA}
}

@inproceedings{parrot,
  title={Scalable, Fast, and Low-memory Lookups for Network Applications with one CRC-8},
  author={Liu, Yi and Shi, Shouqian and Zhou, Ruilin and Gan, Yuhang and Qian, Chen},
  booktitle={2024 IEEE 32nd International Conference on Network Protocols (ICNP)},
  pages={1--11},
  year={2024},
  organization={IEEE}
}

@inproceedings{learnedindex,
  title={The case for learned index structures},
  author={Kraska, Tim and Beutel, Alex and Chi, Ed H and Dean, Jeffrey and Polyzotis, Neoklis},
  booktitle={Proceedings of the 2018 international conference on management of data},
  pages={489--504},
  year={2018}
}

@article{smash,
  title={Smash: Flexible, fast, and resource-efficient placement and lookup of distributed storage},
  author={Liu, Yi and Shi, Shouqian and Xie, Minghao and Litz, Heiner and Qian, Chen},
  journal={Proceedings of the ACM on Measurement and Analysis of Computing Systems},
  volume={7},
  number={2},
  pages={1--22},
  year={2023},
  publisher={ACM New York, NY, USA}
}

@inproceedings{workload,
  title={Workload analysis of a large-scale key-value store},
  author={Atikoglu, Berk and Xu, Yuehai and Frachtenberg, Eitan and Jiang, Song and Paleczny, Mike},
  booktitle={Proceedings of the 12th ACM SIGMETRICS/PERFORMANCE joint international conference on Measurement and Modeling of Computer Systems},
  pages={53--64},
  year={2012}
}

@inproceedings{alex,
  title={ALEX: an updatable adaptive learned index},
  author={Ding, Jialin and Minhas, Umar Farooq and Yu, Jia and Wang, Chi and Do, Jaeyoung and Li, Yinan and Zhang, Hantian and Chandramouli, Badrish and Gehrke, Johannes and Kossmann, Donald and others},
  booktitle={Proceedings of the 2020 ACM SIGMOD International Conference on Management of Data},
  pages={969--984},
  year={2020}
}

@article{twochoices,
  title={The power of two choices in randomized load balancing},
  author={Mitzenmacher, Michael},
  journal={IEEE Transactions on Parallel and Distributed Systems},
  volume={12},
  number={10},
  pages={1094--1104},
  year={2001},
  publisher={IEEE}
}

@article{can,
  title={Can Learned Models Replace Hash Functions?},
  author={Sabek, Ibrahim and Vaidya, Kapil and Horn, Dominik and Kipf, Andreas and Mitzenmacher, Michael and Kraska, Tim},
  journal={Proceedings of the VLDB Endowment},
  volume={16},
  number={3},
  pages={532--545},
  year={2022},
  publisher={VLDB Endowment}
}

@article{burr,
  title={Fast succinct retrieval and approximate membership using ribbon},
  author={Dillinger, Peter C and H{\"u}bschle-Schneider, Lorenz and Sanders, Peter and Walzer, Stefan},
  journal={arXiv preprint arXiv:2109.01892},
  year={2021}
}

@article{praticalph,
  title={Practical minimal perfect hash functions for large databases},
  author={Fox, Edward A and Heath, Lenwood S and Chen, Qi Fan and Daoud, Amjad M},
  journal={Communications of the ACM},
  volume={35},
  number={1},
  pages={105--121},
  year={1992},
  publisher={ACM New York, NY, USA}
}

@links{ycsbc,
  title={https://github.com/basicthinker/YCSB-C}
}

@links{drtm_code,
  title={https://github.com/SJTU-IPADS/drtm}
}

@links{google-btree,
  title={https://code.google.com/archive/p/cpp-btree}
}

@inproceedings{ycsb,
  title={Benchmarking cloud serving systems with YCSB},
  author={Cooper, Brian F and Silberstein, Adam and Tam, Erwin and Ramakrishnan, Raghu and Sears, Russell},
  booktitle={Proceedings of the 1st ACM symposium on Cloud computing},
  pages={143--154},
  year={2010}
}

@inproceedings{shan2022towards,
  title={Towards a fully disaggregated and programmable data center},
  author={Shan, Yizhou and Lin, Will and Guo, Zhiyuan and Zhang, Yiying},
  booktitle={Proceedings of the 13th ACM SIGOPS Asia-Pacific Workshop on Systems},
  pages={18--28},
  year={2022}
}

@links{cxl,
  title={Compute Express Link: The Breakthrough CPU-to-Device Interconnect},
  url="https://www.computeexpresslink.org/about-cxl"
}

@inproceedings{ford,
  title={FORD: Fast One-sided RDMA-based Distributed Transactions for Disaggregated Persistent Memory},
  author={Zhang, Ming and Hua, Yu and Zuo, Pengfei and Liu, Lurong},
  booktitle={20th USENIX Conference on File and Storage Technologies (FAST 22)},
  pages={51--68},
  year={2022}
}

@links{bluefield,
  title={NVIDIA BlueField Networking Platform},
  url="https://nvidia.com/en-us/networking/products/data-processing-unit"
}

@links{alveo,
  title={AMD Alveo™ Adaptable Accelerator Cards},
  url="https://www.amd.com/en/products/accelerators/alveo.html"
}

@inproceedings{stingray,
  title={Reflex4arm: Supporting 100gbe flash storage disaggregation on arm soc},
  author={Xie, Minghao and Qian, Chen and Litz, Heiner},
  booktitle={OCP Future Technology Symposium},
  year={2020}
}

@inproceedings{ringleader,
  title={RingLeader: Efficiently Offloading Intra-Server Orchestration to NICs},
  author={Lin, Jiaxin and Cardoza, Adney and Khan, Tarannum and Ro, Yeonju and Stephens, Brent E and Wassel, Hassan and Akella, Aditya},
  booktitle={20th USENIX Symposium on Networked Systems Design and Implementation (NSDI 23)},
  pages={1293--1308},
  year={2023}
}

@inproceedings{ship,
  title={Ship compute or ship data? why not both?},
  author={You, Jie and Wu, Jingfeng and Jin, Xin and Chowdhury, Mosharaf},
  booktitle={18th USENIX Symposium on Networked Systems Design and Implementation (NSDI 21)},
  pages={633--651},
  year={2021}
}

@inproceedings{wei2021atc,
  title={Characterizing and Optimizing Remote Persistent Memory with RDMA and NVM},
  author={Wei, Xingda and Xie, Xiating and Chen, Rong and Chen, Haibo and Zang, Binyu},
  booktitle={2021 USENIX Annual Technical Conference (USENIX ATC 21)},
  pages={523--536},
  year={2021}
}

@article{reflex,
  title={Reflex: Remote flash = local flash},
  author={Klimovic, Ana and Litz, Heiner and Kozyrakis, Christos},
  journal={ACM SIGARCH Computer Architecture News},
  volume={45},
  number={1},
  pages={345--359},
  year={2017},
  publisher={ACM New York, NY, USA}
}

@inproceedings{cloudlab,
    title     = "The Design and Operation of {CloudLab}",
    author    = "Dmitry Duplyakin and Robert Ricci and Aleksander Maricq and Gary Wong and Jonathon Duerig and Eric Eide and Leigh Stoller and Mike Hibler and David Johnson and Kirk Webb and Aditya Akella and Kuangching Wang and Glenn Ricart and Larry Landweber and Chip Elliott and Michael Zink and Emmanuel Cecchet and Snigdhaswin Kar and Prabodh Mishra",
    booktitle = "Proceedings of the {USENIX} Annual Technical Conference (ATC)",
    pages     = "1--14",
    year      = 2019,
    month     = jul,
    url       = "https://www.flux.utah.edu/paper/duplyakin-atc19"

}

@inproceedings{monotone,
  title={Monotone minimal perfect hashing: searching a sorted table with O (1) accesses},
  author={Belazzougui, Djamal and Boldi, Paolo and Pagh, Rasmus and Vigna, Sebastiano},
  booktitle={Proceedings of the twentieth annual ACM-SIAM symposium on Discrete algorithms},
  pages={785--794},
  year={2009},
  organization={SIAM}
}

@inproceedings{consistentHashing,
  title={Consistent hashing and random trees: distributed caching protocols for relieving hot spots on the World Wide Web},
  author={David Karger and Eric Lehman and Tom Leighton and Rina Panigrahy and Matthew Levine and Daniel Lewin},
  booktitle={Proceedings of the twenty-ninth annual ACM symposium on Theory of computing},
  year={1997}
}

@inproceedings{scalebricks,
  title={Scaling up clustered network appliances with ScaleBricks},
  author={Zhou, Dong and Fan, Bin and Lim, Hyeontaek and Andersen, David G and Kaminsky, Michael and Mitzenmacher, Michael and Wang, Ren and Singh, Ajaypal},
  booktitle={Proceedings of the 2015 ACM Conference on Special Interest Group on Data Communication},
  pages={241--254},
  year={2015}
}

@article{finedex,
  title={FINEdex: a fine-grained learned index scheme for scalable and concurrent memory systems},
  author={Li, Pengfei and Hua, Yu and Jia, Jingnan and Zuo, Pengfei},
  journal={Proceedings of the VLDB Endowment},
  volume={15},
  number={2},
  pages={321--334},
  year={2021},
  publisher={VLDB Endowment}
}

@inproceedings{motor,
  title={Motor: Enabling Multi-Versioning for Distributed Transactions on Disaggregated Memory},
  author={Zhang, Ming and Hua, Yu and Yang, Zhijun},
  booktitle={18th USENIX Symposium on Operating Systems Design and Implementation (OSDI 24)},
  year={2024},
  organization={USENIX Association}
}

@inproceedings{smart,
  title={SMART: A High-Performance Adaptive Radix Tree for Disaggregated Memory},
  author={Luo, Xuchuan and Zuo, Pengfei and Shen, Jiacheng and Gu, Jiazhen and Wang, Xin and Lyu, Michael R and Zhou, Yangfan},
  booktitle={17th USENIX Symposium on Operating Systems Design and Implementation (OSDI 23)},
  year={2023},
  organization={USENIX Association}
}

@inproceedings{xtore,
  title={Fast RDMA-based Ordered Key-Value Store using Remote Learned Cache},
  author={Wei, Xingda and Chen, Rong and Chen, Haibo},
  booktitle={14th USENIX Symposium on Operating Systems Design and Implementation (OSDI 20)},
  pages={117--135},
  year={2020}
}

@article{redy,
  title={Redy: remote dynamic memory cache},
  author={Zhang, Qizhen and Bernstein, Philip A and Berger, Daniel S and Chandramouli, Badrish},
  journal={arXiv preprint arXiv:2112.12946},
  year={2021}
}

@inproceedings{fusee,
  title={FUSEE: A Fully Memory-Disaggregated Key-Value Store},
  author={Shen, Jiacheng and Zuo, Pengfei and Luo, Xuchuan and Yang, Tianyi and Su, Yuxin and Zhou, Yangfan and Lyu, Michael R},
  booktitle={21st USENIX Conference on File and Storage Technologies (FAST 23)},
  pages={81--98},
  year={2023}
}

@inproceedings{guidelines,
  title={Design guidelines for high performance RDMA systems},
  author={Kalia, Anuj and Kaminsky, Michael and Andersen, David G},
  booktitle={2016 USENIX Annual Technical Conference (USENIX ATC 16)},
  pages={437--450},
  year={2016}
}

@inproceedings{rolex,
  title={ROLEX: A Scalable RDMA-oriented Learned Key-Value Store for Disaggregated Memory Systems},
  author={Li, Pengfei and Hua, Yu and Zuo, Pengfei and Chen, Zhangyu and Sheng, Jiajie},
  booktitle={21st USENIX Conference on File and Storage Technologies (FAST 23)},
  pages={99--114},
  year={2023}
}

@inproceedings{clover,
  title={Disaggregating persistent memory and controlling them remotely: An exploration of passive disaggregated Key-Value stores},
  author={Tsai, Shin-Yeh and Shan, Yizhou and Zhang, Yiying},
  booktitle={2020 USENIX Annual Technical Conference (USENIX ATC 20)},
  pages={33--48},
  year={2020}
}

@article{dinomo,
  title={DINOMO: an elastic, scalable, high-performance key-value store for disaggregated persistent memory},
  author={Lee, Sekwon and Ponnapalli, Soujanya and Singhal, Sharad and Aguilera, Marcos K and Keeton, Kimberly and Chidambaram, Vijay},
  journal={Proceedings of the VLDB Endowment},
  volume={15},
  number={13},
  pages={4023--4037},
  year={2022},
  publisher={VLDB Endowment}
}

@article{qingchao,
  title={Efficient distributed memory management with RDMA and caching},
  author={Cai, Qingchao and Guo, Wentian and Zhang, Hao and Agrawal, Divyakant and Chen, Gang and Ooi, Beng Chin and Tan, Kian-Lee and Teo, Yong Meng and Wang, Sheng},
  journal={Proceedings of the VLDB Endowment},
  volume={11},
  number={11},
  pages={1604--1617},
  year={2018},
  publisher={VLDB Endowment}
}

@inproceedings{hstore,
  title={Exploiting Hybrid Index Scheme for RDMA-based Key-Value Stores},
  author={Han, Shukai and Zhang, Mi and Jiang, Dejun and Xiong, Jin},
  booktitle={Proceedings of the 16th ACM International Conference on Systems and Storage},
  pages={49--59},
  year={2023}
}

@inproceedings{race,
  title={One-sided RDMA-Conscious Extendible Hashing for Disaggregated Memory},
  author={Zuo, Pengfei and Sun, Jiazhao and Yang, Liu and Zhang, Shuangwu and Hua, Yu},
  booktitle={2021 USENIX Annual Technical Conference (USENIX ATC 21)},
  pages={15--29},
  year={2021}
}

@article{case,
  title={The case for distributed shared-memory databases with RDMA-enabled memory disaggregation},
  author={Wang, Ruihong and Wang, Jianguo and Idreos, Stratos and {\"O}zsu, M Tamer and Aref, Walid G},
  journal={arXiv preprint arXiv:2207.03027},
  year={2022}
}

@inproceedings{herd,
  title={Using RDMA efficiently for key-value services},
  author={Kalia, Anuj and Kaminsky, Michael and Andersen, David G},
  booktitle={Proceedings of the 2014 ACM Conference on SIGCOMM},
  pages={295--306},
  year={2014}
}

@inproceedings{farm,
  title={FaRM: Fast remote memory},
  author={Dragojevi{\'c}, Aleksandar and Narayanan, Dushyanth and Castro, Miguel and Hodson, Orion},
  booktitle={11th USENIX Symposium on Networked Systems Design and Implementation (NSDI 14)},
  pages={401--414},
  year={2014}
}

@inproceedings{shan2022towards,
  title={Towards a fully disaggregated and programmable data center},
  author={Shan, Yizhou and Lin, Will and Guo, Zhiyuan and Zhang, Yiying},
  booktitle={Proceedings of the 13th ACM SIGOPS Asia-Pacific Workshop on Systems},
  pages={18--28},
  year={2022}
}

@inproceedings{fasst,
  title={FaSST: Fast, Scalable and Simple Distributed Transactions with Two-Sided (RDMA) Datagram RPCs},
  author={Kalia, Anuj and Kaminsky, Michael and Andersen, David G},
  booktitle={12th USENIX Symposium on Operating Systems Design and Implementation (OSDI 16)},
  pages={185--201},
  year={2016}
}

@inproceedings{pilaf,
  title={Using One-Sided RDMA Reads to Build a Fast, CPU-Efficient Key-Value Store},
  author={Mitchell, Christopher and Geng, Yifeng and Li, Jinyang},
  booktitle={2013 USENIX Annual Technical Conference (USENIX ATC 13)},
  pages={103--114},
  year={2013}
}

@article{cuckoo,
  title={Cuckoo hashing},
  author={Pagh, Rasmus and Rodler, Flemming Friche},
  journal={Journal of Algorithms},
  volume={51},
  number={2},
  pages={122--144},
  year={2004},
  publisher={Elsevier}
}

@inproceedings{mica,
  title={MICA: A Holistic Approach to Fast In-Memory Key-Value Storage},
  author={Lim, Hyeontaek and Han, Dongsu and Andersen, David G and Kaminsky, Michael},
  booktitle={11th USENIX Symposium on Networked Systems Design and Implementation (NSDI 14)},
  pages={429--444},
  year={2014}
}

@inproceedings{cowbird,
  title={Cowbird: Freeing CPUs to Compute by Offloading the Disaggregation of Memory},
  author={Chen, Xinyi and Yu, Liangcheng and Liu, Vincent and Zhang, Qizhen},
  booktitle={Proceedings of the ACM SIGCOMM 2023 Conference},
  pages={1060--1073},
  year={2023}
}

@inproceedings{smartnic2,
  title={Xenic: SmartNIC-accelerated distributed transactions},
  author={Schuh, Henry N and Liang, Weihao and Liu, Ming and Nelson, Jacob and Krishnamurthy, Arvind},
  booktitle={Proceedings of the ACM SIGOPS 28th Symposium on Operating Systems Principles},
  pages={740--755},
  year={2021}
}

@inproceedings{netcache,
  title={Netcache: Balancing key-value stores with fast in-network caching},
  author={Jin, Xin and Li, Xiaozhou and Zhang, Haoyu and Soul{\'e}, Robert and Lee, Jeongkeun and Foster, Nate and Kim, Changhoon and Stoica, Ion},
  booktitle={Proceedings of the 26th Symposium on Operating Systems Principles},
  pages={121--136},
  year={2017}
}

@inproceedings{smartnic1,
  title={Characterizing Off-path SmartNIC for Accelerating Distributed Systems},
  author={Wei, Xingda and Cheng, Rongxin and Yang, Yuhan and Chen, Rong and Chen, Haibo},
  booktitle={17th USENIX Symposium on Operating Systems Design and Implementation (OSDI 23)},
  pages={987--1004},
  year={2023}
}

@inproceedings{prism,
  title={PRISM: Rethinking the RDMA interface for distributed systems},
  author={Burke, Matthew and Dharanipragada, Sowmya and Joyner, Shannon and Szekeres, Adriana and Nelson, Jacob and Zhang, Irene and Ports, Dan RK},
  booktitle={Proceedings of the ACM SIGOPS 28th Symposium on Operating Systems Principles},
  pages={228--242},
  year={2021}
}

@inproceedings{scalablerpc,
  title={Scalable RDMA RPC on reliable connection with efficient resource sharing},
  author={Chen, Youmin and Lu, Youyou and Shu, Jiwu},
  booktitle={Proceedings of the Fourteenth EuroSys Conference 2019},
  pages={1--14},
  year={2019}
}


@inproceedings{drtmr,
  title={Fast and general distributed transactions using RDMA and HTM},
  author={Chen, Yanzhe and Wei, Xingda and Shi, Jiaxin and Chen, Rong and Chen, Haibo},
  booktitle={Proceedings of the Eleventh European Conference on Computer Systems},
  pages={1--17},
  year={2016}
}

@inproceedings{drtmh,
  title={Deconstructing RDMA-enabled Distributed Transactions: Hybrid is Better!},
  author={Wei, Xingda and Dong, Zhiyuan and Chen, Rong and Chen, Haibo},
  booktitle={13th USENIX Symposium on Operating Systems Design and Implementation (OSDI 18)},
  pages={233--251},
  year={2018}
}

@inproceedings{sherman,
  title={Sherman: A write-optimized distributed b+ tree index on disaggregated memory},
  author={Wang, Qing and Lu, Youyou and Shu, Jiwu},
  booktitle={Proceedings of the 2022 International Conference on Management of Data},
  pages={1033--1048},
  year={2022}
}

@inproceedings{cell,
  title={Balancing CPU and Network in the Cell Distributed B-Tree Store},
  author={Mitchell, Christopher and Montgomery, Kate and Nelson, Lamont and Sen, Siddhartha and Li, Jinyang},
  booktitle={2016 USENIX Annual Technical Conference (USENIX ATC 16)},
  pages={451--464},
  year={2016}
}

@inproceedings{kraska,
  title={Designing distributed tree-based index structures for fast rdma-capable networks},
  author={Ziegler, Tobias and Tumkur Vani, Sumukha and Binnig, Carsten and Fonseca, Rodrigo and Kraska, Tim},
  booktitle={Proceedings of the 2019 International Conference on Management of Data},
  pages={741--758},
  year={2019}
}

