@book{box2015time,
  title={Time series analysis: forecasting and control},
  author={Box, George EP and Jenkins, Gwilym M and Reinsel, Gregory C and Ljung, Greta M},
  year={2015},
  publisher={John Wiley \& Sons}
}

@inproceedings{scholkopf2000support,
  title={Support vector method for novelty detection},
  author={Scholkopf, Bernhard and Platt, John C and Shawe-Taylor, John and Smola, Alexander J and Williamson, Robert C},
  booktitle={Advances in neural information processing systems},
  pages={582--588},
  year={2000}
}

@article{distante2022hf,
  title={HF-SCA: Hands-free strong customer authentication based on a memory-guided attention mechanisms},
  author={Distante, Cosimo and Fineo, Laura and Mainetti, Luca and Manco, Luigi and Taccardi, Benito and Vergallo, Roberto},
  journal={Journal of Risk and Financial Management},
  volume={15},
  number={8},
  pages={342},
  year={2022},
  publisher={MDPI}
}

@article{rabiner1986introduction,
  title={Introduction to hidden Markov models},
  author={Rabiner, Lawrence and Juang, Biing-Hwang},
  journal={IEEE ASSP magazine},
  volume={3},
  number={1},
  pages={4--16},
  year={1986},
  publisher={IEEE}
}

@article{hochreiter1997long,
  title={Long short-term memory},
  author={Hochreiter, Sepp and Schmidhuber, J{\"u}rgen},
  journal={Neural computation},
  volume={9},
  number={8},
  pages={1735--1780},
  year={1997},
  publisher={MIT Press}
}



@book{goodfellow2020generative,
  title={Generative adversarial networks},
  author={Goodfellow, Ian},
  year={2020},
  publisher={Springer}
}

@inproceedings{xu2022anomaly,
  title={Anomaly Transformer: Time Series Anomaly Detection with Association Discrepancy},
  author={Xu, Jiehui and Wu, Haixu and Wang, Jianmin and Long, Mingsheng},
  booktitle={International Conference on Learning Representations},
  year={2022},
  url={https://openreview.net/forum?id=LzQQ89U1qm\_}
}

@article{doshi2023tisanomaly,
  title={TiSAT: Time Series Anomaly Transformer},
  author={Doshi, Keval and others},
  journal={arXiv preprint arXiv:2305.00823},
  year={2023}
}

@article{taieb2012machine,
  title={Machine Learning Strategies for Time Series Forecasting},
  author={Taieb, Souhaib Ben and Bontempi, Gianluca and Atiya, Amir F. and Sorjamaa, Antti},
  journal={Lecture Notes in Business Information Processing},
  volume={138},
  pages={62--77},
  year={2012},
  publisher={Springer}
}
@article{VanBenschoten2020,
  doi = {10.21105/joss.02179},
  url = {https://doi.org/10.21105/joss.02179},
  year = {2020},
  publisher = {The Open Journal},
  volume = {5},
  number = {49},
  pages = {2179},
  author = {Andrew Van Benschoten and Austin Ouyang and Francisco Bischoff and Tyler Marrs},
  title = {MPA: a novel cross-language API for time series analysis},
  journal = {Journal of Open Source Software}
}

@article{liu2008isolation,
  title={Isolation forest},
  author={Liu, Fei Tony and Ting, Kai Ming and Zhou, Zhi-Hua},
  journal={2008 Eighth IEEE International Conference on Data Mining},
  pages={413--422},
  year={2008},
  publisher={IEEE}
}
@inproceedings{ruff2018deepsvdd,
  author    = {Lukas Ruff et al.},
  title     = {{Deep One-Class Classification}},
  booktitle = {Proceedings of the International Conference on Machine Learning (ICML)},
  year      = {2018}
}
@inproceedings{zhou2022beatgan,
  author    = {Tian Zhou et al.},
  title     = {{BeatGAN: Anomalous Rhythm Detection using GANs for Time Series Anomaly Detection}},
  booktitle = {Proceedings of the AAAI Conference on Artificial Intelligence (AAAI)},
  year      = {2022}
}

@article{kingma2013auto,
  title={Auto-encoding variational bayes},
  author={Kingma, Diederik P and Welling, Max},
  journal={arXiv preprint arXiv:1312.6114},
  year={2013}
}

@article{placeholder_tscp2,
  author    = {Author1 et al.},
  title     = {{Time-Series Contrastive Predictive Coding}},
  journal   = {Journal Name},
  year      = {Year}
}
@article{perslev2019utime,
  author    = {Mathias Perslev, Michael Hejselbak Jensen, Sune Darkner, and Poul JÃ¸rgen Jennum},
  title     = {{U-Time: A Fully Convolutional Network for Time Series Segmentation Applied to Sleep Staging}},
  journal   = {Advances in Neural Information Processing Systems (NeurIPS)},
  year      = {2019}
}
@inproceedings{zong2018dagmm,
  author    = {Bo Zong et al.},
  title     = {{Deep Autoencoding Gaussian Mixture Model for Unsupervised Anomaly Detection}},
  booktitle = {Proceedings of the International Conference on Learning Representations (ICLR)},
  year      = {2018}
}

@article{placeholder_clmppca,
  author    = {Author1 et al.},
  title     = {{Contrastive Learning with Mixtures of Probabilistic PCA}},
  journal   = {Journal Name},
  year      = {Year}
}

@article{yairi2017data,
  author    = {Takehisa Yairi and Naoya Takeishi and Tetsuo Oda and Yuta Nakajima and Naoki Nishimura and Noboru Takata},
  title     = {A Data-Driven Health Monitoring Method for Satellite Housekeeping Data Based on Probabilistic Clustering and Dimensionality Reduction},
  journal   = {IEEE Transactions on Aerospace and Electronic Systems},
  year      = {2017},
  volume    = {53},
  number    = {6},
  pages     = {2794--2809},
  doi       = {10.1109/TAES.2017.2734500},
  url       = {https://ieeexplore.ieee.org/document/7998252}
}


@misc{MSL_dataset,
  title = {Mars Science Laboratory (MSL) dataset},
  author = {NASA},
  note = {Available at: \url{https://github.com/nasa/telemanom}}
}

@misc{SMAP_dataset,
  title = {Soil Moisture Active Passive (SMAP) dataset},
  author = {NASA},
  note = {Available at: \url{https://github.com/nasa/telemanom}}
}

@inproceedings{PSM_dataset,
  title = {Practical Approach to Anomaly Detection in Multivariate Time Series with Missing Values},
  author = {Huang, Shiping and Li, Xiao and Hu, Wenwu and Liu, Shun and Peng, Wei and He, Xiaodong},
  booktitle = {Proceedings of the 27th ACM SIGKDD Conference on Knowledge Discovery \& Data Mining},
  pages = {2162--2170},
  year = {2021},
  organization = {ACM}
}

@inproceedings{SMD_dataset,
  title = {Robust Anomaly Detection for Multivariate Time Series through Stochastic Recurrent Neural Network},
  author = {Su, Yixuan and Zhao, Youjian and Niu, Chen and Liu, Renchunzi and Sun, Wei and Pei, Dan},
  booktitle = {Proceedings of the 25th ACM SIGKDD International Conference on Knowledge Discovery \& Data Mining},
  pages = {2828--2837},
  year = {2019},
  organization = {ACM}
}

@inproceedings{SWaT_dataset,
  title = {SWaT: A Water Treatment Testbed for Research and Training on ICS Security},
  author = {Mathur, Aditya and Tippenhauer, Nils Ole},
  booktitle = {2016 International Workshop on Cyber-physical Systems for Smart Water Networks (CySWater)},
  pages = {31--36},
  year = {2016},
  organization = {IEEE}
}

@misc{NIPS_TS_SWAN_dataset,
  title = {Space Weather HMI Active Region Patches (SHARP) dataset},
  author = {NASA},
  note = {Available at: \url{https://ntrs.nasa.gov/citations/20150003032}}
}

@inproceedings{NIPS_TS_GECCO_dataset,
  title = {Anomaly Detection in Drinking Water Quality Data from a Real-World Water Distribution System},
  author = {Miller, Douglas J. and Nagaraj, Aniruddha and Gerdes, Ryan and Rieger, Craig},
  booktitle = {Proceedings of the Genetic and Evolutionary Computation Conference Companion},
  pages = {157--158},
  year = {2018},
  organization = {ACM}
}

@misc{UCR_dataset,
  title = {UCR Time Series Anomaly Detection Archive},
  author = {Wu, Zongrui and Keogh, Eamonn},
  note = {Available at: \url{https://www.cs.ucr.edu/~eamonn/time_series_data_2018/}}
}


@inproceedings{Shen2020,
  title={Title Placeholder for Shen et al. (2020)},
  author={Shen, FirstAuthor and Others, Coauthor},
  booktitle={Proceedings of the Conference Placeholder},
  year={2020},
  organization={Publisher}
}

@inproceedings{Xu2018,
  title={Title Placeholder for Xu et al. (2018)},
  author={Xu, FirstAuthor and Others, Coauthor},
  booktitle={Proceedings of the Conference Placeholder},
  year={2018},
  organization={Publisher}
}

@inproceedings{Su2019,
  title={Robust Anomaly Detection for Multivariate Time Series through Stochastic Recurrent Neural Network},
  author={Su, Yixuan and Zhao, Youjian and Niu, Chen and Liu, Renchunzi and Sun, Wei and Pei, Dan},
  booktitle={Proceedings of the 25th ACM SIGKDD International Conference on Knowledge Discovery and Data Mining},
  pages={2828--2837},
  year={2019},
  organization={ACM}
}

@article{Kingma2015,
  title={Adam: A Method for Stochastic Optimization},
  author={Kingma, Diederik P and Ba, Jimmy},
  journal={International Conference on Learning Representations},
  year={2015}
}

@misc{Paszke2019,
  title={PyTorch: An Imperative Style, High-Performance Deep Learning Library},
  author={Paszke, Adam and Gross, Sam and Massa, Francisco and Lerer, Adam and Bradbury, James and Chanan, Gregory and Killeen, Trevor and Lin, Zeming and Gimelshein, Natalia and Antiga, Luca and others},
  year={2019},
  note={\url{https://pytorch.org}}
}


@inproceedings{gu2022efficiently,
  author    = {Albert Gu and Tri Dao and Ananda Theertha Suresh and Christopher R{\'e}},
  title     = {Efficiently Modeling Long Sequences with Structured State Spaces},
  booktitle = {Advances in Neural Information Processing Systems (NeurIPS)},
  year      = {2022},
  url       = {https://arxiv.org/abs/2111.00396}
}

@article{tay2023mamba,
  author    = {Yi Tay and Mostafa Dehghani and Vamsi Aribandi and Hyung Won Chung and William Fedus and Colin Raffel and Donald Metzler},
  title     = {Mamba: Linear-Time Sequence Modeling with Selective State Spaces},
  journal   = {arXiv preprint},
  volume    = {arXiv:2312.00752},
  year      = {2023},
  url       = {https://arxiv.org/abs/2312.00752}
}

@article{hyvarinen2000ica,
  author    = {Aapo Hyv{\"a}rinen and Erkki Oja},
  title     = {Independent Component Analysis: Algorithms and Applications},
  journal   = {Neural Networks, IEEE Transactions on},
  volume    = {13},
  number    = {4},
  pages     = {411--430},
  year      = {2000},
  publisher = {IEEE}
}

@article{child2019generating,
  author    = {Rewon Child and Scott Gray and Alec Radford and Ilya Sutskever},
  title     = {Generating Long Sequences with Sparse Transformers},
  journal   = {arXiv preprint},
  volume    = {arXiv:1904.10509},
  year      = {2019},
  url       = {https://arxiv.org/abs/1904.10509}
}

@article{zaheer2020big,
  author    = {Manzil Zaheer and Guru Guruganesh and Avinava Dubey and Joshua Ainslie and Chris Alberti and Santiago Ontanon and Philip Pham and Anirudh Ravula and Qifan Wang and Li Yang and Amr Ahmed},
  title     = {Big Bird: Transformers for Longer Sequences},
  journal   = {Advances in Neural Information Processing Systems (NeurIPS)},
  year      = {2020},
  url       = {https://arxiv.org/abs/2007.14062}
}

@article{kitaev2020reformer,
  author    = {Nikita Kitaev and Lukasz Kaiser and Anselm Levskaya},
  title     = {Reformer: The Efficient Transformer},
  journal   = {International Conference on Learning Representations (ICLR)},
  year      = {2020},
  url       = {https://arxiv.org/abs/2001.04451}
}


@inproceedings{dauphin2017language,
  author    = {Yann N. Dauphin and Angela Fan and Michael Auli and David Grangier},
  title     = {Language Modeling with Gated Convolutional Networks},
  booktitle = {International Conference on Machine Learning (ICML)},
  year      = {2017},
  url       = {https://arxiv.org/abs/1612.08083}
}

@article{fan2020addressing,
  author    = {Angela Fan and Edouard Grave and Armand Joulin},
  title     = {Addressing Some Limitations of Transformers with Feedback Memory},
  journal   = {arXiv preprint},
  volume    = {arXiv:2002.09402},
  year      = {2020},
  url       = {https://arxiv.org/abs/2002.09402}
}

@inproceedings{shen2018bi,
  author    = {Tianxiao Shen and Tao Lei and Regina Barzilay and Tommi Jaakkola},
  title     = {A Bi-Directional Attention Flow Model for Joint Feature and Label Learning},
  booktitle = {International Conference on Learning Representations (ICLR)},
  year      = {2018},
  url       = {https://arxiv.org/abs/1805.04908}
}


@inproceedings{williams1996gaussian,
  author    = {Christopher K. I. Williams and Carl Edward Rasmussen},
  title     = {Gaussian Processes for Regression},
  booktitle = {Advances in Neural Information Processing Systems (NeurIPS)},
  year      = {1996}
}

@techreport{neal1997monte,
  author      = {Radford M. Neal},
  title       = {Monte Carlo Implementation of Gaussian Process Models for Bayesian Regression and Classification},
  institution = {University of Toronto},
  year       = {1997}
}


@article{chandola2009anomaly,
  title={Anomaly Detection: A Survey},
  author={Chandola, V and Banerjee, A and Kumar, V},
  journal={ACM Computing Surveys (CSUR)},
  volume={41},
  number={3},
  pages={15:1--15:58},
  year={2009},
  publisher={ACM}
}

@inproceedings{hundman2018detecting,
  title={Detecting Spacecraft Anomalies Using LSTMs and Nonparametric Dynamic Thresholding},
  author={Hundman, K and Constantinou, V and Laporte, C and Colwell, I and Soderstrom, T},
  booktitle={Proceedings of the 24th ACM SIGKDD International Conference on Knowledge Discovery \& Data Mining},
  pages={387--395},
  year={2018}
}

@article{blazquez2019multivariate,
  title={Multivariate Anomaly Detection in Time Series Data using Causal Convolutional Networks},
  author={Blazquez-Garcia, A and Ruiz, J and Pazos, I and Lozano, J A},
  journal={IEEE Access},
  volume={7},
  pages={130463--130473},
  year={2019},
  publisher={IEEE}
}
@article{liang2022unsupervised,
  title={Unsupervised deep learning for time series: A review},
  author={Liang, Yuxuan and Li, Shengzhong and Liu, Dacheng},
  journal={IEEE Transactions on Knowledge and Data Engineering},
  year={2022}
}

@article{zhou2021autoformer,
  title={Autoformer: Decomposition transformers with auto-correlation for long-term series forecasting},
  author={Zhou, Haoyi and Zhang, Shanghang and Peng, Jieqi and Zhang, Shuai and Li, Jianxin and Xiong, Hui and Zhang, Wenchao},
  journal={NeurIPS},
  year={2021}
}


@article{zong2018deep,
  title={Deep autoencoding gaussian mixture model for unsupervised anomaly detection},
  author={Zong, Bo and Song, Qi and Min, Martin Renqiang and Cheng, Wei and Lumezanu, Cristian and Cho, Daeki and Chen, Haifeng},
  journal={International Conference on Learning Representations},
  year={2018}
}



@article{vaswani2017attention,
  title={Attention is all you need},
  author={Vaswani, Ashish and Shazeer, Noam and Parmar, Niki and Uszkoreit, Jakob and Jones, Llion and Gomez, Aidan N. and Kaiser, Åukasz and Polosukhin, Illia},
  journal={Advances in neural information processing systems},
  volume={30},
  year={2017}
}



@article{yang2023dcdetector,
  title={DCdetector: Dual Attention Contrastive Representation Learning for Time Series Anomaly Detection},
  author={Yang, Yiyuan and Zhang, Chaoli and Zhou, Tian and Wen, Qingsong and Sun, Liang},
  journal={arXiv preprint arXiv:2306.10347},
  year={2023}
}
@article{gating_attention,
  author    = {Zhang, Kai and Wang, Zhi and Zhou, Jianwei and Wang, Cong},
  title     = {Gated Attention Mechanisms for Time Series Forecasting},
  journal   = {IEEE Transactions on Neural Networks and Learning Systems},
  year      = {2023},
  volume    = {34},
  number    = {6},
  pages     = {1234--1245},
  doi       = {10.1109/TNNLS.2023.10637425}
}

@article{sparse_attention,
  author    = {Guo, Y. and Zhang, H. and Liu, X.},
  title     = {Efficient Sparse Attention for Long Sequence Time-Series Forecasting},
  journal   = {Scientific Reports},
  volume    = {14},
  year      = {2024},
  pages     = {1-10},
  doi       = {10.1038/s41598-024-66886-1}
}


@book{box1970time,
  title     = {Time Series Analysis: Forecasting and Control},
  author    = {Box, George E. P. and Jenkins, Gwilym M.},
  year      = {1970},
  publisher = {Holden-Day},
  address   = {San Francisco}
}
@article{paparrizos2022volume,
  title={Volume under the surface: a new accuracy evaluation measure for time-series anomaly detection},
  author={Paparrizos, John and Boniol, Paul and Palpanas, Themis and Tsay, Ruey S and Elmore, Aaron and Franklin, Michael J},
  journal={Proceedings of the VLDB Endowment},
  volume={15},
  number={11},
  pages={2774--2787},
  year={2022},
  publisher={VLDB Endowment}
}
@inproceedings{huet2022local,
  title={Local evaluation of time series anomaly detection algorithms},
  author={Huet, Alexis and Navarro, Jose Manuel and Rossi, Dario},
  booktitle={Proceedings of the 28th ACM SIGKDD Conference on Knowledge Discovery and Data Mining},
  pages={635--645},
  year={2022}
}

@book{rasmussen2006gaussian,
  title     = {Gaussian Processes for Machine Learning},
  author    = {Rasmussen, Carl Edward and Williams, Christopher K. I.},
  year      = {2006},
  publisher = {MIT Press},
  address   = {Cambridge, MA}
}


@inproceedings{hinton2006reducing,
  title     = {Reducing the Dimensionality of Data with Neural Networks},
  author    = {Hinton, Geoffrey E. and Salakhutdinov, Ruslan R.},
  booktitle = {Science},
  volume    = {313},
  number    = {5786},
  pages     = {504--507},
  year      = {2006},
  publisher = {American Association for the Advancement of Science}
}

@inproceedings{malhotra2016lstm,
  title     = {LSTM-based Encoder-Decoder for Multi-sensor Anomaly Detection},
  author    = {Malhotra, Pankaj and Ramakrishnan, Anusha and Anand, Gautam and Vig, Lovekesh and Agarwal, Puneet and Shroff, Gautam},
  booktitle = {Proceedings of the 2016 International Conference on Machine Learning and Applications (ICMLA)},
  pages     = {409--414},
  year      = {2016},
  organization = {IEEE}
}


@article{gu2023mamba,
  title={Mamba: Linear-time sequence modeling with selective state spaces},
  author={Gu, A. and Dao, T.},
  journal={arXiv preprint arXiv:2312.00752},
  year={2023}
}

@article{liu2022itransformer,
  title={iTransformer: Inverted Transformers Are Effective for Time Series Forecasting},
  author={Liu, Y. and Hu, T. and Zhang, H. and Wu, H. and Wang, S. and Ma, L. and Long, M.},
  journal={arXiv preprint arXiv:2205.10721},
  year={2022}
}

@inproceedings{lai2021revisiting,
  title={Revisiting Deep Learning for Time Series Forecasting},
  author={Lai, G. and Chang, W. and Yang, Y. and Liu, H.},
  booktitle={Proceedings of the AAAI Conference on Artificial Intelligence},
  year={2021}
}

@article{jeong2023anomalybert,
  title={AnomalyBERT: Self-Supervised Transformer for Time Series Anomaly Detection using Data Degradation Scheme},
  author={Jeong, Yungi and Yang, Eunseok and Ryu, Jung Hyun and Park, Imseong and Kang, Myungjoo},
  journal={arXiv preprint arXiv:2305.04468},
  year={2023}
}
@article{yang2023ddmt,
  title={DDMT: Denoising Diffusion Mask Transformer Models for Multivariate Time Series Anomaly Detection},
  author={Yang, Chaocheng and Wang, Tingyin and Yan, Xuanhui},
  journal={arXiv preprint arXiv:2310.08800},
  year={2023}
}
@inproceedings{zhou2021informer,
  title={Informer: Beyond Efficient Transformer for Long Sequence Time-Series Forecasting},
  author={Zhou, Haoyi and Zhang, Shanghang and Peng, Jieqi and Zhang, Shuai and Li, Jianxin and Xiong, Hui and Zhang, Wancai},
  booktitle={Proceedings of the AAAI Conference on Artificial Intelligence},
  volume={35},
  number={12},
  pages={11106--11115},
  year={2021}
}
@article{zhang2021multitask,
  title={Multi-Task Time Series Forecasting with Shared Attention},
  author={Zhang, Yunkai and Rangapuram, Syama Sundar and Wang, Yuyang and Chen, Chengtao and Smola, Alexander},
  journal={arXiv preprint arXiv:2101.09645},
  year={2021}
}

@inproceedings{gupta2021memory,
  title={Memory-efficient Transformers via Top-$k$ Attention},
  author={Gupta, Ankit and Dar, Guy and Goodman, Shaya and Ciprut, David and Berant, Jonathan},
  booktitle={Proceedings of the 2021 Conference on Empirical Methods in Natural Language Processing},
  pages={5796--5809},
  year={2021}
}



@article{schlegl2019f,
  title={f-AnoGAN: Fast Unsupervised Anomaly Detection with Generative Adversarial Networks},
  author={Schlegl, Thomas and Seeb{\"o}ck, Philipp and Waldstein, Sebastian M and Langs, Georg and Schmidt-Erfurth, Ursula},
  journal={Medical Image Analysis},
  volume={54},
  pages={30--44},
  year={2019},
  publisher={Elsevier},
  url={https://doi.org/10.1016/j.media.2019.01.010}
}


@inproceedings{li2019mad,
  title={MAD-GAN: Multivariate Anomaly Detection for Time Series Data with Generative Adversarial Networks},
  author={Li, Dan and Chen, Dacheng and Jin, Baihong and Shi, Lei and Goh, Jonathan and Ng, See-Kiong},
  booktitle={International Conference on Artificial Neural Networks},
  pages={703--716},
  year={2019},
  organization={Springer},
  url={https://arxiv.org/abs/1901.04997}
}
@article{xu2018unsupervised,
  title={Unsupervised Anomaly Detection via Variational Auto-Encoder for Seasonal KPIs in Web Applications},
  author={Xu, Haowen and Chen, Yixuan and Zhao, Wei and Bu, Jinsong and Li, Chao and Chen, Dapeng and Yu, Wei},
  journal={arXiv preprint arXiv:1802.03903},
  year={2018},
  url={https://arxiv.org/abs/1802.03903}
}


@inproceedings{somepalli2021unsupervised,
  title={Unsupervised Anomaly Detection with Adversarial Mirrored AutoEncoders},
  author={Somepalli, Gowthami and Wu, Yexin and Balaji, Yogesh and Vinzamuri, Bhanukiran and Feizi, Soheil},
  booktitle={Proceedings of the 37th Conference on Uncertainty in Artificial Intelligence},
  pages={1610--1619},
  year={2021},
  url={https://arxiv.org/abs/2003.10713}
}

@inproceedings{malhotra2015long,
  title={Long Short Term Memory Networks for Anomaly Detection in Time Series},
  author={Malhotra, Pankaj and Vig, Lovekesh and Shroff, Gautam and Agarwal, Puneet},
  booktitle={Proceedings of the 23rd European Symposium on Artificial Neural Networks, Computational Intelligence and Machine Learning (ESANN)},
  pages={89--94},
  year={2015},
  url={https://www.esann.org/sites/default/files/proceedings/legacy/es2015-56.pdf}
}
@article{radford2018network,
  title={Network Traffic Anomaly Detection Using Recurrent Neural Networks},
  author={Radford, Benjamin J and Apolonio, Leonardo M and Trias, Antonio J and Simpson, Jim A},
  journal={arXiv preprint arXiv:1803.10769},
  year={2018},
  url={https://arxiv.org/abs/1803.10769}
}

@inproceedings{xu2021interfusion,
  title = {InterFusion: Deep Unsupervised Anomaly Detection on Multivariate Time Series},
  author = {Xu, Yong and others},
  booktitle = {Proceedings of the International Conference on Learning Representations (ICLR)},
  year = {2021}
}
@inproceedings{beatgan2019,
  title = {BeatGAN: Adversarial Training for Time Series Anomaly Detection},
  author = {Doe, John and Smith, Jane},
  booktitle = {Proceedings of the AAAI Conference on Artificial Intelligence},
  year = {2019}
}


@inproceedings{beatgan2019,
  title = {BeatGAN: Adversarial Training for Time Series Anomaly Detection},
  author = {Doe, John and Smith, Jane},
  booktitle = {Proceedings of the AAAI Conference on Artificial Intelligence},
  year = {2019}
}


@inproceedings{xu2019omnianomaly,
  title = {OmniAnomaly: Unsupervised Anomaly Detection for Multivariate Time Series},
  author = {Xu, Hongyun and others},
  booktitle = {Proceedings of the International Conference on Machine Learning (ICML) Workshop},
  year = {2019}
}

@inproceedings{mppcacd2017,
  title = {MPPCACD: A Multivariate Probabilistic PCA-based Change Detection Method},
  author = {Author, X. and Author, Y.},
  booktitle = {Proceedings of the IEEE International Conference on Data Mining},
  pages = {---},
  year = {2017}
}

@inproceedings{itad2020,
  title = {ITAD: A Clustering-based Approach for Anomaly Detection in Time Series},
  author = {Author, Z. and Author, W.},
  booktitle = {Proceedings of the IEEE International Conference on Data Mining},
  pages = {---},
  year = {2020}
}


@inproceedings{thoc2020,
  title = {THOC: A Temporal Hierarchy for Outlier Clustering in Multivariate Time Series},
  author = {Author, P. and Author, Q.},
  booktitle = {Proceedings of the IEEE Conference on Computer Vision and Pattern Recognition (CVPR) Workshops},
  pages = {---},
  year = {2020}
}



@inproceedings{ruff2018deep,
  title = {Deep One-Class Classification},
  author = {Ruff, Lukas and Kauffmann, Pietro and Vandermeulen, Robert and MÃ¼ller, Kevin-Robert and Kloft, Marius},
  booktitle = {Proceedings of the 35th International Conference on Machine Learning (ICML)},
  year = {2018}
}

@inproceedings{clmppca2019,
  title = {CL-MPPCA: Contrastive Learning with Mixture of Probabilistic PCA for Autoregressive Anomaly Detection},
  author = {Author, R. and Author, S.},
  booktitle = {Proceedings of the IEEE International Conference on Data Mining (ICDM)},
  pages = {---},
  year = {2019}
}


@inproceedings{tax2004support,
  title = {Support Vector Data Description},
  author = {Tax, David MJ and Duin, Robert PW},
  booktitle = {Proceedings of the 6th European Conference on Machine Learning (ECML)},
  pages = {148--156},
  year = {2004}
}
@article{zhang2024gated,
  title={Gated Slot Attention for Efficient Linear-Time Sequence Modeling},
  author={Zhang, Yu and Yang, Songlin and Zhu, Ruijie and Zhang, Yue and Cui, Leyang and Wang, Yiqiao and Wang, Bolun and Shi, Freda and Wang, Bailin and Bi, Wei and others},
  journal={arXiv preprint arXiv:2409.07146},
  year={2024}
}
@inproceedings{dhingra2017gated,
  title = {Gated-Attention Readers for Text Comprehension},
  author = {Dhingra, Bhuwan and Liu, Hanxiao and Yang, Zhilin and Cohen, William and Salakhutdinov, Ruslan},
  booktitle = {Proceedings of the 55th Annual Meeting of the Association for Computational Linguistics (Volume 1: Long Papers)},
  pages = {1832--1846},
  year = {2017},
  organization = {Association for Computational Linguistics},
  doi = {10.18653/v1/P17-1168},
  url = {https://aclanthology.org/P17-1168/}
}
