@book{box2015time,
  title={Time series analysis: forecasting and control},
  author={Box, George EP and Jenkins, Gwilym M and Reinsel, Gregory C and Ljung, Greta M},
  year={2015},
  publisher={John Wiley \& Sons}
}

@article{distante2022hf,
  title={HF-SCA: Hands-free strong customer authentication based on a memory-guided attention mechanisms},
  author={Distante, Cosimo and Fineo, Laura and Mainetti, Luca and Manco, Luigi and Taccardi, Benito and Vergallo, Roberto},
  journal={Journal of Risk and Financial Management},
  volume={15},
  number={8},
  pages={342},
  year={2022},
  publisher={MDPI}
}

@article{gu2023mamba,
  title={Mamba: Linear-time sequence modeling with selective state spaces},
  author={Gu, A. and Dao, T.},
  journal={arXiv preprint arXiv:2312.00752},
  year={2023}
}

@inproceedings{gupta2021memory,
  title={Memory-efficient Transformers via Top-$k$ Attention},
  author={Gupta, Ankit and Dar, Guy and Goodman, Shaya and Ciprut, David and Berant, Jonathan},
  booktitle={Proceedings of the 2021 Conference on Empirical Methods in Natural Language Processing},
  pages={5796--5809},
  year={2021}
}

@article{jeong2023anomalybert,
  title={AnomalyBERT: Self-Supervised Transformer for Time Series Anomaly Detection using Data Degradation Scheme},
  author={Jeong, Yungi and Yang, Eunseok and Ryu, Jung Hyun and Park, Imseong and Kang, Myungjoo},
  journal={arXiv preprint arXiv:2305.04468},
  year={2023}
}

@article{kingma2013auto,
  title={Auto-encoding variational bayes},
  author={Kingma, Diederik P and Welling, Max},
  journal={arXiv preprint arXiv:1312.6114},
  year={2013}
}

@inproceedings{lai2021revisiting,
  title={Revisiting Deep Learning for Time Series Forecasting},
  author={Lai, G. and Chang, W. and Yang, Y. and Liu, H.},
  booktitle={Proceedings of the AAAI Conference on Artificial Intelligence},
  year={2021}
}

@inproceedings{li2019mad,
  title={MAD-GAN: Multivariate Anomaly Detection for Time Series Data with Generative Adversarial Networks},
  author={Li, Dan and Chen, Dacheng and Jin, Baihong and Shi, Lei and Goh, Jonathan and Ng, See-Kiong},
  booktitle={International Conference on Artificial Neural Networks},
  pages={703--716},
  year={2019},
  organization={Springer},
  url={https://arxiv.org/abs/1901.04997}
}

@article{liu2008isolation,
  title={Isolation forest},
  author={Liu, Fei Tony and Ting, Kai Ming and Zhou, Zhi-Hua},
  journal={2008 Eighth IEEE International Conference on Data Mining},
  pages={413--422},
  year={2008},
  publisher={IEEE}
}

@book{rasmussen2006gaussian,
  title     = {Gaussian Processes for Machine Learning},
  author    = {Rasmussen, Carl Edward and Williams, Christopher K. I.},
  year      = {2006},
  publisher = {MIT Press},
  address   = {Cambridge, MA}
}

@article{schlegl2019f,
  title={f-AnoGAN: Fast Unsupervised Anomaly Detection with Generative Adversarial Networks},
  author={Schlegl, Thomas and Seeb{\"o}ck, Philipp and Waldstein, Sebastian M and Langs, Georg and Schmidt-Erfurth, Ursula},
  journal={Medical Image Analysis},
  volume={54},
  pages={30--44},
  year={2019},
  publisher={Elsevier},
  url={https://doi.org/10.1016/j.media.2019.01.010}
}

@inproceedings{scholkopf2000support,
  title={Support vector method for novelty detection},
  author={Scholkopf, Bernhard and Platt, John C and Shawe-Taylor, John and Smola, Alexander J and Williamson, Robert C},
  booktitle={Advances in neural information processing systems},
  pages={582--588},
  year={2000}
}

@article{vaswani2017attention,
  title={Attention is all you need},
  author={Vaswani, Ashish and Shazeer, Noam and Parmar, Niki and Uszkoreit, Jakob and Jones, Llion and Gomez, Aidan N. and Kaiser, ≈Åukasz and Polosukhin, Illia},
  journal={Advances in neural information processing systems},
  volume={30},
  year={2017}
}

@inproceedings{xu2022anomaly,
  title={Anomaly Transformer: Time Series Anomaly Detection with Association Discrepancy},
  author={Xu, Jiehui and Wu, Haixu and Wang, Jianmin and Long, Mingsheng},
  booktitle={International Conference on Learning Representations},
  year={2022},
  url={https://openreview.net/forum?id=LzQQ89U1qm\_}
}

@article{yang2023dcdetector,
  title={DCdetector: Dual Attention Contrastive Representation Learning for Time Series Anomaly Detection},
  author={Yang, Yiyuan and Zhang, Chaoli and Zhou, Tian and Wen, Qingsong and Sun, Liang},
  journal={arXiv preprint arXiv:2306.10347},
  year={2023}
}

@article{yang2023ddmt,
  title={DDMT: Denoising Diffusion Mask Transformer Models for Multivariate Time Series Anomaly Detection},
  author={Yang, Chaocheng and Wang, Tingyin and Yan, Xuanhui},
  journal={arXiv preprint arXiv:2310.08800},
  year={2023}
}

@article{zhang2021multitask,
  title={Multi-Task Time Series Forecasting with Shared Attention},
  author={Zhang, Yunkai and Rangapuram, Syama Sundar and Wang, Yuyang and Chen, Chengtao and Smola, Alexander},
  journal={arXiv preprint arXiv:2101.09645},
  year={2021}
}

@inproceedings{zhou2021informer,
  title={Informer: Beyond Efficient Transformer for Long Sequence Time-Series Forecasting},
  author={Zhou, Haoyi and Zhang, Shanghang and Peng, Jieqi and Zhang, Shuai and Li, Jianxin and Xiong, Hui and Zhang, Wancai},
  booktitle={Proceedings of the AAAI Conference on Artificial Intelligence},
  volume={35},
  number={12},
  pages={11106--11115},
  year={2021}
}

