@article{cai2024medusa,
  title={Medusa: Simple llm inference acceleration framework with multiple decoding heads},
  author={Cai, Tianle and Li, Yuhong and Geng, Zhengyang and Peng, Hongwu and Lee, Jason D and Chen, Deming and Dao, Tri},
  journal={arXiv preprint arXiv:2401.10774},
  year={2024}
}

@article{chen2023accelerating,
  title={Accelerating large language model decoding with speculative sampling},
  author={Chen, Charlie and Borgeaud, Sebastian and Irving, Geoffrey and Lespiau, Jean-Baptiste and Sifre, Laurent and Jumper, John},
  journal={arXiv preprint arXiv:2302.01318},
  year={2023}
}

@inproceedings{fu2024lookahead,
  title={Break the Sequential Dependency of LLM Inference Using Lookahead Decoding},
  author={Fu, Yichao and Bailis, Peter and Stoica, Ion and Zhang, Hao},
  booktitle={International Conference on Machine Learning},
  year={2024}
}

@inproceedings{he2024rest,
  title={REST: Retrieval-Based Speculative Decoding},
  author={He, Zhenyu and Zhong, Zexuan and Cai, Tianle and Lee, Jason and He, Di},
  booktitle={Proceedings of the 2024 Conference of the North American Chapter of the Association for Computational Linguistics: Human Language Technologies (Volume 1: Long Papers)},
  pages={1582--1595},
  year={2024}
}

@inproceedings{leviathan2023fast,
  title={Fast inference from transformers via speculative decoding},
  author={Leviathan, Yaniv and Kalman, Matan and Matias, Yossi},
  booktitle={International Conference on Machine Learning},
  pages={19274--19286},
  year={2023},
  organization={PMLR}
}

@inproceedings{li2024eagle,
  title={EAGLE: Speculative Sampling Requires Rethinking Feature Uncertainty},
  author={Li, Yuhui and Wei, Fangyun and Zhang, Chao and Zhang, Hongyang},
  booktitle={International Conference on Machine Learning},
  year={2024}
}

@inproceedings{miao2024specinfer,
  title={Specinfer: Accelerating large language model serving with tree-based speculative inference and verification},
  author={Miao, Xupeng and Oliaro, Gabriele and Zhang, Zhihao and Cheng, Xinhao and Wang, Zeyu and Zhang, Zhengxin and Wong, Rae Ying Yee and Zhu, Alan and Yang, Lijie and Shi, Xiaoxiang and others},
  booktitle={Proceedings of the 29th ACM International Conference on Architectural Support for Programming Languages and Operating Systems, Volume 3},
  pages={932--949},
  year={2024}
}

@inproceedings{stern2018blockwisedecoding,
 author = {Stern, Mitchell and Shazeer, Noam and Uszkoreit, Jakob},
 booktitle = {Advances in Neural Information Processing Systems},
 editor = {S. Bengio and H. Wallach and H. Larochelle and K. Grauman and N. Cesa-Bianchi and R. Garnett},
 pages = {},
 publisher = {Curran Associates, Inc.},
 title = {Blockwise Parallel Decoding for Deep Autoregressive Models},
 url = {https://proceedings.neurips.cc/paper_files/paper/2018/file/c4127b9194fe8562c64dc0f5bf2c93bc-Paper.pdf},
 volume = {31},
 year = {2018}
}

@article{yang2023llma,
  title={Inference with reference: Lossless acceleration of large language models},
  author={Yang, Nan and Ge, Tao and Wang, Liang and Jiao, Binxing and Jiang, Daxin and Yang, Linjun and Majumder, Rangan and Wei, Furu},
  journal={arXiv preprint arXiv:2304.04487},
  year={2023}
}

@inproceedings{zhang2024draft,
    title = {Draft \& Verify: Lossless Large Language Model Acceleration via Self-Speculative Decoding},
    author = {Zhang, Jun and Wang, Jue and Li, Huan and Shou, Lidan and Chen, Ke and Chen, Gang and Mehrotra, Sharad},
    booktitle = {Proceedings of the 62nd Annual Meeting of the Association for Computational Linguistics (Volume 1: Long Papers)},
    pages = {11263 - 11282},
    year = {2024}
}

@inproceedings{zhao2024ouroboros,
  title={Ouroboros: Generating Longer Drafts Phrase by Phrase for Faster Speculative Decoding},
  author={Zhao, Weilin and Huang, Yuxiang and Han, Xu and Xu, Wang and Xiao, Chaojun and Zhang, Xinrong and Fang, Yewei and Zhang, Kaihuo and Liu, Zhiyuan and Sun, Maosong},
  booktitle={Proceedings of the 2024 Conference on Empirical Methods in Natural Language Processing},
  pages={13378--13393},
  year={2024}
}

