@incollection{Bengio+chapter2007,
author = {Bengio, Yoshua and LeCun, Yann},
booktitle = {Large Scale Kernel Machines},
publisher = {MIT Press},
title = {Scaling Learning Algorithms Towards {AI}},
year = {2007}
}

@article{Hinton06,
author = {Hinton, Geoffrey E. and Osindero, Simon and Teh, Yee Whye},
journal = {Neural Computation},
pages = {1527--1554},
title = {A Fast Learning Algorithm for Deep Belief Nets},
volume = {18},
year = {2006}
}

@book{goodfellow2016deep,
title={Deep learning},
author={Goodfellow, Ian and Bengio, Yoshua and Courville, Aaron and Bengio, Yoshua},
volume={1},
year={2016},
publisher={MIT Press}
}

@book{brocker2013representations,
  title={Representations of compact Lie groups},
  author={Br{\"o}cker, Theodor and Tom Dieck, Tammo},
  volume={98},
  year={2013},
  publisher={Springer Science \& Business Media}
}

@article{vaswani2017attention,
  title={Attention is all you need},
  author={Vaswani, Ashish and Shazeer, Noam and Parmar, Niki and Uszkoreit, Jakob and Jones, Llion and Gomez, Aidan N and Kaiser, {\L}ukasz and Polosukhin, Illia},
  journal={Advances in neural information processing systems},
  volume={30},
  year={2017}
}

@article{touvron2023llama,
  title={Llama: Open and efficient foundation language models},
  author={Touvron, Hugo and Lavril, Thibaut and Izacard, Gautier and Martinet, Xavier and Lachaux, Marie-Anne and Lacroix, Timoth{\'e}e and Rozi{\`e}re, Baptiste and Goyal, Naman and Hambro, Eric and Azhar, Faisal and others},
  journal={arXiv preprint arXiv:2302.13971},
  year={2023}
}

@article{yohai1979asymptotic,
  title={Asymptotic behavior of M-estimators for the linear model},
  author={Yohai, Victor J and Maronna, Ricardo A},
  journal={The Annals of Statistics},
  pages={258--268},
  year={1979},
  publisher={JSTOR}
}

@article{yang2012testing,
  title={Testing randomness by means of Random Matrix Theory},
  author={Yang, Xin and Itoi, Ryota and Tanaka-Yamawaki, Mieko},
  journal={Progress of Theoretical Physics Supplement},
  volume={194},
  pages={73--83},
  year={2012},
  publisher={The Physical Society of Japan}
}

@article{gao2024parameter,
  title={Parameter-Efficient Fine-Tuning with Discrete Fourier Transform},
  author={Gao, Ziqi and Wang, Qichao and Chen, Aochuan and Liu, Zijing and Wu, Bingzhe and Chen, Liang and Li, Jia},
  journal={arXiv preprint arXiv:2405.03003},
  year={2024}
}

@article{ahmed1974discrete,
  title={Discrete cosine transform},
  author={Ahmed, Nasir and Natarajan, T\_ and Rao, Kamisetty R},
  journal={IEEE transactions on Computers},
  volume={100},
  number={1},
  pages={90--93},
  year={1974},
  publisher={IEEE}
}

@article{bengio2013estimating,
  title={Estimating or propagating gradients through stochastic neurons for conditional computation},
  author={Bengio, Yoshua and L{\'e}onard, Nicholas and Courville, Aaron},
  journal={arXiv preprint arXiv:1308.3432},
  year={2013}
}

@article{radford2019language,
  title={Language models are unsupervised multitask learners},
  author={Radford, Alec and Wu, Jeffrey and Child, Rewon and Luan, David and Amodei, Dario and Sutskever, Ilya and others},
  journal={OpenAI blog},
  volume={1},
  number={8},
  pages={9},
  year={2019}
}

@article{liu2019roberta,
  title={Roberta: A robustly optimized bert pretraining approach},
  author={Liu, Yinhan and Ott, Myle and Goyal, Naman and Du, Jingfei and Joshi, Mandar and Chen, Danqi and Levy, Omer and Lewis, Mike and Zettlemoyer, Luke and Stoyanov, Veselin},
  journal={arXiv preprint arXiv:1907.11692},
  year={2019}
}

@article{brown2020language,
  title={Language models are few-shot learners},
  author={Brown, Tom and Mann, Benjamin and Ryder, Nick and Subbiah, Melanie and Kaplan, Jared D and Dhariwal, Prafulla and Neelakantan, Arvind and Shyam, Pranav and Sastry, Girish and Askell, Amanda and others},
  journal={Advances in neural information processing systems},
  volume={33},
  pages={1877--1901},
  year={2020}
}

@inproceedings{liu2021swin,
  title={Swin transformer: Hierarchical vision transformer using shifted windows},
  author={Liu, Ze and Lin, Yutong and Cao, Yue and Hu, Han and Wei, Yixuan and Zhang, Zheng and Lin, Stephen and Guo, Baining},
  booktitle={Proceedings of the IEEE/CVF international conference on computer vision},
  pages={10012--10022},
  year={2021}
}

@article{dosovitskiy2020image,
  title={An image is worth 16x16 words: Transformers for image recognition at scale},
  author={Dosovitskiy, Alexey and Beyer, Lucas and Kolesnikov, Alexander and Weissenborn, Dirk and Zhai, Xiaohua and Unterthiner, Thomas and Dehghani, Mostafa and Minderer, Matthias and Heigold, Georg and Gelly, Sylvain and others},
  journal={arXiv preprint arXiv:2010.11929},
  year={2020}
}

@inproceedings{li2022blip,
  title={Blip: Bootstrapping language-image pre-training for unified vision-language understanding and generation},
  author={Li, Junnan and Li, Dongxu and Xiong, Caiming and Hoi, Steven},
  booktitle={International conference on machine learning},
  pages={12888--12900},
  year={2022},
  organization={PMLR}
}

@inproceedings{radford2021learning,
  title={Learning transferable visual models from natural language supervision},
  author={Radford, Alec and Kim, Jong Wook and Hallacy, Chris and Ramesh, Aditya and Goh, Gabriel and Agarwal, Sandhini and Sastry, Girish and Askell, Amanda and Mishkin, Pamela and Clark, Jack and others},
  booktitle={International conference on machine learning},
  pages={8748--8763},
  year={2021},
  organization={PMLR}
}

@article{hu2021lora,
  title={Lora: Low-rank adaptation of large language models},
  author={Hu, Edward J and Shen, Yelong and Wallis, Phillip and Allen-Zhu, Zeyuan and Li, Yuanzhi and Wang, Shean and Wang, Lu and Chen, Weizhu},
  journal={arXiv preprint arXiv:2106.09685},
  year={2021}
}

@article{meng2023impact,
  title={Impact of classification difficulty on the weight matrices spectra in Deep Learning and application to early-stopping.},
  author={Meng, Xuran and Yao, Jeff},
  journal={J. Mach. Learn. Res.},
  volume={24},
  pages={28--1},
  year={2023}
}

@article{martin2021implicit,
  title={Implicit self-regularization in deep neural networks: Evidence from random matrix theory and implications for learning},
  author={Martin, Charles H and Mahoney, Michael W},
  journal={Journal of Machine Learning Research},
  volume={22},
  number={165},
  pages={1--73},
  year={2021}
}

@inproceedings{houlsby2019parameter,
  title={Parameter-efficient transfer learning for NLP},
  author={Houlsby, Neil and Giurgiu, Andrei and Jastrzebski, Stanislaw and Morrone, Bruna and De Laroussilhe, Quentin and Gesmundo, Andrea and Attariyan, Mona and Gelly, Sylvain},
  booktitle={International conference on machine learning},
  pages={2790--2799},
  year={2019},
  organization={PMLR}
}

@article{hu2023llm,
  title={Llm-adapters: An adapter family for parameter-efficient fine-tuning of large language models},
  author={Hu, Zhiqiang and Wang, Lei and Lan, Yihuai and Xu, Wanyu and Lim, Ee-Peng and Bing, Lidong and Xu, Xing and Poria, Soujanya and Lee, Roy Ka-Wei},
  journal={arXiv preprint arXiv:2304.01933},
  year={2023}
}

@article{he2021towards,
  title={Towards a unified view of parameter-efficient transfer learning},
  author={He, Junxian and Zhou, Chunting and Ma, Xuezhe and Berg-Kirkpatrick, Taylor and Neubig, Graham},
  journal={arXiv preprint arXiv:2110.04366},
  year={2021}
}

@article{lester2021power,
  title={The power of scale for parameter-efficient prompt tuning},
  author={Lester, Brian and Al-Rfou, Rami and Constant, Noah},
  journal={arXiv preprint arXiv:2104.08691},
  year={2021}
}

@article{wang2023non,
  title={Non-intrusive adaptation: Input-centric parameter-efficient fine-tuning for versatile multimodal modeling},
  author={Wang, Yaqing and Wu, Jialin and Dabral, Tanmaya and Zhang, Jiageng and Brown, Geoff and Lu, Chun-Ta and Liu, Frederick and Liang, Yi and Pang, Bo and Bendersky, Michael and others},
  journal={arXiv preprint arXiv:2310.12100},
  year={2023}
}

@article{zaken2021bitfit,
  title={Bitfit: Simple parameter-efficient fine-tuning for transformer-based masked language-models},
  author={Zaken, Elad Ben and Ravfogel, Shauli and Goldberg, Yoav},
  journal={arXiv preprint arXiv:2106.10199},
  year={2021}
}

@article{xu2021raise,
  title={Raise a child in large language model: Towards effective and generalizable fine-tuning},
  author={Xu, Runxin and Luo, Fuli and Zhang, Zhiyuan and Tan, Chuanqi and Chang, Baobao and Huang, Songfang and Huang, Fei},
  journal={arXiv preprint arXiv:2109.05687},
  year={2021}
}

@article{dettmers2024qlora,
  title={Qlora: Efficient finetuning of quantized llms},
  author={Dettmers, Tim and Pagnoni, Artidoro and Holtzman, Ari and Zettlemoyer, Luke},
  journal={Advances in Neural Information Processing Systems},
  volume={36},
  year={2024}
}
@article{zhang2023memory,
  title={Memory-efficient low-rank adaptation for large language models fine-tuning},
  author={Zhang, Longteng and Zhang, Lin and Shi, Shaohuai and Chu, Xiaowen and Lora-fa, Bo Li},
  journal={arXiv preprint arXiv:2308.03303},
  volume={2},
  year={2023}
}

@article{hedegaard2024structured,
  title={Structured pruning adapters},
  author={Hedegaard, Lukas and Alok, Aman and Jose, Juby and Iosifidis, Alexandros},
  journal={Pattern Recognition},
  pages={110724},
  year={2024},
  publisher={Elsevier}
}

@article{zhang2023adalora,
  title={AdaLoRA: Adaptive budget allocation for parameter-efficient fine-tuning},
  author={Zhang, Qingru and Chen, Minshuo and Bukharin, Alexander and Karampatziakis, Nikos and He, Pengcheng and Cheng, Yu and Chen, Weizhu and Zhao, Tuo},
  journal={arXiv preprint arXiv:2303.10512},
  year={2023}
}

@article{valipour2022dylora,
  title={Dylora: Parameter efficient tuning of pre-trained models using dynamic search-free low-rank adaptation},
  author={Valipour, Mojtaba and Rezagholizadeh, Mehdi and Kobyzev, Ivan and Ghodsi, Ali},
  journal={arXiv preprint arXiv:2210.07558},
  year={2022}
}

@article{hyeon2021fedpara,
  title={Fedpara: Low-rank hadamard product for communication-efficient federated learning},
  author={Hyeon-Woo, Nam and Ye-Bin, Moon and Oh, Tae-Hyun},
  journal={arXiv preprint arXiv:2108.06098},
  year={2021}
}

@article{edalati2022krona,
  title={Krona: Parameter efficient tuning with kronecker adapter},
  author={Edalati, Ali and Tahaei, Marzieh and Kobyzev, Ivan and Nia, Vahid Partovi and Clark, James J and Rezagholizadeh, Mehdi},
  journal={arXiv preprint arXiv:2212.10650},
  year={2022}
}

@article{liu2024dora,
  title={Dora: Weight-decomposed low-rank adaptation},
  author={Liu, Shih-Yang and Wang, Chien-Yi and Yin, Hongxu and Molchanov, Pavlo and Wang, Yu-Chiang Frank and Cheng, Kwang-Ting and Chen, Min-Hung},
  journal={arXiv preprint arXiv:2402.09353},
  year={2024}
}

@article{hao2024flora,
  title={Flora: Low-Rank Adapters Are Secretly Gradient Compressors},
  author={Hao, Yongchang and Cao, Yanshuai and Mou, Lili},
  journal={arXiv preprint arXiv:2402.03293},
  year={2024}
}

@article{kopiczko2023vera,
  title={Vera: Vector-based random matrix adaptation},
  author={Kopiczko, Dawid Jan and Blankevoort, Tijmen and Asano, Yuki Markus},
  journal={arXiv preprint arXiv:2310.11454},
  year={2023}
}

@book{muirhead2009aspects,
  title={Aspects of multivariate statistical theory},
  author={Muirhead, Robb J},
  year={2009},
  publisher={John Wiley \& Sons}
}

@article{vivo2007large,
  title={Large deviations of the maximum eigenvalue in Wishart random matrices},
  author={Vivo, Pierpaolo and Majumdar, Satya N and Bohigas, Oriol},
  journal={Journal of Physics A: Mathematical and Theoretical},
  volume={40},
  number={16},
  pages={4317},
  year={2007},
  publisher={IOP Publishing}
}

@article{johnstone2001distribution,
  title={On the distribution of the largest eigenvalue in principal components analysis},
  author={Johnstone, Iain M},
  journal={The Annals of statistics},
  volume={29},
  number={2},
  pages={295--327},
  year={2001},
  publisher={Institute of Mathematical Statistics}
}

@article{johansson2000shape,
  title={Shape fluctuations and random matrices},
  author={Johansson, Kurt},
  journal={Communications in mathematical physics},
  volume={209},
  pages={437--476},
  year={2000},
  publisher={Springer}
}

@article{arnold1979bounds,
  title={Bounds on expectations of linear systematic statistics based on dependent samples},
  author={Arnold, Barry C and Groeneveld, Richard A},
  journal={The Annals of Statistics},
  pages={220--223},
  year={1979},
  publisher={JSTOR}
}

@article{bertsimas2006tight,
  title={Tight bounds on expected order statistics},
  author={Bertsimas, Dimitris and Natarajan, Karthik and Teo, Chung-Piaw},
  journal={Probability in the Engineering and Informational Sciences},
  volume={20},
  number={4},
  pages={667--686},
  year={2006},
  publisher={Cambridge University Press}
}

@article{wright2015coordinate,
  title={Coordinate descent algorithms},
  author={Wright, Stephen J},
  journal={Mathematical programming},
  volume={151},
  number={1},
  pages={3--34},
  year={2015},
  publisher={Springer}
}

@misc{taori2023stanford,
  title={Stanford alpaca: An instruction-following llama model},
  author={Taori, Rohan and Gulrajani, Ishaan and Zhang, Tianyi and Dubois, Yann and Li, Xuechen and Guestrin, Carlos and Liang, Percy and Hashimoto, Tatsunori B},
  year={2023}
}

@article{wang2018glue,
  title={GLUE: A multi-task benchmark and analysis platform for natural language understanding},
  author={Wang, Alex and Singh, Amanpreet and Michael, Julian and Hill, Felix and Levy, Omer and Bowman, Samuel R},
  journal={arXiv preprint arXiv:1804.07461},
  year={2018}
}

@article{zheng2024judging,
  title={Judging llm-as-a-judge with mt-bench and chatbot arena},
  author={Zheng, Lianmin and Chiang, Wei-Lin and Sheng, Ying and Zhuang, Siyuan and Wu, Zhanghao and Zhuang, Yonghao and Lin, Zi and Li, Zhuohan and Li, Dacheng and Xing, Eric and others},
  journal={Advances in Neural Information Processing Systems},
  volume={36},
  year={2024}
}

@article{chiang2023vicuna,
  title={Vicuna: An open-source chatbot impressing gpt-4 with 90\%* chatgpt quality},
  author={Chiang, Wei-Lin and Li, Zhuohan and Lin, Zi and Sheng, Ying and Wu, Zhanghao and Zhang, Hao and Zheng, Lianmin and Zhuang, Siyuan and Zhuang, Yonghao and Gonzalez, Joseph E and others},
  journal={See https://vicuna. lmsys. org (accessed 14 April 2023)},
  volume={2},
  number={3},
  pages={6},
  year={2023}
}

@Misc{peft,
  title =        {PEFT: State-of-the-art Parameter-Efficient Fine-Tuning methods},
  author =       {Sourab Mangrulkar and Sylvain Gugger and Lysandre Debut and Younes Belkada and Sayak Paul and Benjamin Bossan},
  howpublished = {\url{https://github.com/huggingface/peft}},
  year =         {2022}
}

@inproceedings{transformers,
    title = "Transformers: State-of-the-Art Natural Language Processing",
    author = "Thomas Wolf and Lysandre Debut and Victor Sanh and Julien Chaumond and Clement Delangue and Anthony Moi and Pierric Cistac and Tim Rault and Rémi Louf and Morgan Funtowicz and Joe Davison and Sam Shleifer and Patrick von Platen and Clara Ma and Yacine Jernite and Julien Plu and Canwen Xu and Teven Le Scao and Sylvain Gugger and Mariama Drame and Quentin Lhoest and Alexander M. Rush",
    booktitle = "Proceedings of the 2020 Conference on Empirical Methods in Natural Language Processing: System Demonstrations",
    month = oct,
    year = "2020",
    address = "Online",
    publisher = "Association for Computational Linguistics",
    url = "https://www.aclweb.org/anthology/2020.emnlp-demos.6",
    pages = "38--45"
}

@article{ruckle2020adapterdrop,
  title={Adapterdrop: On the efficiency of adapters in transformers},
  author={R{\"u}ckl{\'e}, Andreas and Geigle, Gregor and Glockner, Max and Beck, Tilman and Pfeiffer, Jonas and Reimers, Nils and Gurevych, Iryna},
  journal={arXiv preprint arXiv:2010.11918},
  year={2020}
}

@inproceedings{parkhi2012cats,
  title={Cats and dogs},
  author={Parkhi, Omkar M and Vedaldi, Andrea and Zisserman, Andrew and Jawahar, CV},
  booktitle={2012 IEEE conference on computer vision and pattern recognition},
  pages={3498--3505},
  year={2012},
  organization={IEEE}
}

@inproceedings{krause20133d,
  title={3d object representations for fine-grained categorization},
  author={Krause, Jonathan and Stark, Michael and Deng, Jia and Fei-Fei, Li},
  booktitle={Proceedings of the IEEE international conference on computer vision workshops},
  pages={554--561},
  year={2013}
}

@article{krizhevsky2009learning,
  title={Learning multiple layers of features from tiny images},
  author={Krizhevsky, Alex and Hinton, Geoffrey and others},
  year={2009},
  publisher={Toronto, ON, Canada}
}

@inproceedings{cimpoi2014describing,
  title={Describing textures in the wild},
  author={Cimpoi, Mircea and Maji, Subhransu and Kokkinos, Iasonas and Mohamed, Sammy and Vedaldi, Andrea},
  booktitle={Proceedings of the IEEE conference on computer vision and pattern recognition},
  pages={3606--3613},
  year={2014}
}

@article{helber2019eurosat,
  title={Eurosat: A novel dataset and deep learning benchmark for land use and land cover classification},
  author={Helber, Patrick and Bischke, Benjamin and Dengel, Andreas and Borth, Damian},
  journal={IEEE Journal of Selected Topics in Applied Earth Observations and Remote Sensing},
  volume={12},
  number={7},
  pages={2217--2226},
  year={2019},
  publisher={IEEE}
}

@article{maji2013fine,
  title={Fine-grained visual classification of aircraft},
  author={Maji, Subhransu and Rahtu, Esa and Kannala, Juho and Blaschko, Matthew and Vedaldi, Andrea},
  journal={arXiv preprint arXiv:1306.5151},
  year={2013}
}

@article{cheng2017remote,
  title={Remote sensing image scene classification: Benchmark and state of the art},
  author={Cheng, Gong and Han, Junwei and Lu, Xiaoqiang},
  journal={Proceedings of the IEEE},
  volume={105},
  number={10},
  pages={1865--1883},
  year={2017},
  publisher={IEEE}
}

@article{ridnik2021imagenet,
  title={Imagenet-21k pretraining for the masses},
  author={Ridnik, Tal and Ben-Baruch, Emanuel and Noy, Asaf and Zelnik-Manor, Lihi},
  journal={arXiv preprint arXiv:2104.10972},
  year={2021}
}

@article{touvron2023llama2,
  title={Llama 2: Open foundation and fine-tuned chat models},
  author={Touvron, Hugo and Martin, Louis and Stone, Kevin and Albert, Peter and Almahairi, Amjad and Babaei, Yasmine and Bashlykov, Nikolay and Batra, Soumya and Bhargava, Prajjwal and Bhosale, Shruti and others},
  journal={arXiv preprint arXiv:2307.09288},
  year={2023}
}

@article{lawton2023neural,
  title={Neural architecture search for parameter-efficient fine-tuning of large pre-trained language models},
  author={Lawton, Neal and Kumar, Anoop and Thattai, Govind and Galstyan, Aram and Steeg, Greg Ver},
  journal={arXiv preprint arXiv:2305.16597},
  year={2023}
}

@article{chen2023parameter,
  title={Parameter-efficient fine-tuning design spaces},
  author={Chen, Jiaao and Zhang, Aston and Shi, Xingjian and Li, Mu and Smola, Alex and Yang, Diyi},
  journal={arXiv preprint arXiv:2301.01821},
  year={2023}
}

@article{wallace1991jpeg,
  title={The JPEG still picture compression standard},
  author={Wallace, Gregory K},
  journal={Communications of the ACM},
  volume={34},
  number={4},
  pages={30--44},
  year={1991},
  publisher={AcM New York, NY, USA}
}

@inproceedings{rombach2022high,
  title={High-resolution image synthesis with latent diffusion models},
  author={Rombach, Robin and Blattmann, Andreas and Lorenz, Dominik and Esser, Patrick and Ommer, Bj{\"o}rn},
  booktitle={Proceedings of the IEEE/CVF conference on computer vision and pattern recognition},
  pages={10684--10695},
  year={2022}
}

@inproceedings{brooks2023instructpix2pix,
  title={Instructpix2pix: Learning to follow image editing instructions},
  author={Brooks, Tim and Holynski, Aleksander and Efros, Alexei A},
  booktitle={Proceedings of the IEEE/CVF Conference on Computer Vision and Pattern Recognition},
  pages={18392--18402},
  year={2023}
}

@article{
  Paul2023instruction-tuning-sd,
  author = {Paul, Sayak},
  title = {Instruction-tuning Stable Diffusion with InstructPix2Pix},
  journal = {Hugging Face Blog},
  year = {2023},
  note = {https://huggingface.co/blog/instruction-tuning-sd},
}

@article{howard2020fastai,
  title={Fastai: a layered API for deep learning},
  author={Howard, Jeremy and Gugger, Sylvain},
  journal={Information},
  volume={11},
  number={2},
  pages={108},
  year={2020},
  publisher={MDPI}
}

@inproceedings{wang2020learning,
  title={Learning to cartoonize using white-box cartoon representations},
  author={Wang, Xinrui and Yu, Jinze},
  booktitle={Proceedings of the IEEE/CVF conference on computer vision and pattern recognition},
  pages={8090--8099},
  year={2020}
}

@inproceedings{li2017deeper,
  title={Deeper, broader and artier domain generalization},
  author={Li, Da and Yang, Yongxin and Song, Yi-Zhe and Hospedales, Timothy M},
  booktitle={Proceedings of the IEEE international conference on computer vision},
  pages={5542--5550},
  year={2017}
}

@article{thamm2022random,
  title={Random matrix analysis of deep neural network weight matrices},
  author={Thamm, Matthias and Staats, Max and Rosenow, Bernd},
  journal={Physical Review E},
  volume={106},
  number={5},
  pages={054124},
  year={2022},
  publisher={APS}
}

@article{lee2017deep,
  title={Deep neural networks as gaussian processes},
  author={Lee, Jaehoon and Bahri, Yasaman and Novak, Roman and Schoenholz, Samuel S and Pennington, Jeffrey and Sohl-Dickstein, Jascha},
  journal={arXiv preprint arXiv:1711.00165},
  year={2017}
}

@article{van2017neural,
  title={Neural discrete representation learning},
  author={Van Den Oord, Aaron and Vinyals, Oriol and others},
  journal={Advances in neural information processing systems},
  volume={30},
  year={2017}
}

@article{novikova2017e2e,
  title={The E2E dataset: New challenges for end-to-end generation},
  author={Novikova, Jekaterina and Du{\v{s}}ek, Ond{\v{r}}ej and Rieser, Verena},
  journal={arXiv preprint arXiv:1706.09254},
  year={2017}
}

@article{yue2023mammoth,
  title={Mammoth: Building math generalist models through hybrid instruction tuning},
  author={Yue, Xiang and Qu, Xingwei and Zhang, Ge and Fu, Yao and Huang, Wenhao and Sun, Huan and Su, Yu and Chen, Wenhu},
  journal={arXiv preprint arXiv:2309.05653},
  year={2023}
}

@article{lin2020exploring,
  title={Exploring versatile generative language model via parameter-efficient transfer learning},
  author={Lin, Zhaojiang and Madotto, Andrea and Fung, Pascale},
  journal={arXiv preprint arXiv:2004.03829},
  year={2020}
}