% Use this file for citations not found in the ACL Anthology (contained in "anthology.bib").

@book{Aho:72,
    author  = {Alfred V. Aho and Jeffrey D. Ullman},
    title   = {The Theory of Parsing, Translation and Compiling},
    year    = "1972",
    volume  = "1",
    publisher = {Prentice-Hall},
    address = {Englewood Cliffs, NJ}
}

@book{APA:83,
    author  = {{American Psychological Association}},
    title   = {Publications Manual},
    year    = "1983",
    publisher = {American Psychological Association},
    address = {Washington, DC}
}

@article{Chandra:81,
	author = {Ashok K. Chandra and Dexter C. Kozen and Larry J. Stockmeyer},
	year = "1981",
	title = {Alternation},
	journal = {Journal of the Association for Computing Machinery},
	volume = "28",
	number = "1",
	pages = "114--133",
	doi = "10.1145/322234.322243",
}

@inproceedings{andrew2007scalable,
  title={Scalable training of {L1}-regularized log-linear models},
  author={Andrew, Galen and Gao, Jianfeng},
  booktitle={Proceedings of the 24th International Conference on Machine Learning},
  pages={33--40},
  year={2007},
}

@book{Gusfield:97,
    author  = {Dan Gusfield},
    title   = {Algorithms on Strings, Trees and Sequences},
    year    = "1997",
    publisher = {Cambridge University Press},
    address = {Cambridge, UK}
}
@article{lu2024ai,
  title={The ai scientist: Towards fully automated open-ended scientific discovery},
  author={Lu, Chris and Lu, Cong and Lange, Robert Tjarko and Foerster, Jakob and Clune, Jeff and Ha, David},
  journal={arXiv preprint arXiv:2408.06292},
  year={2024}
}


@article{rasooli-tetrault-2015,
    author    = {Mohammad Sadegh Rasooli and Joel R. Tetreault},
    title     = {Yara Parser: {A} Fast and Accurate Dependency Parser},
    journal   = {Computing Research Repository},
    volume    = {arXiv:1503.06733},
    year      = {2015},
    url       = {http://arxiv.org/abs/1503.06733},
    note    = {version 2}
}

@article{Ando2005,
	Acmid = {1194905},
	Author = {Ando, Rie Kubota and Zhang, Tong},
	Issn = {1532-4435},
	Issue_Date = {12/1/2005},
	Journal = {Journal of Machine Learning Research},
	Month = dec,
	Numpages = {37},
	Pages = {1817--1853},
	Publisher = {JMLR.org},
	Title = {A Framework for Learning Predictive Structures from Multiple Tasks and Unlabeled Data},
	Volume = {6},
	Year = {2005}
}

%##########################################################################
@incollection{Bengio+chapter2007,
author = {Bengio, Yoshua and LeCun, Yann},
booktitle = {Large Scale Kernel Machines},
publisher = {MIT Press},
title = {Scaling Learning Algorithms Towards {AI}},
year = {2007}
}

@article{Hinton06,
author = {Hinton, Geoffrey E. and Osindero, Simon and Teh, Yee Whye},
journal = {Neural Computation},
pages = {1527--1554},
title = {A Fast Learning Algorithm for Deep Belief Nets},
volume = {18},
year = {2006}
}

@book{goodfellow2016deep,
title={Deep learning},
author={Goodfellow, Ian and Bengio, Yoshua and Courville, Aaron and Bengio, Yoshua},
volume={1},
year={2016},
publisher={MIT Press}
}
% _________________________________
@article{Bellemare2024,
  author       = {Antoine Bellemare P{\'{e}}pin and
                  Fran{\c{c}}ois Lespinasse and
                  Philipp Th{\"{o}}lke and
                  Yann Harel and
                  Kory Mathewson and
                  Jay A. Olson and
                  Yoshua Bengio and
                  Karim Jerbi},
  title        = {Divergent Creativity in Humans and Large Language Models},
  journal      = {CoRR},
  volume       = {abs/2405.13012},
  year         = {2024},
  url          = {https://doi.org/10.48550/arXiv.2405.13012},
  doi          = {10.48550/ARXIV.2405.13012},
  eprinttype    = {arXiv},
  eprint       = {2405.13012},
  timestamp    = {Tue, 18 Jun 2024 09:26:34 +0200},
  biburl       = {https://dblp.org/rec/journals/corr/abs-2405-13012.bib},
  bibsource    = {dblp computer science bibliography, https://dblp.org}
}

@article{Orwig2024,
author = {Orwig, William and Edenbaum, Emma and Greene, Joshua and Schacter, Daniel},
year = {2024},
month = {01},
pages = {},
title = {The Language of Creativity: Evidence from Humans and Large Language Models},
volume = {58},
journal = {The Journal of Creative Behavior},
doi = {10.1002/jocb.636}
}

@article{porter2024,
  author    = {Porter, B. and Machery, E.},
  title     = {AI-generated poetry is indistinguishable from human-written poetry and is rated more favorably},
  journal   = {Scientific Reports},
  volume    = {14},
  pages     = {26133},
  year      = {2024},
  doi       = {10.1038/s41598-024-76900-1},
  url       = {https://doi.org/10.1038/s41598-024-76900-1},
  received  = {2024-07-13},
  accepted  = {2024-10-17},
  published = {2024-11-14}
}

@article{lee2024,
  author    = {Lee, B.C. and Chung, J.},
  title     = {An empirical investigation of the impact of ChatGPT on creativity},
  journal   = {Nature Human Behaviour},
  volume    = {8},
  pages     = {1906--1914},
  year      = {2024},
  doi       = {10.1038/s41562-024-01953-1},
  url       = {https://doi.org/10.1038/s41562-024-01953-1},
  received  = {2023-09-11},
  accepted  = {2024-07-10},
  published = {2024-08-12},
  issue_date = {October 2024}
}

@article{si2024can,
  title={Can LLMs Generate Novel Research Ideas? A Large-Scale Human Study with 100+ NLP Researchers},
  author={Si, Chenglei and Yang, Diyi and Hashimoto, Tatsunori},
  journal={arXiv preprint arXiv:2409.04109},
  year={2024},
  url={https://arxiv.org/abs/2409.04109}
}

@article{Guzik2023,
title = {The originality of machines: AI takes the Torrance Test},
journal = {Journal of Creativity},
volume = {33},
number = {3},
pages = {100065},
year = {2023},
issn = {2713-3745},
doi = {https://doi.org/10.1016/j.yjoc.2023.100065},
url = {https://www.sciencedirect.com/science/article/pii/S2713374523000249},
author = {Erik E. Guzik and Christian Byrge and Christian Gilde},
}

@inproceedings{Chakrabarty2024,
  author       = {Tuhin Chakrabarty and
                  Philippe Laban and
                  Divyansh Agarwal and
                  Smaranda Muresan and
                  Chien{-}Sheng Wu},
  editor       = {Florian 'Floyd' Mueller and
                  Penny Kyburz and
                  Julie R. Williamson and
                  Corina Sas and
                  Max L. Wilson and
                  Phoebe O. Toups Dugas and
                  Irina Shklovski},
  title        = {Art or Artifice? Large Language Models and the False Promise of Creativity},
  booktitle    = {Proceedings of the {CHI} Conference on Human Factors in Computing
                  Systems, {CHI} 2024, Honolulu, HI, USA, May 11-16, 2024},
  pages        = {30:1--30:34},
  publisher    = {{ACM}},
  year         = {2024},
  url          = {https://doi.org/10.1145/3613904.3642731},
  doi          = {10.1145/3613904.3642731},
  timestamp    = {Fri, 17 May 2024 21:42:30 +0200},
  biburl       = {https://dblp.org/rec/conf/chi/ChakrabartyLAMW24.bib},
  bibsource    = {dblp computer science bibliography, https://dblp.org}
}

@article{levenson2023,
  author  = {Michael Levenson},
  year    = {2023},
  title   = {Science fiction magazines battle a flood of chatbot-generated stories},
  journal = {The New York Times},
  url     = {https://www.nytimes.com/2023/02/23/technology/clarkesworld-submissions-ai-sci-fi.html?searchResultPosition=1}
}

@article{sato2023,
  author  = {Mia Sato},
  year    = {2023},
  title   = {AI-generated fiction is flooding literary magazines â€” but not fooling anyone},
  journal = {The Verge},
  url     = {https://www.theverge.com/2023/2/25/23613752/\allowbreak/ai-generated-short-stories-literary-magazines-clarkesworld-science-fiction}
}


@article{Doshi2024,
author = {Anil R. Doshi  and Oliver P. Hauser },
title = {Generative AI enhances individual creativity but reduces the collective diversity of novel content},
journal = {Science Advances},
volume = {10},
number = {28},
pages = {eadn5290},
year = {2024},
doi = {10.1126/sciadv.adn5290},
URL = {https://www.science.org/doi/abs/10.1126/sciadv.adn5290},
eprint = {https://www.science.org/doi/pdf/10.1126/sciadv.adn5290},
}

@article{xu2024echoes,
  title={Echoes in AI: Quantifying Lack of Plot Diversity in LLM Outputs},
  author={Xu, Weijia and Jojic, Nebojsa and Rao, Sudha and Brockett, Chris and Dolan, Bill},
  journal={arXiv preprint arXiv:2501.00273},
  year={2024},
  url={https://arxiv.org/abs/2501.00273},
  note={Submitted on 31 Dec 2024}
}

@article{Kobak2024,
  author       = {Dmitry Kobak and
                  Rita Gonz{\'{a}}lez{-}M{\'{a}}rquez and
                  Emoke{-}{\'{A}}gnes Horv{\'{a}}t and
                  Jan Lause},
  title        = {Delving into ChatGPT usage in academic writing through excess vocabulary},
  journal      = {CoRR},
  volume       = {abs/2406.07016},
  year         = {2024},
  url          = {https://doi.org/10.48550/arXiv.2406.07016},
  doi          = {10.48550/ARXIV.2406.07016},
  eprinttype    = {arXiv},
  eprint       = {2406.07016},
  timestamp    = {Mon, 08 Jul 2024 17:47:28 +0200},
  biburl       = {https://dblp.org/rec/journals/corr/abs-2406-07016.bib},
  bibsource    = {dblp computer science bibliography, https://dblp.org}
}

@article{kefford2023,
  author  = {Matt Kefford},
  year    = {2023},
  title   = {Wharton study pits ChatGPT against MBA students in creativity test},
  journal = {Business Because},
  url     = {https://www.businessbecause.com/news/mba/wharton-study-chatgpt-creativity-test}
}

@article{Begus2023,
  author       = {Nina Begus},
  title        = {Experimental Narratives: {A} Comparison of Human Crowdsourced Storytelling
                  and {AI} Storytelling},
  journal      = {CoRR},
  volume       = {abs/2310.12902},
  year         = {2023},
  url          = {https://doi.org/10.48550/arXiv.2310.12902},
  doi          = {10.48550/ARXIV.2310.12902},
  eprinttype    = {arXiv},
  eprint       = {2310.12902},
  timestamp    = {Fri, 27 Oct 2023 12:21:19 +0200},
  biburl       = {https://dblp.org/rec/journals/corr/abs-2310-12902.bib},
  bibsource    = {dblp computer science bibliography, https://dblp.org}
}

@article{McCoy2023,
  author       = {R. Thomas McCoy and
                  Paul Smolensky and
                  Tal Linzen and
                  Jianfeng Gao and
                  Asli Celikyilmaz},
  title        = {How Much Do Language Models Copy From Their Training Data? Evaluating
                  Linguistic Novelty in Text Generation Using {RAVEN}},
  journal      = {Trans. Assoc. Comput. Linguistics},
  volume       = {11},
  pages        = {652--670},
  year         = {2023},
  url          = {https://doi.org/10.1162/tacl\_a\_00567},
  doi          = {10.1162/TACL\_A\_00567},
  timestamp    = {Wed, 19 Jun 2024 17:28:03 +0200},
  biburl       = {https://dblp.org/rec/journals/tacl/McCoySL0C23.bib},
  bibsource    = {dblp computer science bibliography, https://dblp.org}
}

@article{Shaib2024,
  author       = {Chantal Shaib and
                  Joe Barrow and
                  Jiuding Sun and
                  Alexa F. Siu and
                  Byron C. Wallace and
                  Ani Nenkova},
  title        = {Standardizing the Measurement of Text Diversity: {A} Tool and a Comparative
                  Analysis of Scores},
  journal      = {CoRR},
  volume       = {abs/2403.00553},
  year         = {2024},
  url          = {https://doi.org/10.48550/arXiv.2403.00553},
  doi          = {10.48550/ARXIV.2403.00553},
  eprinttype    = {arXiv},
  eprint       = {2403.00553},
  timestamp    = {Tue, 02 Apr 2024 16:35:34 +0200},
  biburl       = {https://dblp.org/rec/journals/corr/abs-2403-00553.bib},
  bibsource    = {dblp computer science bibliography, https://dblp.org}
}

@article{Ghosal2022,
  author       = {Tirthankar Ghosal and
                  Tanik Saikh and
                  Tameesh Biswas and
                  Asif Ekbal and
                  Pushpak Bhattacharyya},
  title        = {Novelty Detection: {A} Perspective from Natural Language Processing},
  journal      = {Comput. Linguistics},
  volume       = {48},
  number       = {1},
  pages        = {77--117},
  year         = {2022},
  url          = {https://doi.org/10.1162/coli\_a\_00429},
  doi          = {10.1162/COLI\_A\_00429},
  timestamp    = {Tue, 03 May 2022 16:20:49 +0200},
  biburl       = {https://dblp.org/rec/journals/coling/GhosalSBEB22.bib},
  bibsource    = {dblp computer science bibliography, https://dblp.org}
}

@article{McCarthy2010,
  author    = {P. M. McCarthy and S. Jarvis},
  title     = {MTLD, vocd-D, and HD-D: A validation study of sophisticated approaches to lexical diversity assessment},
  journal   = {Behavior Research Methods},
  volume    = {42},
  number    = {2},
  pages     = {381--392},
  year      = {2010},
  month     = {May},
  doi       = {10.3758/BRM.42.2.381}
}

@misc{Mazlumi2023,
  author = {Mazlumi, Ibrahim},
  title = {IELTS Writing Scored Essays Dataset},
  year = {2023},
  url = {https://www.kaggle.com/datasets/mazlumi/ielts-writing-scored-essays-dataset},
  note = {Accessed: February 4, 2025}
}

@article{gptstpries,
  author       = {Xi Yu Huang and
                  Krishnapriya Vishnubhotla and
                  Frank Rudzicz},
  title        = {The GPT-WritingPrompts Dataset: {A} Comparative Analysis of Character
                  Portrayal in Short Stories},
  journal      = {CoRR},
  volume       = {abs/2406.16767},
  year         = {2024},
  url          = {https://doi.org/10.48550/arXiv.2406.16767},
  doi          = {10.48550/ARXIV.2406.16767},
  eprinttype    = {arXiv},
  eprint       = {2406.16767}
}

@article{openai2023gpt4,
  title={GPT-4 Technical Report},
  author={OpenAI},
  journal={arXiv preprint arXiv:2303.08774},
  year={2023},
  url={https://arxiv.org/abs/2303.08774}
}

@article{dipper2024,
  author       = {Gregory Kang Ruey Lau and
                  Wenyang Hu and
                  Diwen Liu and
                  Jizhuo Chen and
                  See{-}Kiong Ng and
                  Bryan Kian Hsiang Low},
  title        = {Dipper: Diversity in Prompts for Producing Large Language Model Ensembles
                  in Reasoning tasks},
  journal      = {CoRR},
  volume       = {abs/2412.15238},
  year         = {2024},
  url          = {https://doi.org/10.48550/arXiv.2412.15238},
  doi          = {10.48550/ARXIV.2412.15238},
  eprinttype    = {arXiv},
  eprint       = {2412.15238}
}

@inproceedings{bert2019,
  author       = {Jacob Devlin and
                  Ming{-}Wei Chang and
                  Kenton Lee and
                  Kristina Toutanova},
  editor       = {Jill Burstein and
                  Christy Doran and
                  Thamar Solorio},
  title        = {{BERT:} Pre-training of Deep Bidirectional Transformers for Language
                  Understanding},
  booktitle    = {Proceedings of the 2019 Conference of the North American Chapter of
                  the Association for Computational Linguistics: Human Language Technologies,
                  {NAACL-HLT} 2019, Minneapolis, MN, USA, June 2-7, 2019, Volume 1 (Long
                  and Short Papers)},
  pages        = {4171--4186},
  publisher    = {Association for Computational Linguistics},
  year         = {2019},
  url          = {https://doi.org/10.18653/v1/n19-1423},
  doi          = {10.18653/V1/N19-1423}
}

@inproceedings{selfblue2018,
  author       = {Yaoming Zhu and
                  Sidi Lu and
                  Lei Zheng and
                  Jiaxian Guo and
                  Weinan Zhang and
                  Jun Wang and
                  Yong Yu},
  editor       = {Kevyn Collins{-}Thompson and
                  Qiaozhu Mei and
                  Brian D. Davison and
                  Yiqun Liu and
                  Emine Yilmaz},
  title        = {Texygen: {A} Benchmarking Platform for Text Generation Models},
  booktitle    = {The 41st International {ACM} {SIGIR} Conference on Research {\&}
                  Development in Information Retrieval, {SIGIR} 2018, Ann Arbor, MI,
                  USA, July 08-12, 2018},
  pages        = {1097--1100},
  publisher    = {{ACM}},
  year         = {2018},
  url          = {https://doi.org/10.1145/3209978.3210080},
  doi          = {10.1145/3209978.3210080}
}

@article{qwen2vl,
  author       = {Peng Wang and
                  Shuai Bai and
                  Sinan Tan and
                  Shijie Wang and
                  Zhihao Fan and
                  Jinze Bai and
                  Keqin Chen and
                  Xuejing Liu and
                  Jialin Wang and
                  Wenbin Ge and
                  Yang Fan and
                  Kai Dang and
                  Mengfei Du and
                  Xuancheng Ren and
                  Rui Men and
                  Dayiheng Liu and
                  Chang Zhou and
                  Jingren Zhou and
                  Junyang Lin},
  title        = {Qwen2-VL: Enhancing Vision-Language Model's Perception of the
                  World at Any Resolution},
  journal      = {CoRR},
  volume       = {abs/2409.12191},
  year         = {2024},
  url          = {https://doi.org/10.48550/arXiv.2409.12191},
  doi          = {10.48550/ARXIV.2409.12191},
  eprinttype    = {arXiv},
  eprint       = {2409.12191}
}

@inproceedings{Ghosal18,
  author       = {Tirthankar Ghosal and
                  Amitra Salam and
                  Swati Tiwary and
                  Asif Ekbal and
                  Pushpak Bhattacharyya},
  editor       = {Nicoletta Calzolari and
                  Khalid Choukri and
                  Christopher Cieri and
                  Thierry Declerck and
                  Sara Goggi and
                  K{\^{o}}iti Hasida and
                  Hitoshi Isahara and
                  Bente Maegaard and
                  Joseph Mariani and
                  H{\'{e}}l{\`{e}}ne Mazo and
                  Asunci{\'{o}}n Moreno and
                  Jan Odijk and
                  Stelios Piperidis and
                  Takenobu Tokunaga},
  title        = {{TAP-DLND} 1.0 : {A} Corpus for Document Level Novelty Detection},
  booktitle    = {Proceedings of the Eleventh International Conference on Language Resources
                  and Evaluation, {LREC} 2018, Miyazaki, Japan, May 7-12, 2018},
  publisher    = {European Language Resources Association {(ELRA)}},
  year         = {2018},
  url          = {http://www.lrec-conf.org/proceedings/lrec2018/summaries/479.html}
}

@misc{deepseekr1-7b,
      title={DeepSeek-R1: Incentivizing Reasoning Capability in LLMs via Reinforcement Learning}, 
      author={DeepSeek-AI and Daya Guo and Dejian Yang and Haowei Zhang and Junxiao Song and Ruoyu Zhang and Runxin Xu and Qihao Zhu and Shirong Ma and Peiyi Wang and Xiao Bi and Xiaokang Zhang and Xingkai Yu and Yu Wu and Z. F. Wu and Zhibin Gou and Zhihong Shao and Zhuoshu Li and Ziyi Gao and Aixin Liu and Bing Xue and Bingxuan Wang and Bochao Wu and Bei Feng and Chengda Lu and Chenggang Zhao and Chengqi Deng and Chenyu Zhang and Chong Ruan and Damai Dai and Deli Chen and Dongjie Ji and Erhang Li and Fangyun Lin and Fucong Dai and Fuli Luo and Guangbo Hao and Guanting Chen and Guowei Li and H. Zhang and Han Bao and Hanwei Xu and Haocheng Wang and Honghui Ding and Huajian Xin and Huazuo Gao and Hui Qu and Hui Li and Jianzhong Guo and Jiashi Li and Jiawei Wang and Jingchang Chen and Jingyang Yuan and Junjie Qiu and Junlong Li and J. L. Cai and Jiaqi Ni and Jian Liang and Jin Chen and Kai Dong and Kai Hu and Kaige Gao and Kang Guan and Kexin Huang and Kuai Yu and Lean Wang and Lecong Zhang and Liang Zhao and Litong Wang and Liyue Zhang and Lei Xu and Leyi Xia and Mingchuan Zhang and Minghua Zhang and Minghui Tang and Meng Li and Miaojun Wang and Mingming Li and Ning Tian and Panpan Huang and Peng Zhang and Qiancheng Wang and Qinyu Chen and Qiushi Du and Ruiqi Ge and Ruisong Zhang and Ruizhe Pan and Runji Wang and R. J. Chen and R. L. Jin and Ruyi Chen and Shanghao Lu and Shangyan Zhou and Shanhuang Chen and Shengfeng Ye and Shiyu Wang and Shuiping Yu and Shunfeng Zhou and Shuting Pan and S. S. Li and Shuang Zhou and Shaoqing Wu and Shengfeng Ye and Tao Yun and Tian Pei and Tianyu Sun and T. Wang and Wangding Zeng and Wanjia Zhao and Wen Liu and Wenfeng Liang and Wenjun Gao and Wenqin Yu and Wentao Zhang and W. L. Xiao and Wei An and Xiaodong Liu and Xiaohan Wang and Xiaokang Chen and Xiaotao Nie and Xin Cheng and Xin Liu and Xin Xie and Xingchao Liu and Xinyu Yang and Xinyuan Li and Xuecheng Su and Xuheng Lin and X. Q. Li and Xiangyue Jin and Xiaojin Shen and Xiaosha Chen and Xiaowen Sun and Xiaoxiang Wang and Xinnan Song and Xinyi Zhou and Xianzu Wang and Xinxia Shan and Y. K. Li and Y. Q. Wang and Y. X. Wei and Yang Zhang and Yanhong Xu and Yao Li and Yao Zhao and Yaofeng Sun and Yaohui Wang and Yi Yu and Yichao Zhang and Yifan Shi and Yiliang Xiong and Ying He and Yishi Piao and Yisong Wang and Yixuan Tan and Yiyang Ma and Yiyuan Liu and Yongqiang Guo and Yuan Ou and Yuduan Wang and Yue Gong and Yuheng Zou and Yujia He and Yunfan Xiong and Yuxiang Luo and Yuxiang You and Yuxuan Liu and Yuyang Zhou and Y. X. Zhu and Yanhong Xu and Yanping Huang and Yaohui Li and Yi Zheng and Yuchen Zhu and Yunxian Ma and Ying Tang and Yukun Zha and Yuting Yan and Z. Z. Ren and Zehui Ren and Zhangli Sha and Zhe Fu and Zhean Xu and Zhenda Xie and Zhengyan Zhang and Zhewen Hao and Zhicheng Ma and Zhigang Yan and Zhiyu Wu and Zihui Gu and Zijia Zhu and Zijun Liu and Zilin Li and Ziwei Xie and Ziyang Song and Zizheng Pan and Zhen Huang and Zhipeng Xu and Zhongyu Zhang and Zhen Zhang},
      year={2025},
      eprint={2501.12948},
      archivePrefix={arXiv},
      primaryClass={cs.CL},
      url={https://arxiv.org/abs/2501.12948}, 
}

@misc{qwen2.5-1.5b,
    title = {Qwen2.5: A Party of Foundation Models},
    url = {https://qwenlm.github.io/blog/qwen2.5/},
    author = {Qwen Team},
    month = {September},
    year = {2024}
}

@misc{gpt2,
  title={Language Models are Unsupervised Multitask Learners},
  author={Radford, Alec and Wu, Jeffrey and Child, Rewon and Luan, David and Amodei, Dario and Sutskever, Ilya},
  year={2019},
  howpublished={OpenAI},
  url={https://cdn.openai.com/better-language-models/language_models_are_unsupervised_multitask_learners.pdf}
}

@misc{openai2024gpt4omini,
  title={GPT-4o Mini: Advancing Cost-Efficient Intelligence},
  author={OpenAI},
  year={2024},
  month={July},
  url={https://openai.com/index/gpt-4o-mini-advancing-cost-efficient-intelligence/}
}

@article{deepseekv3,
  author       = {DeepSeek{-}AI and
                  Aixin Liu and
                  Bei Feng and
                  Bing Xue and
                  Bingxuan Wang and
                  Bochao Wu and
                  Chengda Lu and
                  Chenggang Zhao and
                  Chengqi Deng and
                  Chenyu Zhang and
                  Chong Ruan and
                  Damai Dai and
                  Daya Guo and
                  Dejian Yang and
                  Deli Chen and
                  Dongjie Ji and
                  Erhang Li and
                  Fangyun Lin and
                  Fucong Dai and
                  Fuli Luo and
                  Guangbo Hao and
                  Guanting Chen and
                  Guowei Li and
                  H. Zhang and
                  Han Bao and
                  Hanwei Xu and
                  Haocheng Wang and
                  Haowei Zhang and
                  Honghui Ding and
                  Huajian Xin and
                  Huazuo Gao and
                  Hui Li and
                  Hui Qu and
                  J. L. Cai and
                  Jian Liang and
                  Jianzhong Guo and
                  Jiaqi Ni and
                  Jiashi Li and
                  Jiawei Wang and
                  Jin Chen and
                  Jingchang Chen and
                  Jingyang Yuan and
                  Junjie Qiu and
                  Junlong Li and
                  Junxiao Song and
                  Kai Dong and
                  Kai Hu and
                  Kaige Gao and
                  Kang Guan and
                  Kexin Huang and
                  Kuai Yu and
                  Lean Wang and
                  Lecong Zhang and
                  Lei Xu and
                  Leyi Xia and
                  Liang Zhao and
                  Litong Wang and
                  Liyue Zhang and
                  Meng Li and
                  Miaojun Wang and
                  Mingchuan Zhang and
                  Minghua Zhang and
                  Minghui Tang and
                  Mingming Li and
                  Ning Tian and
                  Panpan Huang and
                  Peiyi Wang and
                  Peng Zhang and
                  Qiancheng Wang and
                  Qihao Zhu and
                  Qinyu Chen and
                  Qiushi Du and
                  R. J. Chen and
                  R. L. Jin and
                  Ruiqi Ge and
                  Ruisong Zhang and
                  Ruizhe Pan and
                  Runji Wang and
                  Runxin Xu and
                  Ruoyu Zhang and
                  Ruyi Chen and
                  S. S. Li and
                  Shanghao Lu and
                  Shangyan Zhou and
                  Shanhuang Chen and
                  Shaoqing Wu and
                  Shengfeng Ye and
                  Shengfeng Ye and
                  Shirong Ma and
                  Shiyu Wang and
                  Shuang Zhou and
                  Shuiping Yu and
                  Shunfeng Zhou and
                  Shuting Pan and
                  T. Wang and
                  Tao Yun and
                  Tian Pei and
                  Tianyu Sun and
                  W. L. Xiao and
                  Wangding Zeng},
  title        = {DeepSeek-V3 Technical Report},
  journal      = {CoRR},
  volume       = {abs/2412.19437},
  year         = {2024},
  url          = {https://doi.org/10.48550/arXiv.2412.19437},
  doi          = {10.48550/ARXIV.2412.19437},
  eprinttype    = {arXiv},
  eprint       = {2412.19437}
}

@misc{llama32,
  title = {LLaMA 3.2 - 3B Instruct Model},
  author = {MetaAI},
  year = {2025},
  url = {https://github.com/facebookresearch/llama}
}