@article{Begus2023,
  author       = {Nina Begus},
  title        = {Experimental Narratives: {A} Comparison of Human Crowdsourced Storytelling
                  and {AI} Storytelling},
  journal      = {CoRR},
  volume       = {abs/2310.12902},
  year         = {2023},
  url          = {https://doi.org/10.48550/arXiv.2310.12902},
  doi          = {10.48550/ARXIV.2310.12902},
  eprinttype    = {arXiv},
  eprint       = {2310.12902},
  timestamp    = {Fri, 27 Oct 2023 12:21:19 +0200},
  biburl       = {https://dblp.org/rec/journals/corr/abs-2310-12902.bib},
  bibsource    = {dblp computer science bibliography, https://dblp.org}
}

@inproceedings{Chakrabarty2024,
  author       = {Tuhin Chakrabarty and
                  Philippe Laban and
                  Divyansh Agarwal and
                  Smaranda Muresan and
                  Chien{-}Sheng Wu},
  editor       = {Florian 'Floyd' Mueller and
                  Penny Kyburz and
                  Julie R. Williamson and
                  Corina Sas and
                  Max L. Wilson and
                  Phoebe O. Toups Dugas and
                  Irina Shklovski},
  title        = {Art or Artifice? Large Language Models and the False Promise of Creativity},
  booktitle    = {Proceedings of the {CHI} Conference on Human Factors in Computing
                  Systems, {CHI} 2024, Honolulu, HI, USA, May 11-16, 2024},
  pages        = {30:1--30:34},
  publisher    = {{ACM}},
  year         = {2024},
  url          = {https://doi.org/10.1145/3613904.3642731},
  doi          = {10.1145/3613904.3642731},
  timestamp    = {Fri, 17 May 2024 21:42:30 +0200},
  biburl       = {https://dblp.org/rec/conf/chi/ChakrabartyLAMW24.bib},
  bibsource    = {dblp computer science bibliography, https://dblp.org}
}

@article{Ghosal2022,
  author       = {Tirthankar Ghosal and
                  Tanik Saikh and
                  Tameesh Biswas and
                  Asif Ekbal and
                  Pushpak Bhattacharyya},
  title        = {Novelty Detection: {A} Perspective from Natural Language Processing},
  journal      = {Comput. Linguistics},
  volume       = {48},
  number       = {1},
  pages        = {77--117},
  year         = {2022},
  url          = {https://doi.org/10.1162/coli\_a\_00429},
  doi          = {10.1162/COLI\_A\_00429},
  timestamp    = {Tue, 03 May 2022 16:20:49 +0200},
  biburl       = {https://dblp.org/rec/journals/coling/GhosalSBEB22.bib},
  bibsource    = {dblp computer science bibliography, https://dblp.org}
}

@article{Kobak2024,
  author       = {Dmitry Kobak and
                  Rita Gonz{\'{a}}lez{-}M{\'{a}}rquez and
                  Emoke{-}{\'{A}}gnes Horv{\'{a}}t and
                  Jan Lause},
  title        = {Delving into ChatGPT usage in academic writing through excess vocabulary},
  journal      = {CoRR},
  volume       = {abs/2406.07016},
  year         = {2024},
  url          = {https://doi.org/10.48550/arXiv.2406.07016},
  doi          = {10.48550/ARXIV.2406.07016},
  eprinttype    = {arXiv},
  eprint       = {2406.07016},
  timestamp    = {Mon, 08 Jul 2024 17:47:28 +0200},
  biburl       = {https://dblp.org/rec/journals/corr/abs-2406-07016.bib},
  bibsource    = {dblp computer science bibliography, https://dblp.org}
}

@article{McCoy2023,
  author       = {R. Thomas McCoy and
                  Paul Smolensky and
                  Tal Linzen and
                  Jianfeng Gao and
                  Asli Celikyilmaz},
  title        = {How Much Do Language Models Copy From Their Training Data? Evaluating
                  Linguistic Novelty in Text Generation Using {RAVEN}},
  journal      = {Trans. Assoc. Comput. Linguistics},
  volume       = {11},
  pages        = {652--670},
  year         = {2023},
  url          = {https://doi.org/10.1162/tacl\_a\_00567},
  doi          = {10.1162/TACL\_A\_00567},
  timestamp    = {Wed, 19 Jun 2024 17:28:03 +0200},
  biburl       = {https://dblp.org/rec/journals/tacl/McCoySL0C23.bib},
  bibsource    = {dblp computer science bibliography, https://dblp.org}
}

@article{Shaib2024,
  author       = {Chantal Shaib and
                  Joe Barrow and
                  Jiuding Sun and
                  Alexa F. Siu and
                  Byron C. Wallace and
                  Ani Nenkova},
  title        = {Standardizing the Measurement of Text Diversity: {A} Tool and a Comparative
                  Analysis of Scores},
  journal      = {CoRR},
  volume       = {abs/2403.00553},
  year         = {2024},
  url          = {https://doi.org/10.48550/arXiv.2403.00553},
  doi          = {10.48550/ARXIV.2403.00553},
  eprinttype    = {arXiv},
  eprint       = {2403.00553},
  timestamp    = {Tue, 02 Apr 2024 16:35:34 +0200},
  biburl       = {https://dblp.org/rec/journals/corr/abs-2403-00553.bib},
  bibsource    = {dblp computer science bibliography, https://dblp.org}
}

@article{lee2024,
  author    = {Lee, B.C. and Chung, J.},
  title     = {An empirical investigation of the impact of ChatGPT on creativity},
  journal   = {Nature Human Behaviour},
  volume    = {8},
  pages     = {1906--1914},
  year      = {2024},
  doi       = {10.1038/s41562-024-01953-1},
  url       = {https://doi.org/10.1038/s41562-024-01953-1},
  received  = {2023-09-11},
  accepted  = {2024-07-10},
  published = {2024-08-12},
  issue_date = {October 2024}
}

@article{si2024can,
  title={Can LLMs Generate Novel Research Ideas? A Large-Scale Human Study with 100+ NLP Researchers},
  author={Si, Chenglei and Yang, Diyi and Hashimoto, Tatsunori},
  journal={arXiv preprint arXiv:2409.04109},
  year={2024},
  url={https://arxiv.org/abs/2409.04109}
}

@article{xu2024echoes,
  title={Echoes in AI: Quantifying Lack of Plot Diversity in LLM Outputs},
  author={Xu, Weijia and Jojic, Nebojsa and Rao, Sudha and Brockett, Chris and Dolan, Bill},
  journal={arXiv preprint arXiv:2501.00273},
  year={2024},
  url={https://arxiv.org/abs/2501.00273},
  note={Submitted on 31 Dec 2024}
}

