@article{beaini2023towards,
  title={Towards foundational models for molecular learning on large-scale multi-task datasets},
  author={Beaini, Dominique and Huang, Shenyang and Cunha, Joao Alex and Li, Zhiyi and Moisescu-Pareja, Gabriela and Dymov, Oleksandr and Maddrell-Mander, Samuel and McLean, Callum and Wenkel, Frederik and M{\"u}ller, Luis and others},
  journal={arXiv preprint arXiv:2310.04292},
  year={2023}
}

@inproceedings{ding2019deep,
  title={Deep anomaly detection on attributed networks},
  author={Ding, Kaize and Li, Jundong and Bhanushali, Rohit and Liu, Huan},
  booktitle={Proceedings of the 2019 SIAM international conference on data mining},
  pages={594--602},
  year={2019},
  organization={SIAM}
}

@inproceedings{ding2021inductive,
  title={Inductive anomaly detection on attributed networks},
  author={Ding, Kaize and Li, Jundong and Agarwal, Nitin and Liu, Huan},
  booktitle={Proceedings of the twenty-ninth international conference on international joint conferences on artificial intelligence},
  pages={1288--1294},
  year={2021}
}

@article{fang2024universal,
  title={Universal prompt tuning for graph neural networks},
  author={Fang, Taoran and Zhang, Yunchao and Yang, Yang and Wang, Chunping and Chen, Lei},
  journal={Advances in Neural Information Processing Systems},
  volume={36},
  year={2024}
}

@article{galkin2023towards,
  title={Towards foundation models for knowledge graph reasoning},
  author={Galkin, Mikhail and Yuan, Xinyu and Mostafa, Hesham and Tang, Jian and Zhu, Zhaocheng},
  journal={arXiv preprint arXiv:2310.04562},
  year={2023}
}

@inproceedings{gao2023addressing,
  title={Addressing heterophily in graph anomaly detection: A perspective of graph spectrum},
  author={Gao, Yuan and Wang, Xiang and He, Xiangnan and Liu, Zhenguang and Feng, Huamin and Zhang, Yongdong},
  booktitle={Proceedings of the ACM Web Conference 2023},
  pages={1528--1538},
  year={2023}
}

@article{liu2021anomaly,
  title={Anomaly detection on attributed networks via contrastive self-supervised learning},
  author={Liu, Yixin and Li, Zhao and Pan, Shirui and Gong, Chen and Zhou, Chuan and Karypis, George},
  journal={IEEE transactions on neural networks and learning systems},
  volume={33},
  number={6},
  pages={2378--2392},
  year={2021},
  publisher={IEEE}
}

@inproceedings{liu2021pick,
  title={Pick and choose: a GNN-based imbalanced learning approach for fraud detection},
  author={Liu, Yang and Ao, Xiang and Qin, Zidi and Chi, Jianfeng and Feng, Jinghua and Yang, Hao and He, Qing},
  booktitle={Proceedings of the web conference 2021},
  pages={3168--3177},
  year={2021}
}

@inproceedings{liu2023graphprompt,
  title={Graphprompt: Unifying pre-training and downstream tasks for graph neural networks},
  author={Liu, Zemin and Yu, Xingtong and Fang, Yuan and Zhang, Xinming},
  booktitle={Proceedings of the ACM Web Conference 2023},
  pages={417--428},
  year={2023}
}

@article{liu2024arc,
  title={ARC: A Generalist Graph Anomaly Detector with In-Context Learning},
  author={Liu, Yixin and Li, Shiyuan and Zheng, Yu and Chen, Qingfeng and Zhang, Chengqi and Pan, Shirui},
  journal={arXiv preprint arXiv:2405.16771},
  year={2024}
}

@article{ma2021comprehensive,
  title={A comprehensive survey on graph anomaly detection with deep learning},
  author={Ma, Xiaoxiao and Wu, Jia and Xue, Shan and Yang, Jian and Zhou, Chuan and Sheng, Quan Z and Xiong, Hui and Akoglu, Leman},
  journal={IEEE Transactions on Knowledge and Data Engineering},
  volume={35},
  number={12},
  pages={12012--12038},
  year={2021},
  publisher={IEEE}
}

@inproceedings{maoposition,
  title={Position: Graph Foundation Models Are Already Here},
  author={Mao, Haitao and Chen, Zhikai and Tang, Wenzhuo and Zhao, Jianan and Ma, Yao and Zhao, Tong and Shah, Neil and Galkin, Mikhail and Tang, Jiliang},
  booktitle={Forty-first International Conference on Machine Learning}
}

@article{niu2024zero,
  title={Zero-shot Generalist Graph Anomaly Detection with Unified Neighborhood Prompts},
  author={Niu, Chaoxi and Qiao, Hezhe and Chen, Changlu and Chen, Ling and Pang, Guansong},
  journal={arXiv preprint arXiv:2410.14886},
  year={2024}
}

@inproceedings{pan2023prem,
  title={PREM: A Simple Yet Effective Approach for Node-Level Graph Anomaly Detection},
  author={Pan, Junjun and Liu, Yixin and Zheng, Yizhen and Pan, Shirui},
  booktitle={2023 IEEE International Conference on Data Mining (ICDM)},
  pages={1253--1258},
  year={2023},
  organization={IEEE}
}

@article{qiao2024deep,
  title={Deep Graph Anomaly Detection: A Survey and New Perspectives},
  author={Qiao, Hezhe and Tong, Hanghang and An, Bo and King, Irwin and Aggarwal, Charu and Pang, Guansong},
  journal={arXiv preprint arXiv:2409.09957},
  year={2024}
}

@article{qiao2024generative,
  title={Generative Semi-supervised Graph Anomaly Detection},
  author={Qiao, Hezhe and Wen, Qingsong and Li, Xiaoli and Lim, Ee-Peng and Pang, Guansong},
  journal={arXiv preprint arXiv:2402.11887},
  year={2024}
}

@article{qiao2024truncated,
  title={Truncated affinity maximization: One-class homophily modeling for graph anomaly detection},
  author={Qiao, Hezhe and Pang, Guansong},
  journal={Advances in Neural Information Processing Systems},
  volume={36},
  year={2023}
}

@inproceedings{sun2023all,
  title={All in one: Multi-task prompting for graph neural networks},
  author={Sun, Xiangguo and Cheng, Hong and Li, Jia and Liu, Bo and Guan, Jihong},
  booktitle={Proceedings of the 29th ACM SIGKDD Conference on Knowledge Discovery and Data Mining},
  pages={2120--2131},
  year={2023}
}

@inproceedings{tang2022rethinking,
  title={Rethinking graph neural networks for anomaly detection},
  author={Tang, Jianheng and Li, Jiajin and Gao, Ziqi and Li, Jia},
  booktitle={International Conference on Machine Learning},
  pages={21076--21089},
  year={2022},
  organization={PMLR}
}

@article{tang2023gadbench,
  title={Gadbench: Revisiting and benchmarking supervised graph anomaly detection},
  author={Tang, Jianheng and Hua, Fengrui and Gao, Ziqi and Zhao, Peilin and Li, Jia},
  journal={Advances in Neural Information Processing Systems},
  volume={36},
  pages={29628--29653},
  year={2023}
}

@article{wang2021one,
  title={One-class graph neural networks for anomaly detection in attributed networks},
  author={Wang, Xuhong and Jin, Baihong and Du, Ying and Cui, Ping and Tan, Yingshui and Yang, Yupu},
  journal={Neural computing and applications},
  volume={33},
  pages={12073--12085},
  year={2021},
  publisher={Springer}
}

@article{wang2023open,
  title={Open-Set Graph Anomaly Detection via Normal Structure Regularisation},
  author={Wang, Qizhou and Pang, Guansong and Salehi, Mahsa and Buntine, Wray and Leckie, Christopher},
  journal={arXiv preprint arXiv:2311.06835},
  year={2023}
}

@inproceedings{wen2023voucher,
  title={Voucher Abuse Detection with Prompt-based Fine-tuning on Graph Neural Networks},
  author={Wen, Zhihao and Fang, Yuan and Liu, Yihan and Guo, Yang and Hao, Shuji},
  booktitle={Proceedings of the 32nd ACM International Conference on Information and Knowledge Management},
  pages={4864--4870},
  year={2023}
}

@inproceedings{zhou2021subtractive,
  title={Subtractive aggregation for attributed network anomaly detection},
  author={Zhou, Shuang and Tan, Qiaoyu and Xu, Zhiming and Huang, Xiao and Chung, Fu-lai},
  booktitle={Proceedings of the 30th ACM International Conference on Information \& Knowledge Management},
  pages={3672--3676},
  year={2021}
}

@article{zhou2023anomalyclip,
  title={Anomalyclip: Object-agnostic prompt learning for zero-shot anomaly detection},
  author={Zhou, Qihang and Pang, Guansong and Tian, Yu and He, Shibo and Chen, Jiming},
  journal={arXiv preprint arXiv:2310.18961},
  year={2023}
}

@inproceedings{zhu2024toward,
  title={Toward generalist anomaly detection via in-context residual learning with few-shot sample prompts},
  author={Zhu, Jiawen and Pang, Guansong},
  booktitle={Proceedings of the IEEE/CVF Conference on Computer Vision and Pattern Recognition},
  pages={17826--17836},
  year={2024}
}

