@article{wang2023open,
  title={Open-Set Graph Anomaly Detection via Normal Structure Regularisation},
  author={Wang, Qizhou and Pang, Guansong and Salehi, Mahsa and Buntine, Wray and Leckie, Christopher},
  journal={arXiv preprint arXiv:2311.06835},
  year={2023}
}

@article{qiao2024truncated,
  title={Truncated affinity maximization: One-class homophily modeling for graph anomaly detection},
  author={Qiao, Hezhe and Pang, Guansong},
  journal={Advances in Neural Information Processing Systems},
  volume={36},
  year={2023}
}

@article{lin2024unigad,
  title={UniGAD: Unifying Multi-level Graph Anomaly Detection},
  author={Lin, Yiqing and Tang, Jianheng and Zi, Chenyi and Zhao, H Vicky and Yao, Yuan and Li, Jia},
  journal={arXiv preprint arXiv:2411.06427},
  year={2024}
}
@inproceedings{zhao2024all,
  title={All in one and one for all: A simple yet effective method towards cross-domain graph pretraining},
  author={Zhao, Haihong and Chen, Aochuan and Sun, Xiangguo and Cheng, Hong and Li, Jia},
  booktitle={Proceedings of the 30th ACM SIGKDD Conference on Knowledge Discovery and Data Mining},
  pages={4443--4454},
  year={2024}
}
@article{zi2024prog,
  title={ProG: A Graph Prompt Learning Benchmark},
  author={Zi, Chenyi and Zhao, Haihong and Sun, Xiangguo and Lin, Yiqing and Cheng, Hong and Li, Jia},
  journal={arXiv preprint arXiv:2406.05346},
  year={2024}
}
@article{beaini2023towards,
  title={Towards foundational models for molecular learning on large-scale multi-task datasets},
  author={Beaini, Dominique and Huang, Shenyang and Cunha, Joao Alex and Li, Zhiyi and Moisescu-Pareja, Gabriela and Dymov, Oleksandr and Maddrell-Mander, Samuel and McLean, Callum and Wenkel, Frederik and M{\"u}ller, Luis and others},
  journal={arXiv preprint arXiv:2310.04292},
  year={2023}
}
@article{galkin2023towards,
  title={Towards foundation models for knowledge graph reasoning},
  author={Galkin, Mikhail and Yuan, Xinyu and Mostafa, Hesham and Tang, Jian and Zhu, Zhaocheng},
  journal={arXiv preprint arXiv:2310.04562},
  year={2023}
}
@inproceedings{maoposition,
  title={Position: Graph Foundation Models Are Already Here},
  author={Mao, Haitao and Chen, Zhikai and Tang, Wenzhuo and Zhao, Jianan and Ma, Yao and Zhao, Tong and Shah, Neil and Galkin, Mikhail and Tang, Jiliang},
  booktitle={Forty-first International Conference on Machine Learning}
}
@article{fang2024universal,
  title={Universal prompt tuning for graph neural networks},
  author={Fang, Taoran and Zhang, Yunchao and Yang, Yang and Wang, Chunping and Chen, Lei},
  journal={Advances in Neural Information Processing Systems},
  volume={36},
  year={2024}
}
@article{akoglu2015graph,
  title={Graph based anomaly detection and description: a survey},
  author={Akoglu, Leman and Tong, Hanghang and Koutra, Danai},
  journal={Data mining and knowledge discovery},
  volume={29},
  pages={626--688},
  year={2015},
  publisher={Springer}
}
@inproceedings{wen2023voucher,
  title={Voucher Abuse Detection with Prompt-based Fine-tuning on Graph Neural Networks},
  author={Wen, Zhihao and Fang, Yuan and Liu, Yihan and Guo, Yang and Hao, Shuji},
  booktitle={Proceedings of the 32nd ACM International Conference on Information and Knowledge Management},
  pages={4864--4870},
  year={2023}
}
@inproceedings{zhou2021subtractive,
  title={Subtractive aggregation for attributed network anomaly detection},
  author={Zhou, Shuang and Tan, Qiaoyu and Xu, Zhiming and Huang, Xiao and Chung, Fu-lai},
  booktitle={Proceedings of the 30th ACM International Conference on Information \& Knowledge Management},
  pages={3672--3676},
  year={2021}
}
@inproceedings{pan2023prem,
  title={PREM: A Simple Yet Effective Approach for Node-Level Graph Anomaly Detection},
  author={Pan, Junjun and Liu, Yixin and Zheng, Yizhen and Pan, Shirui},
  booktitle={2023 IEEE International Conference on Data Mining (ICDM)},
  pages={1253--1258},
  year={2023},
  organization={IEEE}
}
@article{liu2023towards,
  title={Towards graph foundation models: A survey and beyond},
  author={Liu, Jiawei and Yang, Cheng and Lu, Zhiyuan and Chen, Junze and Li, Yibo and Zhang, Mengmei and Bai, Ting and Fang, Yuan and Sun, Lichao and Yu, Philip S and others},
  journal={arXiv preprint arXiv:2310.11829},
  year={2023}
}

@article{liu2021anomaly,
  title={Anomaly detection on attributed networks via contrastive self-supervised learning},
  author={Liu, Yixin and Li, Zhao and Pan, Shirui and Gong, Chen and Zhou, Chuan and Karypis, George},
  journal={IEEE transactions on neural networks and learning systems},
  volume={33},
  number={6},
  pages={2378--2392},
  year={2021},
  publisher={IEEE}
}

@article{kingma2014adam,
  title={Adam: A method for stochastic optimization},
  author={Kingma, Diederik P},
  journal={arXiv preprint arXiv:1412.6980},
  year={2014}
}


@inproceedings{rayana2015collective,
  title={Collective opinion spam detection: Bridging review networks and metadata},
  author={Rayana, Shebuti and Akoglu, Leman},
  booktitle={Proceedings of the 21th acm sigkdd international conference on knowledge discovery and data mining},
  pages={985--994},
  year={2015}
}
@inproceedings{zhang2020gcn,
  title={Gcn-based user representation learning for unifying robust recommendation and fraudster detection},
  author={Zhang, Shijie and Yin, Hongzhi and Chen, Tong and Hung, Quoc Viet Nguyen and Huang, Zi and Cui, Lizhen},
  booktitle={Proceedings of the 43rd international ACM SIGIR conference on research and development in information retrieval},
  pages={689--698},
  year={2020}
}
@article{qiao2024generative,
  title={Generative Semi-supervised Graph Anomaly Detection},
  author={Qiao, Hezhe and Wen, Qingsong and Li, Xiaoli and Lim, Ee-Peng and Pang, Guansong},
  journal={arXiv preprint arXiv:2402.11887},
  year={2024}
}
@inproceedings{li2024zerog,
  title={Zerog: Investigating cross-dataset zero-shot transferability in graphs},
  author={Li, Yuhan and Wang, Peisong and Li, Zhixun and Yu, Jeffrey Xu and Li, Jia},
  booktitle={Proceedings of the 30th ACM SIGKDD Conference on Knowledge Discovery and Data Mining},
  pages={1725--1735},
  year={2024}
}
@inproceedings{zhao2020error,
  title={Error-bounded graph anomaly loss for gnns},
  author={Zhao, Tong and Deng, Chuchen and Yu, Kaifeng and Jiang, Tianwen and Wang, Daheng and Jiang, Meng},
  booktitle={Proceedings of the 29th ACM International Conference on Information \& Knowledge Management},
  pages={1873--1882},
  year={2020}
}

@inproceedings{mcauley2013amateurs,
  title={From amateurs to connoisseurs: modeling the evolution of user expertise through online reviews},
  author={McAuley, Julian John and Leskovec, Jure},
  booktitle={Proceedings of the 22nd international conference on World Wide Web},
  pages={897--908},
  year={2013}
}

@inproceedings{kumar2019predicting,
  title={Predicting dynamic embedding trajectory in temporal interaction networks},
  author={Kumar, Srijan and Zhang, Xikun and Leskovec, Jure},
  booktitle={Proceedings of the 25th ACM SIGKDD international conference on knowledge discovery \& data mining},
  pages={1269--1278},
  year={2019}
}
@article{chen2022gccad,
  title={Gccad: Graph contrastive coding for anomaly detection},
  author={Chen, Bo and Zhang, Jing and Zhang, Xiaokang and Dong, Yuxiao and Song, Jian and Zhang, Peng and Xu, Kaibo and Kharlamov, Evgeny and Tang, Jie},
  journal={IEEE Transactions on Knowledge and Data Engineering},
  volume={35},
  number={8},
  pages={8037--8051},
  year={2022},
  publisher={IEEE}
}
@inproceedings{xu2022contrastive,
  title={Contrastive attributed network anomaly detection with data augmentation},
  author={Xu, Zhiming and Huang, Xiao and Zhao, Yue and Dong, Yushun and Li, Jundong},
  booktitle={Pacific-Asia conference on knowledge discovery and data mining},
  pages={444--457},
  year={2022},
  organization={Springer}
}
@inproceedings{dou2020enhancing,
  title={Enhancing graph neural network-based fraud detectors against camouflaged fraudsters},
  author={Dou, Yingtong and Liu, Zhiwei and Sun, Li and Deng, Yutong and Peng, Hao and Yu, Philip S},
  booktitle={Proceedings of the 29th ACM international conference on information \& knowledge management},
  pages={315--324},
  year={2020}
}

@article{kipf2016semi,
  title={Semi-supervised classification with graph convolutional networks},
  author={Kipf, Thomas N and Welling, Max},
  journal={arXiv preprint arXiv:1609.02907},
  year={2016}
}

@inproceedings{ding2019deep,
  title={Deep anomaly detection on attributed networks},
  author={Ding, Kaize and Li, Jundong and Bhanushali, Rohit and Liu, Huan},
  booktitle={Proceedings of the 2019 SIAM international conference on data mining},
  pages={594--602},
  year={2019},
  organization={SIAM}
}

@inproceedings{huang2022hop,
  title={Hop-count based self-supervised anomaly detection on attributed networks},
  author={Huang, Tianjin and Pei, Yulong and Menkovski, Vlado and Pechenizkiy, Mykola},
  booktitle={Joint European conference on machine learning and knowledge discovery in databases},
  pages={225--241},
  year={2022},
  organization={Springer}
}

@inproceedings{gao2023addressing,
  title={Addressing heterophily in graph anomaly detection: A perspective of graph spectrum},
  author={Gao, Yuan and Wang, Xiang and He, Xiangnan and Liu, Zhenguang and Feng, Huamin and Zhang, Yongdong},
  booktitle={Proceedings of the ACM Web Conference 2023},
  pages={1528--1538},
  year={2023}
}

@inproceedings{tang2022rethinking,
  title={Rethinking graph neural networks for anomaly detection},
  author={Tang, Jianheng and Li, Jiajin and Gao, Ziqi and Li, Jia},
  booktitle={International Conference on Machine Learning},
  pages={21076--21089},
  year={2022},
  organization={PMLR}
}

@article{velivckovic2017graph,
  title={Graph attention networks},
  author={Veli{\v{c}}kovi{\'c}, Petar and Cucurull, Guillem and Casanova, Arantxa and Romero, Adriana and Lio, Pietro and Bengio, Yoshua},
  journal={arXiv preprint arXiv:1710.10903},
  year={2017}
}

@inproceedings{ivanov2021boost,
title={Boost then Convolve: Gradient Boosting Meets Graph Neural Networks},
author={Sergei Ivanov and Liudmila Prokhorenkova},
booktitle={International Conference on Learning Representations},
year={2021}
}

@article{stewart1993early,
  title={On the early history of the singular value decomposition},
  author={Stewart, Gilbert W},
  journal={SIAM review},
  volume={35},
  number={4},
  pages={551--566},
  year={1993},
  publisher={SIAM}
}

@article{abdi2010principal,
  title={Principal component analysis},
  author={Abdi, Herv{\'e} and Williams, Lynne J},
  journal={Wiley interdisciplinary reviews: computational statistics},
  volume={2},
  number={4},
  pages={433--459},
  year={2010},
  publisher={Wiley Online Library}
}


@article{you2020graph,
  title={Graph contrastive learning with augmentations},
  author={You, Yuning and Chen, Tianlong and Sui, Yongduo and Chen, Ting and Wang, Zhangyang and Shen, Yang},
  journal={Advances in neural information processing systems},
  volume={33},
  pages={5812--5823},
  year={2020}
}

@article{zhu2020deep,
  title={Deep graph contrastive representation learning},
  author={Zhu, Yanqiao and Xu, Yichen and Yu, Feng and Liu, Qiang and Wu, Shu and Wang, Liang},
  journal={arXiv preprint arXiv:2006.04131},
  year={2020}
}

@inproceedings{wu2019simplifying,
  title={Simplifying graph convolutional networks},
  author={Wu, Felix and Souza, Amauri and Zhang, Tianyi and Fifty, Christopher and Yu, Tao and Weinberger, Kilian},
  booktitle={International conference on machine learning},
  pages={6861--6871},
  year={2019},
  organization={PMLR}
}

@article{liu2023pre,
  title={Pre-train, prompt, and predict: A systematic survey of prompting methods in natural language processing},
  author={Liu, Pengfei and Yuan, Weizhe and Fu, Jinlan and Jiang, Zhengbao and Hayashi, Hiroaki and Neubig, Graham},
  journal={ACM Computing Surveys},
  volume={55},
  number={9},
  pages={1--35},
  year={2023},
  publisher={ACM New York, NY}
}

@article{sun2023graph,
  title={Graph prompt learning: A comprehensive survey and beyond},
  author={Sun, Xiangguo and Zhang, Jiawen and Wu, Xixi and Cheng, Hong and Xiong, Yun and Li, Jia},
  journal={arXiv preprint arXiv:2311.16534},
  year={2023}
}

@article{zhou2023anomalyclip,
  title={Anomalyclip: Object-agnostic prompt learning for zero-shot anomaly detection},
  author={Zhou, Qihang and Pang, Guansong and Tian, Yu and He, Shibo and Chen, Jiming},
  journal={arXiv preprint arXiv:2310.18961},
  year={2023}
}


@inproceedings{li2024zero,
title={Zero-Shot Anomaly Detection via Batch Normalization},
author={Aodong Li and Chen Qiu and Marius Kloft and Padhraic Smyth and Maja Rudolph and Stephan Mandt},
booktitle={Thirty-seventh Conference on Neural Information Processing Systems},
year={2023}
}
@article{liu2022bond,
  title={Bond: Benchmarking unsupervised outlier node detection on static attributed graphs},
  author={Liu, Kay and Dou, Yingtong and Zhao, Yue and Ding, Xueying and Hu, Xiyang and Zhang, Ruitong and Ding, Kaize and Chen, Canyu and Peng, Hao and Shu, Kai and others},
  journal={Advances in Neural Information Processing Systems},
  volume={35},
  pages={27021--27035},
  year={2022}
}
@inproceedings{chai2022can,
  title={Can abnormality be detected by graph neural networks?},
  author={Chai, Ziwei and You, Siqi and Yang, Yang and Pu, Shiliang and Xu, Jiarong and Cai, Haoyang and Jiang, Weihao},
  booktitle={IJCAI},
  pages={1945--1951},
  year={2022}
}
@inproceedings{liu2021pick,
  title={Pick and choose: a GNN-based imbalanced learning approach for fraud detection},
  author={Liu, Yang and Ao, Xiang and Qin, Zidi and Chi, Jianfeng and Feng, Jinghua and Yang, Hao and He, Qing},
  booktitle={Proceedings of the web conference 2021},
  pages={3168--3177},
  year={2021}
}

@inproceedings{khachatryan2023text2video,
  title={Text2video-zero: Text-to-image diffusion models are zero-shot video generators},
  author={Khachatryan, Levon and Movsisyan, Andranik and Tadevosyan, Vahram and Henschel, Roberto and Wang, Zhangyang and Navasardyan, Shant and Shi, Humphrey},
  booktitle={Proceedings of the IEEE/CVF International Conference on Computer Vision},
  pages={15954--15964},
  year={2023}
}
@inproceedings{lin2023zero,
  title={Zero-shot rumor detection with propagation structure via prompt learning},
  author={Lin, Hongzhan and Yi, Pengyao and Ma, Jing and Jiang, Haiyun and Luo, Ziyang and Shi, Shuming and Liu, Ruifang},
  booktitle={Proceedings of the AAAI Conference on Artificial Intelligence},
  volume={37},
  pages={5213--5221},
  year={2023}
}
@article{gruver2024large,
  title={Large language models are zero-shot time series forecasters},
  author={Gruver, Nate and Finzi, Marc and Qiu, Shikai and Wilson, Andrew G},
  journal={Advances in Neural Information Processing Systems},
  volume={36},
  year={2024}
}
@inproceedings{liu2023graphprompt,
  title={Graphprompt: Unifying pre-training and downstream tasks for graph neural networks},
  author={Liu, Zemin and Yu, Xingtong and Fang, Yuan and Zhang, Xinming},
  booktitle={Proceedings of the ACM Web Conference 2023},
  pages={417--428},
  year={2023}
}

@inproceedings{sun2023all,
  title={All in one: Multi-task prompting for graph neural networks},
  author={Sun, Xiangguo and Cheng, Hong and Li, Jia and Liu, Bo and Guan, Jihong},
  booktitle={Proceedings of the 29th ACM SIGKDD Conference on Knowledge Discovery and Data Mining},
  pages={2120--2131},
  year={2023}
}

@article{liu2024arc,
  title={ARC: A Generalist Graph Anomaly Detector with In-Context Learning},
  author={Liu, Yixin and Li, Shiyuan and Zheng, Yu and Chen, Qingfeng and Zhang, Chengqi and Pan, Shirui},
  journal={arXiv preprint arXiv:2405.16771},
  year={2024}
}

@article{qiao2024deep,
  title={Deep Graph Anomaly Detection: A Survey and New Perspectives},
  author={Qiao, Hezhe and Tong, Hanghang and An, Bo and King, Irwin and Aggarwal, Charu and Pang, Guansong},
  journal={arXiv preprint arXiv:2409.09957},
  year={2024}
}

@article{ma2021comprehensive,
  title={A comprehensive survey on graph anomaly detection with deep learning},
  author={Ma, Xiaoxiao and Wu, Jia and Xue, Shan and Yang, Jian and Zhou, Chuan and Sheng, Quan Z and Xiong, Hui and Akoglu, Leman},
  journal={IEEE Transactions on Knowledge and Data Engineering},
  volume={35},
  number={12},
  pages={12012--12038},
  year={2021},
  publisher={IEEE}
}
@inproceedings{sanchez2013statistical,
  title={Statistical selection of congruent subspaces for mining attributed graphs},
  author={S{\'a}nchez, Patricia Iglesias and M{\"u}ller, Emmanuel and Laforet, Fabian and Keller, Fabian and B{\"o}hm, Klemens},
  booktitle={2013 IEEE 13th international conference on data mining},
  pages={647--656},
  year={2013},
  organization={IEEE}
}
@inproceedings{hezhe2023truncated,
  title={Truncated Affinity Maximization: One-class Homophily Modeling for Graph Anomaly Detection},
  author={Qiao, Hezhe and Pang, Guansong},
  booktitle={Advances in Neural Information Processing Systems},
  year={2023}
}
@article{platonov2023critical,
  title={A critical look at the evaluation of GNNs under heterophily: Are we really making progress?},
  author={Platonov, Oleg and Kuznedelev, Denis and Diskin, Michael and Babenko, Artem and Prokhorenkova, Liudmila},
  journal={arXiv preprint arXiv:2302.11640},
  year={2023}
}

@article{niu2024zero,
  title={Zero-shot Generalist Graph Anomaly Detection with Unified Neighborhood Prompts},
  author={Niu, Chaoxi and Qiao, Hezhe and Chen, Changlu and Chen, Ling and Pang, Guansong},
  journal={arXiv preprint arXiv:2410.14886},
  year={2024}
}
@article{pang2021deep,
  title={Deep learning for anomaly detection: A review},
  author={Pang, Guansong and Shen, Chunhua and Cao, Longbing and Hengel, Anton Van Den},
  journal={ACM computing surveys (CSUR)},
  volume={54},
  number={2},
  pages={1--38},
  year={2021},
  publisher={ACM New York, NY, USA}
}
@inproceedings{chen2020generative,
  title={Generative adversarial attributed network anomaly detection},
  author={Chen, Zhenxing and Liu, Bo and Wang, Meiqing and Dai, Peng and Lv, Jun and Bo, Liefeng},
  booktitle={Proceedings of the 29th ACM International Conference on Information \& Knowledge Management},
  pages={1989--1992},
  year={2020}
}
@article{yang2019mining,
  title={Mining fraudsters and fraudulent strategies in large-scale mobile social networks},
  author={Yang, Yang and Xu, Yuhong and Sun, Yizhou and Dong, Yuxiao and Wu, Fei and Zhuang, Yueting},
  journal={IEEE Transactions on Knowledge and Data Engineering},
  volume={33},
  number={1},
  pages={169--179},
  year={2019},
  publisher={IEEE}
}

@article{li2022internet,
  title={Internet financial fraud detection based on graph learning},
  author={Li, Ranran and Liu, Zhaowei and Ma, Yuanqing and Yang, Dong and Sun, Shuaijie},
  journal={IEEE Transactions on Computational Social Systems},
  volume={10},
  number={3},
  pages={1394--1401},
  year={2022},
  publisher={IEEE}
}

@article{wu2020comprehensive,
  title={A comprehensive survey on graph neural networks},
  author={Wu, Zonghan and Pan, Shirui and Chen, Fengwen and Long, Guodong and Zhang, Chengqi and Philip, S Yu},
  journal={IEEE Transactions on Neural Networks and Learning Systems},
  volume={32},
  number={1},
  pages={4--24},
  year={2020},
  publisher={IEEE}
}

@inproceedings{peng2018anomalous,
  title={ANOMALOUS: A Joint Modeling Approach for Anomaly Detection on Attributed Networks.},
  author={Peng, Zhen and Luo, Minnan and Li, Jundong and Liu, Huan and Zheng, Qinghua and others},
  booktitle={IJCAI},
  volume={18},
  pages={3513--3519},
  year={2018}
}

@inproceedings{radford2021learning,
  title={Learning transferable visual models from natural language supervision},
  author={Radford, Alec and Kim, Jong Wook and Hallacy, Chris and Ramesh, Aditya and Goh, Gabriel and Agarwal, Sandhini and Sastry, Girish and Askell, Amanda and Mishkin, Pamela and Clark, Jack and others},
  booktitle={International conference on machine learning},
  pages={8748--8763},
  year={2021},
  organization={PMLR}
}

@inproceedings{zhu2024toward,
  title={Toward generalist anomaly detection via in-context residual learning with few-shot sample prompts},
  author={Zhu, Jiawen and Pang, Guansong},
  booktitle={Proceedings of the IEEE/CVF Conference on Computer Vision and Pattern Recognition},
  pages={17826--17836},
  year={2024}
}

@inproceedings{zhou2024anomalyclip,
title={Anomaly{CLIP}: Object-agnostic Prompt Learning for Zero-shot Anomaly Detection},
author={Qihang Zhou and Guansong Pang and Yu Tian and Shibo He and Jiming Chen},
booktitle={The Twelfth International Conference on Learning Representations},
year={2024},
}

@article{liu2012isolation,
  title={Isolation-based anomaly detection},
  author={Liu, Fei Tony and Ting, Kai Ming and Zhou, Zhi-Hua},
  journal={ACM Transactions on Knowledge Discovery from Data (TKDD)},
  volume={6},
  number={1},
  pages={1--39},
  year={2012},
  publisher={ACM New York, NY, USA}
}
@inproceedings{zhou2022unseen,
  title={Unseen anomaly detection on networks via multi-hypersphere learning},
  author={Zhou, Shuang and Huang, Xiao and Liu, Ninghao and Tan, Qiaoyu and Chung, Fu-Lai},
  booktitle={Proceedings of the 2022 SIAM International Conference on Data Mining (SDM)},
  pages={262--270},
  year={2022},
  organization={SIAM}
}
@article{wang2021one,
  title={One-class graph neural networks for anomaly detection in attributed networks},
  author={Wang, Xuhong and Jin, Baihong and Du, Ying and Cui, Ping and Tan, Yingshui and Yang, Yupu},
  journal={Neural computing and applications},
  volume={33},
  pages={12073--12085},
  year={2021},
  publisher={Springer}
}
@article{zheng2021generative,
  title={Generative and contrastive self-supervised learning for graph anomaly detection},
  author={Zheng, Yu and Jin, Ming and Liu, Yixin and Chi, Lianhua and Phan, Khoa T and Chen, Yi-Ping Phoebe},
  journal={IEEE Transactions on Knowledge and Data Engineering},
  volume={35},
  number={12},
  pages={12220--12233},
  year={2021},
  publisher={IEEE}
}

@inproceedings{luo2022comga,
  title={Comga: Community-aware attributed graph anomaly detection},
  author={Luo, Xuexiong and Wu, Jia and Beheshti, Amin and Yang, Jian and Zhang, Xiankun and Wang, Yuan and Xue, Shan},
  booktitle={Proceedings of the Fifteenth ACM International Conference on Web Search and Data Mining},
  pages={657--665},
  year={2022}
}

@article{ding2021cross,
  title={Cross-domain graph anomaly detection},
  author={Ding, Kaize and Shu, Kai and Shan, Xuan and Li, Jundong and Liu, Huan},
  journal={IEEE Transactions on Neural Networks and Learning Systems},
  volume={33},
  number={6},
  pages={2406--2415},
  year={2021},
  publisher={IEEE}
}

@inproceedings{wang2023cross,
  title={Cross-domain graph anomaly detection via anomaly-aware contrastive alignment},
  author={Wang, Qizhou and Pang, Guansong and Salehi, Mahsa and Buntine, Wray and Leckie, Christopher},
  booktitle={Proceedings of the AAAI Conference on Artificial Intelligence},
  volume={37},
  pages={4676--4684},
  year={2023}
}

@inproceedings{fan2020anomalydae,
  title={Anomalydae: Dual autoencoder for anomaly detection on attributed networks},
  author={Fan, Haoyi and Zhang, Fengbin and Li, Zuoyong},
  booktitle={ICASSP 2020-2020 IEEE International Conference on Acoustics, Speech and Signal Processing (ICASSP)},
  pages={5685--5689},
  year={2020},
  organization={IEEE}
}

@article{niu2024replay,
  title={Replay-and-Forget-Free Graph Class-Incremental Learning: A Task Profiling and Prompting Approach},
  author={Niu, Chaoxi and Pang, Guansong and Chen, Ling and Liu, Bing},
  journal={arXiv preprint arXiv:2410.10341},
  year={2024}
}

@article{tang2023gadbench,
  title={Gadbench: Revisiting and benchmarking supervised graph anomaly detection},
  author={Tang, Jianheng and Hua, Fengrui and Gao, Ziqi and Zhao, Peilin and Li, Jia},
  journal={Advances in Neural Information Processing Systems},
  volume={36},
  pages={29628--29653},
  year={2023}
}

@inproceedings{chen2024boosting,
title={Boosting Graph Anomaly Detection with Adaptive Message Passing},
author={Jingyan Chen and Guanghui Zhu and Chunfeng Yuan and Yihua Huang},
booktitle={The Twelfth International Conference on Learning Representations},
year={2024}
}

@article{weber2019anti,
  title={Anti-money laundering in bitcoin: Experimenting with graph convolutional networks for financial forensics},
  author={Weber, Mark and Domeniconi, Giacomo and Chen, Jie and Weidele, Daniel Karl I and Bellei, Claudio and Robinson, Tom and Leiserson, Charles E},
  journal={arXiv preprint arXiv:1908.02591},
  year={2019}
}

@article{hamilton2017inductive,
  title={Inductive representation learning on large graphs},
  author={Hamilton, Will and Ying, Zhitao and Leskovec, Jure},
  journal={Advances in neural information processing systems},
  volume={30},
  year={2017}
}

@inproceedings{xu2018representation,
  title={Representation learning on graphs with jumping knowledge networks},
  author={Xu, Keyulu and Li, Chengtao and Tian, Yonglong and Sonobe, Tomohiro and Kawarabayashi, Ken-ichi and Jegelka, Stefanie},
  booktitle={International conference on machine learning},
  pages={5453--5462},
  year={2018},
  organization={PMLR}
}

@inproceedings{ding2021inductive,
  title={Inductive anomaly detection on attributed networks},
  author={Ding, Kaize and Li, Jundong and Agarwal, Nitin and Liu, Huan},
  booktitle={Proceedings of the twenty-ninth international conference on international joint conferences on artificial intelligence},
  pages={1288--1294},
  year={2021}
}

@inproceedings{jeong2023winclip,
  title={Winclip: Zero-/few-shot anomaly classification and segmentation},
  author={Jeong, Jongheon and Zou, Yang and Kim, Taewan and Zhang, Dongqing and Ravichandran, Avinash and Dabeer, Onkar},
  booktitle={Proceedings of the IEEE/CVF Conference on Computer Vision and Pattern Recognition},
  pages={19606--19616},
  year={2023}
}

@inproceedings{li2023diga,
  title={Diga: guided diffusion model for graph recovery in anti-money laundering},
  author={Li, Xujia and Li, Yuan and Mo, Xueying and Xiao, Hebing and Shen, Yanyan and Chen, Lei},
  booktitle={Proceedings of the 29th ACM SIGKDD Conference on Knowledge Discovery and Data Mining},
  pages={4404--4413},
  year={2023}
}

@inproceedings{huang2023unsupervised,
  title={Unsupervised graph outlier detection: Problem revisit, new insight, and superior method},
  author={Huang, Yihong and Wang, Liping and Zhang, Fan and Lin, Xuemin},
  booktitle={2023 IEEE 39th International Conference on Data Engineering (ICDE)},
  pages={2565--2578},
  year={2023},
  organization={IEEE}
}

@article{fang2023anonymous,
  title={Anonymous edge representation for inductive anomaly detection in dynamic bipartite graph},
  author={Fang, Lanting and Feng, Kaiyu and Gui, Jie and Feng, Shanshan and Hu, Aiqun},
  journal={Proceedings of the VLDB Endowment},
  volume={16},
  number={5},
  pages={1154--1167},
  year={2023},
  publisher={VLDB Endowment}
}