@article{black1973pricing,
	title={The pricing of options and corporate liabilities},
	author={Black, Fischer and Scholes, Myron},
	journal={Journal of political economy},
	volume={81},
	number={3},
	pages={637--654},
	year={1973},
	publisher={The University of Chicago Press}
}

@article{buehler2019deep,
	title={Deep hedging},
	author={Buehler, Hans and Gonon, Lukas and Teichmann, Josef and Wood, Ben},
	journal={Quantitative Finance},
	volume={19},
	number={8},
	pages={1271--1291},
	year={2019},
	publisher={Taylor \& Francis}
}

@article{cao2021deep,
	title={Deep hedging of derivatives using reinforcement learning},
	author={Cao, Jay and Chen, Jacky and Hull, John and Poulos, Zissis},
	journal={arXiv preprint arXiv:2103.16409},
	year={2021}
}

@inproceedings{gao2023deeper,
	title={Deeper Hedging: A New Agent-based Model for Effective Deep Hedging},
	author={Gao, Kang and Weston, Stephen and Vytelingum, Perukrishnen and Stillman, Namid and Luk, Wayne and Guo, Ce},
	booktitle={Proceedings of the Fourth ACM International Conference on AI in Finance},
	pages={270--278},
	year={2023}
}

@article{imaki2021no,
	title={No-Transaction Band Network: A Neural Network Architecture for Efficient Deep Hedging},
	author={Imaki, Shota and Imajo, Kentaro and Ito, Katsuya and Minami, Kentaro and Nakagawa, Kei},
	journal={arXiv preprint arXiv:2103.01775},
	year={2021}
}

@inproceedings{karakida2019universal,
	title={Universal statistics of fisher information in deep neural networks: Mean field approach},
	author={Karakida, Ryo and Akaho, Shotaro and Amari, Shun-ichi},
	booktitle={The 22nd International Conference on Artificial Intelligence and Statistics},
	pages={1032--1041},
	year={2019},
	organization={PMLR}
}

@article{moresco2024uncertainty,
	title={Uncertainty propagation and dynamic robust risk measures},
	author={Moresco, Marlon R and Mailhot, M{\'e}lina and Pesenti, Silvana M},
	journal={Mathematics of Operations Research},
	year={2024},
	publisher={INFORMS}
}

@article{neagu2024deep,
	title={Deep Hedging with Market Impact},
	author={Neagu, Andrei and Godin, Fr{\'e}d{\'e}ric and Simard, Clarence and Kosseim, Leila and others},
	journal={arXiv preprint arXiv:2402.13326},
	year={2024}
}

@article{pesenti2023portfolio,
	title={Portfolio optimization within a Wasserstein ball},
	author={Pesenti, Silvana M and Jaimungal, Sebastian},
	journal={SIAM Journal on Financial Mathematics},
	volume={14},
	number={4},
	pages={1175--1214},
	year={2023},
	publisher={SIAM}
}

@article{pesenti2024risk,
	title={Risk Budgeting Allocation for Dynamic Risk Measures},
	author={Pesenti, Silvana M and Jaimungal, Sebastian and Saporito, Yuri F and Targino, Rodrigo S},
	journal={Operations Research},
	year={2024},
	publisher={INFORMS}
}

@article{ruf2019neural,
	title={Neural networks for option pricing and hedging: a literature review},
	author={Ruf, Johannes and Wang, Weiguan},
	journal={arXiv preprint arXiv:1911.05620},
	year={2019}
}

@book{shreve2005stochastic,
	title={Stochastic calculus for finance I: the binomial asset pricing model},
	author={Shreve, Steven},
	year={2005},
	publisher={Springer Science \& Business Media}
}

