@article{neagu2024deep,
	title={Deep Hedging with Market Impact},
	author={Neagu, Andrei and Godin, Fr{\'e}d{\'e}ric and Simard, Clarence and Kosseim, Leila and others},
	journal={arXiv preprint arXiv:2402.13326},
	year={2024}
}

@inproceedings{gao2023deeper,
	title={Deeper Hedging: A New Agent-based Model for Effective Deep Hedging},
	author={Gao, Kang and Weston, Stephen and Vytelingum, Perukrishnen and Stillman, Namid and Luk, Wayne and Guo, Ce},
	booktitle={Proceedings of the Fourth ACM International Conference on AI in Finance},
	pages={270--278},
	year={2023}
}

@article{du2020deep,
	title={Deep reinforcement learning for option replication and hedging},
	author={Du, Jiayi and Jin, Muyang and Kolm, Petter N and Ritter, Gordon and Wang, Yixuan and Zhang, Bofei},
	journal={The Journal of Financial Data Science},
	volume={2},
	number={4},
	pages={44--57},
	year={2020},
	publisher={Portfolio Management Research}
}

@article{cao2021deep,
	title={Deep hedging of derivatives using reinforcement learning},
	author={Cao, Jay and Chen, Jacky and Hull, John and Poulos, Zissis},
	journal={arXiv preprint arXiv:2103.16409},
	year={2021}
}

@article{ruf2019neural,
	title={Neural networks for option pricing and hedging: a literature review},
	author={Ruf, Johannes and Wang, Weiguan},
	journal={arXiv preprint arXiv:1911.05620},
	year={2019}
}

@article{garleanu2013dynamic,
	title={Dynamic trading with predictable returns and transaction costs},
	author={G{\^a}rleanu, Nicolae and Pedersen, Lasse Heje},
	journal={The Journal of Finance},
	volume={68},
	number={6},
	pages={2309--2340},
	year={2013},
	publisher={Wiley Online Library}
}

@article{gould2013limit,
	title={Limit order books},
	author={Gould, Martin D and Porter, Mason A and Williams, Stacy and McDonald, Mark and Fenn, Daniel J and Howison, Sam D},
	journal={Quantitative Finance},
	volume={13},
	number={11},
	pages={1709--1742},
	year={2013},
	publisher={Taylor \& Francis}
}

@book{shreve2004stochastic,
	title={Stochastic calculus for finance II: Continuous-time models},
	author={Shreve, Steven E and others},
	volume={11},
	year={2004},
	publisher={Springer}
}

@book{gatheral2011volatility,
	title={The volatility surface: A Practitioner's Guide},
	author={Gatheral, J},
	year={2011},
	publisher={John Wiley and Sons, Inc}
}

@book{bjork2009arbitrage,
	title={Arbitrage theory in continuous time},
	author={Bj{\"o}rk, Tomas},
	year={2009},
	publisher={Oxford university press}
}

@article{charpentier2021reinforcement,
	title={Reinforcement learning in economics and finance},
	author={Charpentier, Arthur and Elie, Romuald and Remlinger, Carl},
	journal={Computational Economics},
	pages={1--38},
	year={2021},
	publisher={Springer}
}

@article{pickard2023deep,
	title={Deep Reinforcement Learning for Dynamic Stock Option Hedging: A Review},
	author={Pickard, Reilly and Lawryshyn, Yuri},
	journal={Mathematics},
	volume={11},
	number={24},
	pages={4943},
	year={2023},
	publisher={MDPI}
}

@book{shreve2005stochastic,
	title={Stochastic calculus for finance I: the binomial asset pricing model},
	author={Shreve, Steven},
	year={2005},
	publisher={Springer Science \& Business Media}
}

@article{hull2023option,
	title={Option pricing via breakeven volatility},
	author={Hull, Blair and Li, Anlong and Qiao, Xiao},
	journal={Financial Analysts Journal},
	volume={79},
	number={1},
	pages={99--119},
	year={2023},
	publisher={Taylor \& Francis}
}

@book{schofield2021commodity,
	title={Commodity derivatives: markets and applications},
	author={Schofield, Neil C},
	year={2021},
	publisher={John Wiley \& Sons}
}

@article{artzner1999coherent,
	title={Coherent measures of risk},
	author={Artzner, Philippe and Delbaen, Freddy and Eber, Jean-Marc and Heath, David},
	journal={Mathematical finance},
	volume={9},
	number={3},
	pages={203--228},
	year={1999},
	publisher={Wiley Online Library}
}

@article{rockafellar2000optimization,
	title={Optimization of conditional value-at-risk},
	author={Rockafellar, R Tyrrell and Uryasev, Stanislav and others},
	journal={Journal of risk},
	volume={2},
	pages={21--42},
	year={2000}
}

@book{follmer2011stochastic,
	title={Stochastic finance: an introduction in discrete time},
	author={F{\"o}llmer, Hans and Schied, Alexander},
	year={2011},
	publisher={Walter de Gruyter}
}

@article{pesenti2023portfolio,
	title={Portfolio optimization within a Wasserstein ball},
	author={Pesenti, Silvana M and Jaimungal, Sebastian},
	journal={SIAM Journal on Financial Mathematics},
	volume={14},
	number={4},
	pages={1175--1214},
	year={2023},
	publisher={SIAM}
}

@article{moresco2024uncertainty,
	title={Uncertainty propagation and dynamic robust risk measures},
	author={Moresco, Marlon R and Mailhot, M{\'e}lina and Pesenti, Silvana M},
	journal={Mathematics of Operations Research},
	year={2024},
	publisher={INFORMS}
}

@article{pesenti2024risk,
	title={Risk Budgeting Allocation for Dynamic Risk Measures},
	author={Pesenti, Silvana M and Jaimungal, Sebastian and Saporito, Yuri F and Targino, Rodrigo S},
	journal={Operations Research},
	year={2024},
	publisher={INFORMS}
}


@article{sebastiao2021forecasting,
	title={Forecasting and trading cryptocurrencies with machine learning under changing market conditions},
	author={Sebasti{\~a}o, Helder and Godinho, Pedro},
	journal={Financial Innovation},
	volume={7},
	pages={1--30},
	year={2021},
	publisher={Springer}
}

@misc{optiver-realized-volatility-prediction,
	author = {Andrew Meyer, BerniceOptiver, CameronOptiver, IXAGPOPU, Jiashen Liu, Matteo Pietrobon (Optiver), OptiverMerle, Sohier Dane, Stefan Vallentine},
	title = {Optiver Realized Volatility Prediction},
	publisher = {Kaggle},
	year = {2021},
	url = {https://kaggle.com/competitions/optiver-realized-volatility-prediction}
}

@article{broadie1999connecting,
	title={Connecting discrete and continuous path-dependent options},
	author={Broadie, Mark and Glasserman, Paul and Kou, Shing-Gang},
	journal={Finance and Stochastics},
	volume={3},
	pages={55--82},
	year={1999},
	publisher={Springer}
}

@book{hull2016options,
	title={Options, futures, and other derivatives},
	author={Hull, John C and Basu, Sankarshan},
	year={2016},
	publisher={Pearson Education India}
}

@article{whalley1997asymptotic,
	title={An asymptotic analysis of an optimal hedging model for option pricing with transaction costs},
	author={Whalley, A Elizabeth and Wilmott, Paul},
	journal={Mathematical finance},
	volume={7},
	number={3},
	pages={307--324},
	year={1997},
	publisher={Wiley Online Library}
}

@article{davis1993european,
	title={European option pricing with transaction costs},
	author={Davis, Mark HA and Panas, Vassilios G and Zariphopoulou, Thaleia},
	journal={SIAM Journal on Control and Optimization},
	volume={31},
	number={2},
	pages={470--493},
	year={1993},
	publisher={SIAM}
}

@inproceedings{novak2022fast,
	title={Fast finite width neural tangent kernel},
	author={Novak, Roman and Sohl-Dickstein, Jascha and Schoenholz, Samuel S},
	booktitle={International Conference on Machine Learning},
	pages={17018--17044},
	year={2022},
	organization={PMLR}
}

@article{buehler2022deep,
	title={Deep bellman hedging},
	author={Buehler, Hans and Murray, Phillip and Wood, Ben},
	journal={arXiv preprint arXiv:2207.00932},
	year={2022}
}

@article{cao2020neural,
	title={A neural network approach to understanding implied volatility movements},
	author={Cao, Jay and Chen, Jacky and Hull, John},
	journal={Quantitative Finance},
	volume={20},
	number={9},
	pages={1405--1413},
	year={2020},
	publisher={Taylor \& Francis}
}

@article{mei2018mean,
	title={A mean field view of the landscape of two-layer neural networks},
	author={Mei, Song and Montanari, Andrea and Nguyen, Phan-Minh},
	journal={Proceedings of the National Academy of Sciences},
	volume={115},
	number={33},
	pages={E7665--E7671},
	year={2018},
	publisher={National Acad Sciences}
}

@article{cao2020deep,
	title={Deep hedging of derivatives using reinforcement learning},
	author={Cao, Jay and Chen, Jacky and Hull, John and Poulos, Zissis},
	journal={The Journal of Financial Data Science},
	year={2020},
	publisher={Institutional Investor Journals Umbrella}
}

@inproceedings{karakida2019universal,
	title={Universal statistics of fisher information in deep neural networks: Mean field approach},
	author={Karakida, Ryo and Akaho, Shotaro and Amari, Shun-ichi},
	booktitle={The 22nd International Conference on Artificial Intelligence and Statistics},
	pages={1032--1041},
	year={2019},
	organization={PMLR}
}

@article{jacot2018neural,
	title={Neural tangent kernel: Convergence and generalization in neural networks},
	author={Jacot, Arthur and Gabriel, Franck and Hongler, Cl{\'e}ment},
	journal={Advances in neural information processing systems},
	volume={31},
	year={2018}
}

@article{hull1987pricing,
	title={The pricing of options on assets with stochastic volatilities},
	author={Hull, John and White, Alan},
	journal={The journal of finance},
	volume={42},
	number={2},
	pages={281--300},
	year={1987},
	publisher={Wiley Online Library}
}

@article{ben2007old,
	title={An old-new concept of convex risk measures: The optimized certainty equivalent},
	author={Ben-Tal, Aharon and Teboulle, Marc},
	journal={Mathematical Finance},
	volume={17},
	number={3},
	pages={449--476},
	year={2007},
	publisher={Wiley Online Library}
}

@inproceedings{imajo2021deep,
	title={Deep portfolio optimization via distributional prediction of residual factors},
	author={Imajo, Kentaro and Minami, Kentaro and Ito, Katsuya and Nakagawa, Kei},
	booktitle={Proceedings of the AAAI conference on artificial intelligence},
	volume={35},
	number={1},
	pages={213--222},
	year={2021}
}

@article{jang2019generative,
	title={Generative Bayesian neural network model for risk-neutral pricing of American index options},
	author={Jang, Huisu and Lee, Jaewook},
	journal={Quantitative Finance},
	volume={19},
	number={4},
	pages={587--603},
	year={2019},
	publisher={Taylor \& Francis}
}

@article{dugas2009incorporating,
	title={Incorporating Functional Knowledge in Neural Networks.},
	author={Dugas, Charles and Bengio, Yoshua and B{\'e}lisle, Fran{\c{c}}ois and Nadeau, Claude and Garcia, Ren{\'e}},
	journal={Journal of Machine Learning Research},
	volume={10},
	number={6},
	year={2009}
}

@article{das2017new,
	title={A new hybrid parametric and machine learning model with homogeneity hint for European-style index option pricing},
	author={Das, Shom Prasad and Padhy, Sudarsan},
	journal={Neural Computing and Applications},
	volume={28},
	pages={4061--4077},
	year={2017},
	publisher={Springer}
}

@article{genccay2001pricing,
	title={Pricing and hedging derivative securities with neural networks: Bayesian regularization, early stopping, and bagging},
	author={Gen{\c{c}}ay, Ramazan and Qi, Min},
	journal={IEEE transactions on neural networks},
	volume={12},
	number={4},
	pages={726--734},
	year={2001},
	publisher={IEEE}
}

@article{ruf2019neural,
	title={Neural networks for option pricing and hedging: a literature review},
	author={Ruf, Johannes and Wang, Weiguan},
	journal={arXiv preprint arXiv:1911.05620},
	year={2019}
}

@article{kallsen2015option,
	title={Option pricing and hedging with small transaction costs},
	author={Kallsen, Jan and Muhle-Karbe, Johannes},
	journal={Mathematical Finance},
	volume={25},
	number={4},
	pages={702--723},
	year={2015},
	publisher={Wiley Online Library}
}

@article{vaswani2017attention,
	title={Attention is all you need},
	author={Vaswani, Ashish and Shazeer, Noam and Parmar, Niki and Uszkoreit, Jakob and Jones, Llion and Gomez, Aidan N and Kaiser, {\L}ukasz and Polosukhin, Illia},
	journal={Advances in neural information processing systems},
	volume={30},
	year={2017}
}

@article{krizhevsky2012imagenet,
	title={Imagenet classification with deep convolutional neural networks},
	author={Krizhevsky, Alex and Sutskever, Ilya and Hinton, Geoffrey E},
	journal={Advances in neural information processing systems},
	volume={25},
	year={2012}
}

@article{monoyios2004option,
	title={Option pricing with transaction costs using a Markov chain approximation},
	author={Monoyios, Michael},
	journal={Journal of Economic Dynamics and Control},
	volume={28},
	number={5},
	pages={889--913},
	year={2004},
	publisher={Elsevier}
}

@book{carmona2008indifference,
	title={Indifference pricing: theory and applications},
	author={Carmona, Ren{\'e}},
	year={2008},
	publisher={Princeton University Press}
}

@article{henderson2004utility,
	title={Utility indifference pricing-an overview},
	author={Henderson, Vicky and Hobson, David},
	journal={Volume on Indifference Pricing},
	year={2004},
	publisher={Princeton University Press, Princeton, NJ, USA}
}

@article{hodges1989optimal,
	title={Optimal replication of contingent claims under transaction costs},
	author={Hodges, Stewart},
	journal={Review Futures Market},
	volume={8},
	pages={222--239},
	year={1989}
}

@article{grannan1996minimizing,
	title={Minimizing transaction costs of option hedging strategies},
	author={Grannan, Erik R and Swindle, Glen H},
	journal={Mathematical finance},
	volume={6},
	number={4},
	pages={341--364},
	year={1996},
	publisher={Wiley Online Library}
}

@article{davis1993european,
	title={European option pricing with transaction costs},
	author={Davis, Mark HA and Panas, Vassilios G and Zariphopoulou, Thaleia},
	journal={SIAM Journal on Control and Optimization},
	volume={31},
	number={2},
	pages={470--493},
	year={1993},
	publisher={SIAM}
}

@article{collins1991methodology,
	title={A methodology for measuring transaction costs},
	author={Collins, Bruce M and Fabozzi, Frank J},
	journal={Financial Analysts Journal},
	volume={47},
	number={2},
	pages={27--36},
	year={1991},
	publisher={Taylor \& Francis}
}

@article{black1973pricing,
	title={The pricing of options and corporate liabilities},
	author={Black, Fischer and Scholes, Myron},
	journal={Journal of political economy},
	volume={81},
	number={3},
	pages={637--654},
	year={1973},
	publisher={The University of Chicago Press}
}

@article{leland1985option,
	title={Option pricing and replication with transactions costs},
	author={Leland, Hayne E},
	journal={The journal of finance},
	volume={40},
	number={5},
	pages={1283--1301},
	year={1985},
	publisher={Wiley Online Library}
}

@article{chen2018neural,
	title={Neural Ordinary Differential Equations},
	author={Chen, Ricky T. Q. and Rubanova, Yulia and Bettencourt, Jesse and Duvenaud, David},
	journal={Advances in Neural Information Processing Systems},
	year={2018}
}

@inproceedings{chen2021equivalence,
	title={On the Equivalence between Neural Network and Support Vector Machine},
	author={Chen, Yilan and Huang, Wei and Nguyen, Lam M and Weng, Tsui-Wei},
	booktitle={Thirty-Fifth Conference on Neural Information Processing Systems},
	year={2021}
}

@article{imaki2021no,
	title={No-Transaction Band Network: A Neural Network Architecture for Efficient Deep Hedging},
	author={Imaki, Shota and Imajo, Kentaro and Ito, Katsuya and Minami, Kentaro and Nakagawa, Kei},
	journal={arXiv preprint arXiv:2103.01775},
	year={2021}
}

@article{buehler2019deep,
	title={Deep hedging},
	author={Buehler, Hans and Gonon, Lukas and Teichmann, Josef and Wood, Ben},
	journal={Quantitative Finance},
	volume={19},
	number={8},
	pages={1271--1291},
	year={2019},
	publisher={Taylor \& Francis}
}