@article{Afshar20203DMCNA3,
  title={3D-MCN: A 3D Multi-scale Capsule Network for Lung Nodule Malignancy Prediction},
  author={Parnian Afshar and Anastasia Oikonomou and Farnoosh Naderkhani and Pascal N. Tyrrell and Konstantinos N. Plataniotis and Keyvan Farahani and Arash Mohammadi},
  journal={Scientific Reports},
  year={2020},
  volume={10},
}

@article{Chen2020BigSM,
  title={Big Self-Supervised Models are Strong Semi-Supervised Learners},
  author={Ting Chen and Simon Kornblith and Kevin Swersky and Mohammad Norouzi and Geoffrey E. Hinton},
  journal={ArXiv},
  year={2020},
  volume={abs/2006.10029},
}

@article{Doersch2015UnsupervisedVR,
  title={Unsupervised Visual Representation Learning by Context Prediction},
  author={Carl Doersch and Abhinav Kumar Gupta and Alexei A. Efros},
  journal={2015 IEEE International Conference on Computer Vision (ICCV)},
  year={2015},
  pages={1422-1430},
}

@inproceedings{ElShimy2022ARO,
  title={A Review of Capsule Networks in Medical Image Analysis},
  author={Heba El-Shimy and Hind Zantout and Michael Adam Lones and Neamat El Gayar},
  booktitle={IAPR International Workshop on Artificial Neural Networks in Pattern Recognition},
  year={2022},
}

@article{Larsson2017ColorizationAA,
  title={Colorization as a Proxy Task for Visual Understanding},
  author={Gustav Larsson and Michael Maire and Gregory Shakhnarovich},
  journal={2017 IEEE Conference on Computer Vision and Pattern Recognition (CVPR)},
  year={2017},
  pages={840-849},
}

@inproceedings{Pathak-2016,
  author={Pathak, Deepak and Krähenbühl, Philipp and Donahue, Jeff and Darrell, Trevor and Efros, Alexei A.},
  booktitle={2016 IEEE Conference on Computer Vision and Pattern Recognition (CVPR)}, 
  title={Context Encoders: Feature Learning by Inpainting}, 
  year={2016},
  volume={},
  number={},
  pages={2536-2544},
  doi={10.1109/CVPR.2016.278}
}

@article{caron-2021,
    author = {Caron, Mathilde and Touvron, Hugo and Misra, Ishan and Jegou, Herve and Mairal, Julien and Bojanowski, Piotr and Joulin, Armand},
    journal = {2021 IEEE/CVF International Conference on Computer Vision (ICCV)},
    month = {10},
    title = {{Emerging Properties in Self-Supervised Vision Transformers}},
    year = {2021},
    doi = {10.1109/iccv48922.2021.00951},
}

@article{chen-2020,
    author = {Chen, Ting and Kornblith, Simon and Norouzi, Mohammad and Hinton, Geoffrey},
    journal = {International Conference on Machine Learning},
    month = {7},
    pages = {1597--1607},
    title = {{A simple framework for contrastive learning of visual representations}},
    volume = {1},
    year = {2020},
}

@article{deepika-2022,
    author = {Deepika, J. and Rajan, C. and Senthil, T.},
    journal = {Signal Image and Video Processing},
    month = {3},
    number = {8},
    pages = {2269--2277},
    title = {{Improved CAPSNET model with modified loss function for medical image classification}},
    volume = {16},
    year = {2022},
    doi = {10.1007/s11760-022-02192-5},
}

@article{krenzer-2023,
    author = {Krenzer, Adrian and Heil, Stefan and Fitting, Daniel and Matti, Safa and Zoller, Wolfram G. and Hann, Alexander and Puppe, Frank},
    journal = {BMC Medical Imaging},
    month = {4},
    number = {1},
    title = {{Automated classification of polyps using deep learning architectures and few-shot learning}},
    volume = {23},
    year = {2023},
    doi = {10.1186/s12880-023-01007-4},
}

@book{lalonde-2020a,
    author = {LaLonde, Rodney and Torigian, Drew and Bagci, Ulas},
    booktitle = {Lecture notes in computer science},
    month = {1},
    pages = {294--304},
    title = {{Encoding visual attributes in capsules for explainable medical diagnoses}},
    year = {2020},
    doi = {10.1007/978-3-030-59710-8\_29},
    publisher = {Springer, Cham}
}

@article{sabour-2017,
    author = {Sabour, Sara and Frosst, Nicholas and Hinton, Geoffrey E.},
    journal = {arXiv (Cornell University)},
    month = {1},
    title = {{Dynamic routing between capsules}},
    year = {2017},
    doi = {10.48550/arxiv.1710.09829},
}

