################
# Introduction #
################

@article{Liu2019ACO,
  title={A comparison of deep learning performance against health-care professionals in detecting diseases from medical imaging: a systematic review and meta-analysis.},
  author={Xiaoxuan Liu and Livia Faes and Aditya Uday Kale and Siegfried Karl Wagner and Dun Jack Fu and Alice Bruynseels and Thushika Mahendiran and Gabriella Moraes and Mohith Shamdas and Christoph Kern and Joseph R. Ledsam and Martin K. Schmid and Konstantinos Balaskas and Eric J. Topol and Lucas M. Bachmann and Pearse Andrew Keane and Alastair K. O. Denniston},
  journal={The Lancet. Digital health},
  year={2019},
  volume={1 6},
  pages={e271-e297},
}

@article{malik-2020,
  author={Malik, Hassaan and Farooq, Muhammad Shoaib and Khelifi, Adel and Abid, Adnan and Nasir Qureshi, Junaid and Hussain, Muzammil},
  journal={IEEE Access}, 
  title={A Comparison of Transfer Learning Performance Versus Health Experts in Disease Diagnosis From Medical Imaging}, 
  year={2020},
  volume={8},
  number={},
  pages={139367-139386},
  doi={10.1109/ACCESS.2020.3004766},
}

@article{khalifa-2024,
    author = {Khalifa, Mohamed and Albadawy, Mona},
    journal = {Computer Methods and Programs in Biomedicine Update},
    month = {1},
    pages = {100146},
    title = {{AI in diagnostic imaging: Revolutionising accuracy and efficiency}},
    volume = {5},
    year = {2024},
    doi = {10.1016/j.cmpbup.2024.100146},
}

@article{shen-2017,
    author = {Shen, Dinggang and Wu, Guorong and Suk, Heung-Il},
    journal = {Annual Review of Biomedical Engineering},
    month = {6},
    number = {1},
    pages = {221--248},
    title = {{Deep learning in medical image analysis}},
    volume = {19},
    year = {2017},
    doi = {10.1146/annurev-bioeng-071516-044442},
}

@article{basso-2022,
    author = {Basso, Matthew Nicholas and Barua, Moumita and Meyer, Julien and John, Rohan and Khademi, April},
    journal = {Frontiers in Nephrology},
    month = {11},
    title = {{Machine learning in renal pathology}},
    volume = {2},
    year = {2022},
    doi = {10.3389/fneph.2022.1007002},
}

@article{younas-2022,
    author = {Younas, Farah and Usman, Muhammad and Yan, Wei Qi},
    journal = {Multimedia Tools and Applications},
    month = {11},
    number = {12},
    pages = {18925--18946},
    title = {{An ensemble framework of deep neural networks for colorectal polyp classification}},
    volume = {82},
    year = {2022},
    doi = {10.1007/s11042-022-14177-0},
}

@article{krenzer-2023,
    author = {Krenzer, Adrian and Heil, Stefan and Fitting, Daniel and Matti, Safa and Zoller, Wolfram G. and Hann, Alexander and Puppe, Frank},
    journal = {BMC Medical Imaging},
    month = {4},
    number = {1},
    title = {{Automated classification of polyps using deep learning architectures and few-shot learning}},
    volume = {23},
    year = {2023},
    doi = {10.1186/s12880-023-01007-4},
}

@article{cejudo-2021,
    author = {Cejudo, Jose E. and Chaurasia, Akhilanand and Feldberg, Ben and Krois, Joachim and Schwendicke, Falk},
    journal = {Journal of Clinical Medicine},
    month = {4},
    number = {7},
    pages = {1496},
    title = {{Classification of dental radiographs using deep learning}},
    volume = {10},
    year = {2021},
    doi = {10.3390/jcm10071496},
}

@article{glorot-2010,
    author = {Glorot, Xavier and Bengio, Yoshua},
    journal = {International Conference on Artificial Intelligence and Statistics},
    month = {3},
    pages = {249--256},
    title = {{Understanding the difficulty of training deep feedforward neural networks}},
    year = {2010},
    url = {https://proceedings.mlr.press/v9/glorot10a/glorot10a.pdf},
}

@article{He2015DelvingDI,
    title={Delving Deep into Rectifiers: Surpassing Human-Level Performance on ImageNet Classification},
    author={Kaiming He and X. Zhang and Shaoqing Ren and Jian Sun},
    journal={2015 IEEE International Conference on Computer Vision (ICCV)},
    year={2015},
    pages={1026-1034},
    url={https://api.semanticscholar.org/CorpusID:13740328},
}

@article{hcnn,
    author = {Shen, Shiwen and Han, Simon and Aberle, Deni and Bui, Alex and Hsu, William},
    year = {2019},
    month = {08},
    pages = {},
    title = {An Interpretable Deep Hierarchical Semantic Convolutional Neural Network for Lung Nodule Malignancy Classification},
    volume = {128},
    journal = {Expert Systems with Applications},
    doi = {10.1016/j.eswa.2019.01.048}
}

@article{sabour-2017,
    author = {Sabour, Sara and Frosst, Nicholas and Hinton, Geoffrey E.},
    journal = {arXiv (Cornell University)},
    month = {1},
    title = {{Dynamic routing between capsules}},
    year = {2017},
    doi = {10.48550/arxiv.1710.09829},
}

@article{mitterreiter-2023,
    author = {Mitterreiter, Matthias and Koch, Marcel and Giesen, Joachim and Laue, SÃ¶ren},
    journal = {Proceedings of the AAAI Conference on Artificial Intelligence},
    month = {6},
    number = {8},
    pages = {9209--9216},
    title = {{Why capsule neural networks do not scale: Challenging the dynamic Parse-Tree assumption}},
    volume = {37},
    year = {2023},
    doi = {10.1609/aaai.v37i8.26104},
}

@inproceedings{imagenet_cvpr09,
    author = {Deng, J. and Dong, W. and Socher, R. and Li, L.-J. and Li, K. and Fei-Fei, L.},
    title = {{ImageNet: A Large-Scale Hierarchical Image Database}},
    booktitle = {CVPR09},
    year = {2009},
}

@book{lalonde-2020a,
    author = {LaLonde, Rodney and Torigian, Drew and Bagci, Ulas},
    booktitle = {Lecture notes in computer science},
    month = {1},
    pages = {294--304},
    title = {{Encoding visual attributes in capsules for explainable medical diagnoses}},
    year = {2020},
    doi = {10.1007/978-3-030-59710-8\_29},
    publisher = {Springer, Cham}
}

#############################################
# Related Work #
#############################################

@article{saif-2021,
    author = {Saif, A. F. M. and Imtiaz, Tamjid and Rifat, Shahriar and Shahnaz, Celia and Zhu, Wei-Ping and Ahmad, M. Omair},
    journal = {IEEE Transactions on Artificial Intelligence},
    month = {8},
    number = {6},
    pages = {608--617},
    title = {{CAPSCOVNet: a modified capsule network to diagnose COVID-19 from multimodal medical imaging}},
    volume = {2},
    year = {2021},
    doi = {10.1109/tai.2021.3104791},
}

@article{deepika-2022,
    author = {Deepika, J. and Rajan, C. and Senthil, T.},
    journal = {Signal Image and Video Processing},
    month = {3},
    number = {8},
    pages = {2269--2277},
    title = {{Improved CAPSNET model with modified loss function for medical image classification}},
    volume = {16},
    year = {2022},
    doi = {10.1007/s11760-022-02192-5},
}

@article{shiri-2022,
    author = {Shiri, Pouya and Baniasadi, Amirali},
    journal = {Journal of Signal Processing Systems},
    month = {1},
    number = {7},
    pages = {645--658},
    title = {{Convolutional Fully-Connected Capsule Network (CFC-CAPSNet): a novel and fast capsule network}},
    volume = {94},
    year = {2022},
    doi = {10.1007/s11265-021-01731-6},
}

@article{mazzia-2021,
    author = {Mazzia, Vittorio and Salvetti, Francesco and Chiaberge, Marcello},
    journal = {Scientific Reports},
    month = {7},
    number = {1},
    title = {{Efficient-CapsNet: capsule network with self-attention routing}},
    volume = {11},
    year = {2021},
    doi = {10.1038/s41598-021-93977-0},
}

@article{Kromm2019InceptionCN,
  title={Inception Capsule Network for Retinal Blood Vessel Segmentation and Centerline Extraction},
  author={Christian Kromm and Karl Rohr},
  journal={bioRxiv},
  year={2019},
  url={https://api.semanticscholar.org/CorpusID:208597212}
}

@article{Afriyie2021ExploringOC,
  title={Exploring Optimised Capsule Network on Complex Images for Medical Diagnosis},
  author={Yaw Afriyie and Benjamin Asubam Weyori and Alex Akwasi Opoku},
  journal={2021 IEEE 8th International Conference on Adaptive Science and Technology (ICAST)},
  year={2021},
  pages={1-5},
}

@article{ayidzoe-2022,
    author = {Ayidzoe, Mighty Abra and Yongbin, Yu and Mensah, Patrick Kwabena and Cai, Jingye and Bawah, Faiza Umar},
    journal = {TURKISH JOURNAL OF ELECTRICAL ENGINEERING \& COMPUTER SCIENCES},
    month = {3},
    number = {3},
    pages = {978--995},
    title = {{Visual Interpretability of Capsule Network for Medical Image analysis}},
    volume = {30},
    year = {2022},
    doi = {10.55730/1300-0632.3822},
}

@article{madhu-2022,
    author = {Madhu, G. and Govardhan, A. and Ravi, Vinayakumar and Kautish, Sandeep and Srinivas, B. Sunil and Chaudhary, Tanupriya and Kumar, Manoj},
    journal = {Multimedia Tools and Applications},
    month = {4},
    number = {23},
    pages = {34105--34127},
    title = {{DSCN-net: a deep Siamese capsule neural network model for automatic diagnosis of malaria parasites detection}},
    volume = {81},
    year = {2022},
    doi = {10.1007/s11042-022-13008-6},
}

@article{maurya-2021,
    author = {Maurya, Ritesh and Pathak, Vinay Kumar and Dutta, Malay Kishore},
    journal = {Multimedia Tools and Applications},
    month = {2},
    number = {10},
    pages = {13611--13632},
    title = {{Computer-aided diagnosis of auto-immune disease using capsule neural network}},
    volume = {81},
    year = {2021},
    doi = {10.1007/s11042-021-10534-7},
}

@article{bargsten-2021,
    author = {Bargsten, Lennart and Raschka, Silas and Schlaefer, Alexander},
    journal = {International Journal of Computer Assisted Radiology and Surgery},
    month = {6},
    number = {8},
    pages = {1243--1254},
    title = {{Capsule networks for segmentation of small intravascular ultrasound image datasets}},
    volume = {16},
    year = {2021},
    doi = {10.1007/s11548-021-02417-x},
    publisher = {Springer, Cham}
}

@article{aziz-2021,
    author = {Aziz, M. Jalili and Zade, A. Amiri Tehrani and Farnia, P. and Alimohamadi, M. and Makkiabadi, B. and Ahmadian, A. and Alirezaie, J.},
    journal = {2021 43rd Annual International Conference of the IEEE Engineering in Medicine \&amp; Biology Society (EMBC)},
    month = {11},
    title = {{Accurate Automatic Glioma Segmentation in Brain MRI images Based on CapsNet}},
    year = {2021},
    doi = {10.1109/embc46164.2021.9630324},
}

@article{tiwari-2022,
    author = {Tiwari, Shamik and Jain, Anurag},
    journal = {International Journal of Imaging Systems and Technology},
    month = {1},
    number = {2},
    pages = {419--434},
    title = {{A lightweight capsule network architecture for detection of COVIDâ19 from lung CT scans}},
    volume = {32},
    year = {2022},
    doi = {10.1002/ima.22706},
}

@article{lalonde-2020b,
    author = {LaLonde, Rodney and Xu, Ziyue and Irmakci, Ismail and Jain, Sanjay and Bagci, Ulas},
    journal = {Medical Image Analysis},
    month = {11},
    pages = {101889},
    title = {{Capsules for biomedical image segmentation}},
    volume = {68},
    year = {2020},
    doi = {10.1016/j.media.2020.101889},
}

@article{Mandal2019UsingDR,
  title={Using dynamic routing to extract intermediate features for developing scalable capsule networks},
  author={Bodhisatwa Mandal and Swarnendu Ghosh and Ritesh Sarkhel and N. Das and Mita Nasipuri},
  journal={2019 Second International Conference on Advanced Computational and Communication Paradigms (ICACCP)},
  year={2019},
  pages={1-6},
}

@article{Afshar20203DMCNA3,
  title={3D-MCN: A 3D Multi-scale Capsule Network for Lung Nodule Malignancy Prediction},
  author={Parnian Afshar and Anastasia Oikonomou and Farnoosh Naderkhani and Pascal N. Tyrrell and Konstantinos N. Plataniotis and Keyvan Farahani and Arash Mohammadi},
  journal={Scientific Reports},
  year={2020},
  volume={10},
}

@article{Liu2018ObjectLW,
  title={Object Localization with a Weakly Supervised CapsNet},
  author={Weitang Liu and Emad Barsoum and John Douglas Owens},
  journal={arXiv: Computer Vision and Pattern Recognition},
  year={2018},
}

@article{chen-2020,
    author = {Chen, Ting and Kornblith, Simon and Norouzi, Mohammad and Hinton, Geoffrey},
    journal = {International Conference on Machine Learning},
    month = {7},
    pages = {1597--1607},
    title = {{A simple framework for contrastive learning of visual representations}},
    volume = {1},
    year = {2020},
}

@article{Chen2020BigSM,
  title={Big Self-Supervised Models are Strong Semi-Supervised Learners},
  author={Ting Chen and Simon Kornblith and Kevin Swersky and Mohammad Norouzi and Geoffrey E. Hinton},
  journal={ArXiv},
  year={2020},
  volume={abs/2006.10029},
}

@article{caron-2021,
    author = {Caron, Mathilde and Touvron, Hugo and Misra, Ishan and Jegou, Herve and Mairal, Julien and Bojanowski, Piotr and Joulin, Armand},
    journal = {2021 IEEE/CVF International Conference on Computer Vision (ICCV)},
    month = {10},
    title = {{Emerging Properties in Self-Supervised Vision Transformers}},
    year = {2021},
    doi = {10.1109/iccv48922.2021.00951},
}

@article{Goyal2021SelfsupervisedPO,
  title={Self-supervised Pretraining of Visual Features in the Wild},
  author={Priya Goyal and Mathilde Caron and Benjamin Lefaudeux and Min Xu and Pengchao Wang and Vivek Pai and Mannat Singh and Vitaliy Liptchinsky and Ishan Misra and Armand Joulin and Piotr Bojanowski},
  journal={ArXiv},
  year={2021},
  volume={abs/2103.01988},
}

@article{Larsson2017ColorizationAA,
  title={Colorization as a Proxy Task for Visual Understanding},
  author={Gustav Larsson and Michael Maire and Gregory Shakhnarovich},
  journal={2017 IEEE Conference on Computer Vision and Pattern Recognition (CVPR)},
  year={2017},
  pages={840-849},
}

@article{Doersch2015UnsupervisedVR,
  title={Unsupervised Visual Representation Learning by Context Prediction},
  author={Carl Doersch and Abhinav Kumar Gupta and Alexei A. Efros},
  journal={2015 IEEE International Conference on Computer Vision (ICCV)},
  year={2015},
  pages={1422-1430},
}

@article{Iizuka2016LetTB,
  title={Let there be color!},
  author={Satoshi Iizuka and Edgar Simo-Serra and Hiroshi Ishikawa},
  journal={ACM Transactions on Graphics (TOG)},
  year={2016},
  volume={35},
  pages={1 - 11},
}

@book{zhang-2016,
    author = {Zhang, Richard and Isola, Phillip and Efros, Alexei A.},
    booktitle = {Lecture notes in computer science},
    month = {1},
    pages = {649--666},
    title = {{Colorful image colorization}},
    year = {2016},
    doi = {10.1007/978-3-319-46487-9\_40},
    publisher = {Springer, Cham}
}

@inproceedings{ElShimy2022ARO,
  title={A Review of Capsule Networks in Medical Image Analysis},
  author={Heba El-Shimy and Hind Zantout and Michael Adam Lones and Neamat El Gayar},
  booktitle={IAPR International Workshop on Artificial Neural Networks in Pattern Recognition},
  year={2022},
}

@inproceedings{Pathak-2016,
  author={Pathak, Deepak and KrÃ¤henbÃ¼hl, Philipp and Donahue, Jeff and Darrell, Trevor and Efros, Alexei A.},
  booktitle={2016 IEEE Conference on Computer Vision and Pattern Recognition (CVPR)}, 
  title={Context Encoders: Feature Learning by Inpainting}, 
  year={2016},
  volume={},
  number={},
  pages={2536-2544},
  doi={10.1109/CVPR.2016.278}
}


@book{jimenez-sanchez-2018,
    author = {JimÃ©nez-SÃ¡nchez, Amelia and Albarqouni, Shadi and Mateus, Diana},
    booktitle = {Lecture notes in computer science},
    month = {1},
    pages = {150--160},
    title = {{Capsule networks against medical imaging data challenges}},
    year = {2018},
    doi = {10.1007/978-3-030-01364-6\_17},
    publisher = {Springer, Cham}
}

@book{mobiny-2020,
    author = {Mobiny, Aryan and Yuan, Pengyu and Cicalese, Pietro Antonio and Van Nguyen, Hien},
    booktitle = {Lecture notes in computer science},
    month = {1},
    pages = {148--158},
    title = {{DECAPS: Detail-Oriented Capsule Networks}},
    year = {2020},
    doi = {10.1007/978-3-030-59710-8\_15},
    publisher = {Springer, Cham}
}

@book{noroozi-2016,
    author = {Noroozi, Mehdi and Favaro, Paolo},
    booktitle = {Lecture notes in computer science},
    month = {1},
    pages = {69--84},
    title = {{Unsupervised learning of visual representations by solving jigsaw puzzles}},
    year = {2016},
    doi = {10.1007/978-3-319-46466-4\_5},
    publisher = {Springer, Cham}
}


#############################################
# Methodology #
#############################################

@article{sanchez-peralta-2020,
    author = {SÃ¡nchez-Peralta, Luisa F. and Pagador, J. Blas and PicÃ³n, Artzai and CalderÃ³n, \'Angel JosÃ© and Polo, Francisco and Andraka, Nagore and Bilbao, Roberto and Glover, Ben and Saratxaga, Cristina L. and SÃ¡nchez-Margallo, Francisco M.},
    journal = {Applied Sciences},
    month = {11},
    number = {23},
    pages = {8501},
    title = {{PICCOLO White-Light and Narrow-Band Imaging Colonoscopic Dataset: A Performance Comparative of Models and Datasets}},
    volume = {10},
    year = {2020},
    doi = {10.3390/app10238501},
}

@article{nice-2014,
    author = {Hattori, Santa and Iwatate, Mineo and Sano, Wataru and Hasuike, Noriaki and Kosaka, Hidekazu and Ikumoto, Taro and Kotaka, Masahito and Ichiyanagi, Akihiro and Ebisutani, Chikara and Hisano, Yasuko and Fujimori, Takahiro and Sano, Yasushi},
    doi = {10.4253/wjge.v6.i12.600},
    journal = {World Journal of Gastrointestinal Endoscopy},
    language = {en},
    month = dec,
    note = {Publisher: Baishideng Publishing Group Inc.},
    number = {12},
    pages = {600--605},
    title = {Narrow-band imaging observation of colorectal lesions using {NICE} classification to avoid discarding significant lesions},
    urldate = {2023-06-06},
    volume = {6},
    year = {2014},
}

@article{paris-update,
    author = {{Endoscopic Classification Review Group}},
    doi = {10.1055/s-2005-861352},
    issn = {0013-726X},
    journal = {Endoscopy},
    keywords = {Digestive System Neoplasms, Endoscopy, Digestive System, Humans, Intestinal Mucosa, Neoplasm Invasiveness, Neoplasm Staging, Paris},
    language = {eng},
    month = jun,
    number = {6},
    pages = {570--578},
    pmid = {15933932},
    title = {Update on the paris classification of superficial neoplastic lesions in the digestive tract},
    volume = {37},
    year = {2005},
}

@article{Pizer1990ContrastlimitedAH,
  title={Contrast-limited adaptive histogram equalization: speed and effectiveness},
  author={Stephen M. Pizer and R. Eugene Johnston and James P. Ericksen and Bonnie C. Yankaskas and Keith E. Muller},
  journal={[1990] Proceedings of the First Conference on Visualization in Biomedical Computing},
  year={1990},
  pages={337-345},
}

@article{pisano-1998,
    author = {Pisano, Etta D. and Zong, Shuquan and Hemminger, Bradley M. and DeLuca, Marla and Johnston, R. Eugene and Muller, Keith and Braeuning, M. Patricia and Pizer, Stephen M.},
    journal = {Journal of Digital Imaging},
    month = {11},
    number = {4},
    pages = {193--200},
    title = {{Contrast Limited Adaptive Histogram Equalization image processing to improve the detection of simulated spiculations in dense mammograms}},
    volume = {11},
    year = {1998},
    doi = {10.1007/bf03178082},
}

@article{hinton-2018,
    author = {Hinton, Geoffrey E and Sabour, Sara and Frosst, Nicholas},
    journal = {International Conference on Learning Representations},
    month = {2},
    title = {{Matrix capsules with EM routing}},
    year = {2018},
}

@article{sobel,
    author = {Sobel, Irwin and Feldman, Gary},
    year = {1973},
    month = {01},
    pages = {271-272},
    title = {A 3Ã3 isotropic gradient operator for image processing},
    journal = {Pattern Classification and Scene Analysis}
}

@inproceedings{Loshchilov2017DecoupledWD,
  title={Decoupled Weight Decay Regularization},
  author={Ilya Loshchilov and Frank Hutter},
  booktitle={International Conference on Learning Representations},
  year={2017},
}

@article{Loshchilov2016SGDRSG,
  title={SGDR: Stochastic Gradient Descent with Warm Restarts},
  author={Ilya Loshchilov and Frank Hutter},
  journal={arXiv: Learning},
  year={2016},
}

@book{wang-2019,
    author = {Wang, Xintao and Yu, Ke and Wu, Shixiang and Gu, Jinjin and Liu, Yihao and Dong, Chao and Qiao, Yu and Loy, Chen Change},
    booktitle = {Lecture notes in computer science},
    month = {1},
    pages = {63--79},
    title = {{ESRGAN: Enhanced Super-Resolution Generative Adversarial Networks}},
    year = {2019},
    doi = {10.1007/978-3-030-11021-5\_5},
    publisher = {Springer, Cham}
}

@book{johnson-2016,
    author = {Johnson, Justin and Alahi, Alexandre and Fei-Fei, Li},
    booktitle = {Lecture notes in computer science},
    month = {1},
    pages = {694--711},
    title = {{Perceptual losses for Real-Time style transfer and Super-Resolution}},
    year = {2016},
    doi = {10.1007/978-3-319-46475-6\_43},
    publisher = {Springer, Cham}
}


#############################################
# Results & Discussion #
#############################################
