@inproceedings{ai2024multimodal,
    title={Multimodal Prompt Perceiver: Empower Adaptiveness Generalizability and Fidelity for All-in-One Image Restoration},
    author={Ai, Yuang and Huang, Huaibo and Zhou, Xiaoqiang and Wang, Jiexiang and He, Ran},
    booktitle={Proc. IEEE CVPR},
    pages={25432--25444},
    year={2024}
}

@inproceedings{chen2020jstasr,
    title={JSTASR: Joint size and transparency-aware snow removal algorithm based on modified partial convolution and veiling effect removal},
    author={Chen, Wei-Ting and Fang, Hao-Yu and Ding, Jian-Jiun and Tsai, Cheng-Che and Kuo, Sy-Yen},
    booktitle={Proc. ECCV},
    pages={754--770},
    year={2020},
    organization={Springer}
}

@inproceedings{chen2021all,
    title={All snow removed: Single image desnowing algorithm using hierarchical dual-tree complex wavelet representation and contradict channel loss},
    author={Chen, Wei-Ting and Fang, Hao-Yu and Hsieh, Cheng-Lin and Tsai, Cheng-Che and Chen, I and Ding, Jian-Jiun and Kuo, Sy-Yen and others},
    booktitle={Proc. IEEE ICCV},
    pages={4196--4205},
    year={2021}
}

@inproceedings{chen2021pre,
    title={Pre-trained image processing transformer},
    author={Chen, Hanting and Wang, Yunhe and Guo, Tianyu and Xu, Chang and Deng, Yiping and Liu, Zhenhua and Ma, Siwei and Xu, Chunjing and Xu, Chao and Gao, Wen},
    booktitle={Proc. IEEE CVPR},
    pages={12299--12310},
    year={2021}
}

@article{chen2024dea,
    title={DEA-Net: Single image dehazing based on detail-enhanced convolution and content-guided attention},
    author={Chen, Zixuan and He, Zewei and Lu, Zhe-Ming},
    journal={IEEE Trans. Image Process.},
    year={2024},
    publisher={IEEE}
}

@article{fang2024taenet,
    title={TAENet: transencoder-based all-in-one image enhancement with depth awareness},
    author={Fang, Wanchuan and Wang, Chuansheng and Li, Zuoyong and Grau, Antoni and Lai, Taotao and Chen, Jianzhang},
    journal={Appl. Intell.},
    pages={1--22},
    year={2024},
    publisher={Springer}
}

@article{fattal2014dehazing,
    title={Dehazing using color-lines},
    author={Fattal, Raanan},
    journal={ACM Trans. Graphics},
    volume={34},
    number={1},
    pages={1--14},
    year={2014},
    publisher={ACM New York}
}

@inproceedings{fu2014retinex,
    title={A retinex-based enhancing approach for single underwater image},
    author={Fu, Xueyang and Zhuang, Peixian and Huang, Yue and Liao, Yinghao and Zhang, Xiao-Ping and Ding, Xinghao},
    booktitle={Proc. IEEE ICIP},
    pages={4572--4576},
    year={2014}
}

@article{fu2017clearing,
    title={Clearing the skies: A deep network architecture for single-image rain removal},
    author={Fu, Xueyang and Huang, Jiabin and Ding, Xinghao and Liao, Yinghao and Paisley, John},
    journal={IEEE Trans. Image Process.},
    volume={26},
    number={6},
    pages={2944--2956},
    year={2017},
    publisher={IEEE}
}

@article{gao2024prompt,
    title={Prompt-based Ingredient-Oriented All-in-One Image Restoration},
    author={Gao, Hu and Yang, Jing and Zhang, Ying and Wang, Ning and Yang, Jingfan and Dang, Depeng},
    journal={IEEE Trans. Circuits Syst. Video Technol.},
    year={2024},
    publisher={IEEE}
}

@article{gou2020clearer,
    title={Clearer: Multi-scale neural architecture search for image restoration},
    author={Gou, Yuanbiao and Li, Boyun and Liu, Zitao and Yang, Songfan and Peng, Xi},
    journal={NeurIPS},
    volume={33},
    pages={17129--17140},
    year={2020}
}

@article{he2010single,
    title={Single image haze removal using dark channel prior},
    author={He, Kaiming and Sun, Jian and Tang, Xiaoou},
    journal={IEEE Trans. Pattern Anal. Mach. Intell.},
    volume={33},
    number={12},
    pages={2341--2353},
    year={2010},
    month={Sep.},
    publisher={IEEE}
}

@article{kandhway2023adaptive,
    title={An adaptive low-light image enhancement using canonical correlation analysis},
    author={Kandhway, Pankaj},
    journal={IEEE Trans. Ind. Inf.},
    year={2023},
    publisher={IEEE}
}

@inproceedings{li2020all,
    title={All in one bad weather removal using architectural search},
    author={Li, Ruoteng and Tan, Robby T and Cheong, Loong-Fah},
    booktitle={Proc. IEEE CVPR},
    pages={3175--3185},
    year={2020}
}

@inproceedings{li2022all,
    title={All-in-one image restoration for unknown corruption},
    author={Li, Boyun and Liu, Xiao and Hu, Peng and Wu, Zhongqin and Lv, Jiancheng and Peng, Xi},
    booktitle={Proc. IEEE CVPR},
    pages={17452--17462},
    year={2022}
}

@article{liu2018desnownet,
    title={Desnownet: Context-aware deep network for snow removal},
    author={Liu, Yun-Fu and Jaw, Da-Wei and Huang, Shih-Chia and Hwang, Jenq-Neng},
    journal={IEEE Trans. Image Process.},
    volume={27},
    number={6},
    pages={3064--3073},
    year={2018},
    publisher={IEEE}
}

@article{liu2022rank,
    title={Rank-one prior: Real-time scene recovery},
    author={Liu, Jun and Liu, Ryan Wen and Sun, Jianing and Zeng, Tieyong},
    journal={IEEE Trans. Pattern Anal. Mach. Intell.},
    volume={45},
    number={7},
    pages={8845--8860},
    year={2022},
    publisher={IEEE}
}

@article{liu2024dfp,
  title={DFP-Net: An unsupervised dual-branch frequency-domain processing framework for single image dehazing},
  author={Liu, Jianlei and Wang, Shilong and Chen, Chen and Hou, Qianwen},
  journal={Eng. Appl. Artif. Intell.},
  volume={136},
  pages={109012},
  year={2024},
  publisher={Elsevier}
}

@article{liu2024real,
    title={Real-Time Multi-Scene Visibility Enhancement for Promoting Navigational Safety of Vessels Under Complex Weather Conditions},
    author={Liu, Ryan Wen and Lu, Yuxu and Gao, Yuan and Guo, Yu and Ren, Wenqi and Zhu, Fenghua and Wang, Fei-Yue},
    journal={IEEE Trans. Intell. Transp. Syst.},
    year={2024},
    publisher={IEEE}
}

@inproceedings{patil2023multi,
    title={Multi-weather image restoration via domain translation},
    author={Patil, Prashant W and Gupta, Sunil and Rana, Santu and Venkatesh, Svetha and Murala, Subrahmanyam},
    booktitle={Proc. IEEE ICCV},
    pages={21696--21705},
    year={2023}
}

@article{quan2023image,
    title={Image desnowing via deep invertible separation},
    author={Quan, Yuhui and Tan, Xiaoheng and Huang, Yan and Xu, Yong and Ji, Hui},
    journal={IEEE Trans. Circuits Syst. Video Technol.},
    volume={33},
    number={7},
    pages={3133--3144},
    year={2023},
    publisher={IEEE}
}

@article{wang2017hierarchical,
    title={A hierarchical approach for rain or snow removing in a single color image},
    author={Wang, Yinglong and Liu, Shuaicheng and Chen, Chen and Zeng, Bing},
    journal={IEEE Trans. Image Process.},
    volume={26},
    number={8},
    pages={3936--3950},
    year={2017},
    publisher={IEEE}
}

@inproceedings{wang2022uformer,
    title={Uformer: A general u-shaped transformer for image restoration},
    author={Wang, Zhendong and Cun, Xiaodong and Bao, Jianmin and Zhou, Wengang and Liu, Jianzhuang and Li, Houqiang},
    booktitle={Proc. IEEE CVPR},
    pages={17683--17693},
    year={2022}
}

@inproceedings{xu2012removing,
    title={Removing rain and snow in a single image using guided filter},
    author={Xu, Jing and Zhao, Wei and Liu, Peng and Tang, Xianglong},
    booktitle={Proc. IEEE CSAE},
    pages={304--307},
    year={2012}
}

@article{xu2024mvksr,
    title={MvKSR: Multi-view Knowledge-guided Scene Recovery for Hazy and Rainy Degradation},
    author={Xu, Wenyu and Yang, Dong and Gao, Yuan and Lu, Yuxu and Zhang, Jingming and Guo, Yu},
    journal={IEEE Trans. Instrum. Meas.},
    year={2024},
    publisher={IEEE}
}

@article{yang2022rain,
    title={Rain-component-aware capsule-GAN for single image de-raining},
    author={Yang, Fei and Ren, Jianfeng and Lu, Zheng and Zhang, Jialu and Zhang, Qian},
    journal={Pattern Recognit.},
    volume={123},
    pages={108377},
    year={2022},
    publisher={Elsevier}
}

@article{yang2024single,
    title={Single image deraining using scale constraint iterative update network},
    author={Yang, Yitong and Zhang, Yongjun and Cui, Zhongwei and Zhao, Haoliang and Ouyang, Ting},
    journal={Expert Syst. Appl.},
    volume={236},
    pages={121339},
    year={2024},
    publisher={Elsevier}
}

@inproceedings{ye2024learning,
    title={Learning Diffusion Texture Priors for Image Restoration},
    author={Ye, Tian and Chen, Sixiang and Chai, Wenhao and Xing, Zhaohu and Qin, Jing and Lin, Ge and Zhu, Lei},
    booktitle={Proc. IEEE CVPR},
    pages={2524--2534},
    year={2024}
}

@inproceedings{zamir2021multi,
    title={Multi-stage progressive image restoration},
    author={Zamir, Syed Waqas and Arora, Aditya and Khan, Salman and Hayat, Munawar and Khan, Fahad Shahbaz and Yang, Ming-Hsuan and Shao, Ling},
    booktitle={Proc. IEEE CVPR},
    pages={14821--14831},
    year={2021}
}

@article{zhang2021deep,
    title={Deep dense multi-scale network for snow removal using semantic and depth priors},
    author={Zhang, Kaihao and Li, Rongqing and Yu, Yanjiang and Luo, Wenhan and Li, Changsheng},
    journal={IEEE Trans. Image Process.},
    volume={30},
    pages={7419--7431},
    year={2021},
    publisher={IEEE}
}

@article{zhao2024cycle,
    title={Cycle contrastive adversarial learning with structural consistency for unsupervised high-quality image deraining transformer},
    author={Zhao, Chen and Cai, Weiling and Hu, Chengwei and Yuan, Zheng},
    journal={Neural Networks},
    pages={106428},
    year={2024},
    publisher={Elsevier}
}

@article{zhu2023spectral,
    title={Spectral Dual-Channel Encoding for Image Dehazing},
    author={Zhu, Zhanchen and Zhang, Daokun and Wang, Zhikang and Feng, Siyuan and Duan, Peibo},
    journal={IEEE Trans. Circuits Syst. Video Technol.},
    year={2023},
    publisher={IEEE}
}

