@article{wan2022edge,
  title={Edge computing enabled video segmentation for real-time traffic monitoring in internet of vehicles},
  author={Wan, Shaohua and Ding, Songtao and Chen, Chen},
  journal={Pattern Recognit.},
  volume={121},
  pages={108146},
  year={2022},
  publisher={Elsevier}
}

@article{liu2023aioenet,
    title={AiOENet: All-in-one low-visibility enhancement to improve visual perception for intelligent marine vehicles under severe weather conditions},
    author={Liu, Ryan Wen and Lu, Yuxu and Guo, Yu and Ren, Wenqi and Zhu, Fenghua and Lv, Yisheng},
    journal={IEEE Trans. Intell. Veh.},
    year={2023},
    publisher={IEEE}
}

@article{husain2020vehicle,
    title={Vehicle detection in intelligent transport system under a hazy environment: a survey},
    author={Husain, Agha Asim and Maity, Tanmoy and Yadav, Ravindra Kumar},
    journal={IET Image Proc.},
    volume={14},
    number={1},
    pages={1--10},
    year={2020},
    publisher={Wiley Online Library}
}

@article{he2010single,
    title={Single image haze removal using dark channel prior},
    author={He, Kaiming and Sun, Jian and Tang, Xiaoou},
    journal={IEEE Trans. Pattern Anal. Mach. Intell.},
    volume={33},
    number={12},
    pages={2341--2353},
    year={2010},
    month={Sep.},
    publisher={IEEE}
}

@inproceedings{fu2014retinex,
    title={A retinex-based enhancing approach for single underwater image},
    author={Fu, Xueyang and Zhuang, Peixian and Huang, Yue and Liao, Yinghao and Zhang, Xiao-Ping and Ding, Xinghao},
    booktitle={Proc. IEEE ICIP},
    pages={4572--4576},
    year={2014}
}

@inproceedings{ren2016single,
    title={Single image dehazing via multi-scale convolutional neural networks},
    author={Ren, Wenqi and Liu, Si and Zhang, Hua and Pan, Jinshan and Cao, Xiaochun and Yang, Ming-Hsuan},
    booktitle={Proc. ECCV},
    pages={154--169},
    year={2016}
}

@inproceedings{guo2023scanet,
    title={SCANet: Self-paced semi-curricular attention network for non-homogeneous image dehazing},
    author={Guo, Yu and Gao, Yuan and Liu, Wen and Lu, Yuxu and Qu, Jingxiang and He, Shengfeng and Ren, Wenqi},
    booktitle={Proc. IEEE CVPRW},
    pages={1884--1893},
    year={2023}
}

@inproceedings{qin2020ffa,
    title={FFA-Net: Feature fusion attention network for single image dehazing},
    author={Qin, Xu and Wang, Zhilin and Bai, Yuanchao and Xie, Xiaodong and Jia, Huizhu},
    booktitle={Proc. AAAI},
    pages={11908--11915},
    year={2020}
}

@inproceedings{li2017aod,
    title={Aod-net: All-in-one dehazing network},
    author={Li, Boyi and Peng, Xiulian and Wang, Zhangyang and Xu, Jizheng and Feng, Dan},
    booktitle={Proc. IEEE ICCV},
    pages={4770--4778},
    year={2017}
}

@inproceedings{wu2021contrastive,
    title={Contrastive learning for compact single image dehazing},
    author={Wu, Haiyan and Qu, Yanyun and Lin, Shaohui and Zhou, Jian and Qiao, Ruizhi and Zhang, Zhizhong and Xie, Yuan and Ma, Lizhuang},
    booktitle={Proc. IEEE CVPR},
    pages={10551--10560},
    year={2021}
}

@article{zhang2014vsi,
    title={VSI: A visual saliency-induced index for perceptual image quality assessment},
    author={Zhang, Lin and Shen, Ying and Li, Hongyu},
    journal={IEEE Trans. Image Process.},
    volume={23},
    number={10},
    pages={4270--4281},
    year={2014},
    month={Aug.},
    publisher={IEEE}
}

@article{wang2004image,
    title={Image quality assessment: from error visibility to structural similarity},
    author={Wang, Zhou and Bovik, Alan C and Sheikh, Hamid R and Simoncelli, Eero P},
    journal={IEEE Trans. Image Process.},
    volume={13},
    number={4},
    pages={600--612},
    year={2004},
    month={Apr.},
    publisher={IEEE}
}

@article{cai2016dehazenet,
    title={Dehazenet: An end-to-end system for single image haze removal},
    author={Cai, Bolun and Xu, Xiangmin and Jia, Kui and Qing, Chunmei and Tao, Dacheng},
    journal={IEEE Trans. Image Process.},
    volume={25},
    number={11},
    pages={5187--5198},
    year={2016},
    publisher={IEEE}
}

@article{fattal2014dehazing,
    title={Dehazing using color-lines},
    author={Fattal, Raanan},
    journal={ACM Trans. Graphics},
    volume={34},
    number={1},
    pages={1--14},
    year={2014},
    publisher={ACM New York}
}

@article{kandhway2023adaptive,
    title={An adaptive low-light image enhancement using canonical correlation analysis},
    author={Kandhway, Pankaj},
    journal={IEEE Trans. Ind. Inf.},
    year={2023},
    publisher={IEEE}
}

@inproceedings{liu2019griddehazenet,
    title={Griddehazenet: Attention-based multi-scale network for image dehazing},
    author={Liu, Xiaohong and Ma, Yongrui and Shi, Zhihao and Chen, Jun},
    booktitle={Proc. IEEE CVPR},
    pages={7314--7323},
    year={2019}
}

@article{liu2024dfp,
  title={DFP-Net: An unsupervised dual-branch frequency-domain processing framework for single image dehazing},
  author={Liu, Jianlei and Wang, Shilong and Chen, Chen and Hou, Qianwen},
  journal={Eng. Appl. Artif. Intell.},
  volume={136},
  pages={109012},
  year={2024},
  publisher={Elsevier}
}

@article{chen2024dea,
    title={DEA-Net: Single image dehazing based on detail-enhanced convolution and content-guided attention},
    author={Chen, Zixuan and He, Zewei and Lu, Zhe-Ming},
    journal={IEEE Trans. Image Process.},
    year={2024},
    publisher={IEEE}
}

@article{zhu2023spectral,
    title={Spectral Dual-Channel Encoding for Image Dehazing},
    author={Zhu, Zhanchen and Zhang, Daokun and Wang, Zhikang and Feng, Siyuan and Duan, Peibo},
    journal={IEEE Trans. Circuits Syst. Video Technol.},
    year={2023},
    publisher={IEEE}
}

@article{fu2017clearing,
    title={Clearing the skies: A deep network architecture for single-image rain removal},
    author={Fu, Xueyang and Huang, Jiabin and Ding, Xinghao and Liao, Yinghao and Paisley, John},
    journal={IEEE Trans. Image Process.},
    volume={26},
    number={6},
    pages={2944--2956},
    year={2017},
    publisher={IEEE}
}

@article{liu2018desnownet,
    title={Desnownet: Context-aware deep network for snow removal},
    author={Liu, Yun-Fu and Jaw, Da-Wei and Huang, Shih-Chia and Hwang, Jenq-Neng},
    journal={IEEE Trans. Image Process.},
    volume={27},
    number={6},
    pages={3064--3073},
    year={2018},
    publisher={IEEE}
}

@article{quan2023image,
    title={Image desnowing via deep invertible separation},
    author={Quan, Yuhui and Tan, Xiaoheng and Huang, Yan and Xu, Yong and Ji, Hui},
    journal={IEEE Trans. Circuits Syst. Video Technol.},
    volume={33},
    number={7},
    pages={3133--3144},
    year={2023},
    publisher={IEEE}
}

@article{wang2017hierarchical,
    title={A hierarchical approach for rain or snow removing in a single color image},
    author={Wang, Yinglong and Liu, Shuaicheng and Chen, Chen and Zeng, Bing},
    journal={IEEE Trans. Image Process.},
    volume={26},
    number={8},
    pages={3936--3950},
    year={2017},
    publisher={IEEE}
}

@inproceedings{xu2012removing,
    title={Removing rain and snow in a single image using guided filter},
    author={Xu, Jing and Zhao, Wei and Liu, Peng and Tang, Xianglong},
    booktitle={Proc. IEEE CSAE},
    pages={304--307},
    year={2012}
}

@article{yang2024single,
    title={Single image deraining using scale constraint iterative update network},
    author={Yang, Yitong and Zhang, Yongjun and Cui, Zhongwei and Zhao, Haoliang and Ouyang, Ting},
    journal={Expert Syst. Appl.},
    volume={236},
    pages={121339},
    year={2024},
    publisher={Elsevier}
}

@article{zhang2021deep,
    title={Deep dense multi-scale network for snow removal using semantic and depth priors},
    author={Zhang, Kaihao and Li, Rongqing and Yu, Yanjiang and Luo, Wenhan and Li, Changsheng},
    journal={IEEE Trans. Image Process.},
    volume={30},
    pages={7419--7431},
    year={2021},
    publisher={IEEE}
}

@article{zhao2024cycle,
    title={Cycle contrastive adversarial learning with structural consistency for unsupervised high-quality image deraining transformer},
    author={Zhao, Chen and Cai, Weiling and Hu, Chengwei and Yuan, Zheng},
    journal={Neural Networks},
    pages={106428},
    year={2024},
    publisher={Elsevier}
}

@inproceedings{chen2021pre,
    title={Pre-trained image processing transformer},
    author={Chen, Hanting and Wang, Yunhe and Guo, Tianyu and Xu, Chang and Deng, Yiping and Liu, Zhenhua and Ma, Siwei and Xu, Chunjing and Xu, Chao and Gao, Wen},
    booktitle={Proc. IEEE CVPR},
    pages={12299--12310},
    year={2021}
}

@article{fang2024taenet,
    title={TAENet: transencoder-based all-in-one image enhancement with depth awareness},
    author={Fang, Wanchuan and Wang, Chuansheng and Li, Zuoyong and Grau, Antoni and Lai, Taotao and Chen, Jianzhang},
    journal={Appl. Intell.},
    pages={1--22},
    year={2024},
    publisher={Springer}
}

@article{li2018benchmarking,
    title={Benchmarking single-image dehazing and beyond},
    author={Li, Boyi and Ren, Wenqi and Fu, Dengpan and Tao, Dacheng and Feng, Dan and Zeng, Wenjun and Wang, Zhangyang},
    journal={IEEE Trans. Image Process.},
    volume={28},
    number={1},
    pages={492--505},
    year={2018},
    publisher={IEEE}
}

@article{song2023vision,
    title={Vision transformers for single image dehazing},
    author={Song, Yuda and He, Zhuqing and Qian, Hui and Du, Xin},
    journal={IEEE Trans. Image Process.},
    volume={32},
    pages={1927--1941},
    year={2023},
    publisher={IEEE}
}

@article{yang2019joint,
    title={Joint rain detection and removal from a single image with contextualized deep networks},
    author={Yang, Wenhan and Tan, Robby T and Feng, Jiashi and Guo, Zongming and Yan, Shuicheng and Liu, Jiaying},
    journal={IEEE Trans. Pattern Anal. Mach. Intell.},
    volume={42},
    number={6},
    pages={1377--1393},
    year={2019},
    publisher={IEEE}
}

@inproceedings{chen2021all,
    title={All snow removed: Single image desnowing algorithm using hierarchical dual-tree complex wavelet representation and contradict channel loss},
    author={Chen, Wei-Ting and Fang, Hao-Yu and Hsieh, Cheng-Lin and Tsai, Cheng-Che and Chen, I and Ding, Jian-Jiun and Kuo, Sy-Yen and others},
    booktitle={Proc. IEEE ICCV},
    pages={4196--4205},
    year={2021}
}

@inproceedings{guo2024onerestore,
    title={OneRestore: A Universal Restoration Framework for Composite Degradation},
    author={Guo, Yu and Gao, Yuan and Lu, Yuxu and Liu, Ryan Wen and He, Shengfeng},
    booktitle={Proc. ECCV},
    pages={0--1},
    year={2024}
}

@article{gao2024prompt,
    title={Prompt-based Ingredient-Oriented All-in-One Image Restoration},
    author={Gao, Hu and Yang, Jing and Zhang, Ying and Wang, Ning and Yang, Jingfan and Dang, Depeng},
    journal={IEEE Trans. Circuits Syst. Video Technol.},
    year={2024},
    publisher={IEEE}
}

@article{gao2023frequency,
    title={Frequency-oriented efficient transformer for all-in-one weather-degraded image restoration},
    author={Gao, Tao and Wen, Yuanbo and Zhang, Kaihao and Zhang, Jing and Chen, Ting and Liu, Lidong and Luo, Wenhan},
    journal={IEEE Trans. Circuits Syst. Video Technol.},
    year={2023},
    publisher={IEEE}
}

@article{gou2020clearer,
    title={Clearer: Multi-scale neural architecture search for image restoration},
    author={Gou, Yuanbiao and Li, Boyun and Liu, Zitao and Yang, Songfan and Peng, Xi},
    journal={NeurIPS},
    volume={33},
    pages={17129--17140},
    year={2020}
}

@inproceedings{li2022all,
    title={All-in-one image restoration for unknown corruption},
    author={Li, Boyun and Liu, Xiao and Hu, Peng and Wu, Zhongqin and Lv, Jiancheng and Peng, Xi},
    booktitle={Proc. IEEE CVPR},
    pages={17452--17462},
    year={2022}
}

@inproceedings{li2020all,
    title={All in one bad weather removal using architectural search},
    author={Li, Ruoteng and Tan, Robby T and Cheong, Loong-Fah},
    booktitle={Proc. IEEE CVPR},
    pages={3175--3185},
    year={2020}
}

@inproceedings{liang2022drt,
    title={Drt: A lightweight single image deraining recursive transformer},
    author={Liang, Yuanchu and Anwar, Saeed and Liu, Yang},
    booktitle={Proc. IEEE CVPR},
    pages={589--598},
    year={2022}
}

@inproceedings{tu2022maxim,
    title={Maxim: Multi-axis mlp for image processing},
    author={Tu, Zhengzhong and Talebi, Hossein and Zhang, Han and Yang, Feng and Milanfar, Peyman and Bovik, Alan and Li, Yinxiao},
    booktitle={Proc. IEEE CVPR},
    pages={5769--5780},
    year={2022}
}

@inproceedings{valanarasu2022transweather,
    title={Transweather: Transformer-based restoration of images degraded by adverse weather conditions},
    author={Valanarasu, Jeya Maria Jose and Yasarla, Rajeev and Patel, Vishal M},
    booktitle={Proc. IEEE CVPR},
    pages={2353--2363},
    year={2022}
}

@inproceedings{wang2022uformer,
    title={Uformer: A general u-shaped transformer for image restoration},
    author={Wang, Zhendong and Cun, Xiaodong and Bao, Jianmin and Zhou, Wengang and Liu, Jianzhuang and Li, Houqiang},
    booktitle={Proc. IEEE CVPR},
    pages={17683--17693},
    year={2022}
}

@inproceedings{zamir2021multi,
    title={Multi-stage progressive image restoration},
    author={Zamir, Syed Waqas and Arora, Aditya and Khan, Salman and Hayat, Munawar and Khan, Fahad Shahbaz and Yang, Ming-Hsuan and Shao, Ling},
    booktitle={Proc. IEEE CVPR},
    pages={14821--14831},
    year={2021}
}

@inproceedings{fu2017removing,
	title={Removing rain from single images via a deep detail network},
	author={Fu, Xueyang and Huang, Jiabin and Zeng, Delu and Huang, Yue and Ding, Xinghao and Paisley, John},
	booktitle={Proc. IEEE CVPR},
	pages={3855--3863},
	year={2017}
}

@inproceedings{zhang2018density,
	title={Density-aware single image de-raining using a multi-stream dense network},
	author={Zhang, He and Patel, Vishal M},
	booktitle={Proc. IEEE CVPR},
	pages={695--704},
	year={2018}
}

@inproceedings{zhu2023learning,
    title={Learning weather-general and weather-specific features for image restoration under multiple adverse weather conditions},
    author={Zhu, Yurui and Wang, Tianyu and Fu, Xueyang and Yang, Xuanyu and Guo, Xin and Dai, Jifeng and Qiao, Yu and Hu, Xiaowei},
    booktitle={Proc. IEEE CVPR},
    pages={21747--21758},
    year={2023}
}

@article{xu2024mvksr,
    title={MvKSR: Multi-view Knowledge-guided Scene Recovery for Hazy and Rainy Degradation},
    author={Xu, Wenyu and Yang, Dong and Gao, Yuan and Lu, Yuxu and Zhang, Jingming and Guo, Yu},
    journal={IEEE Trans. Instrum. Meas.},
    year={2024},
    publisher={IEEE}
}

@article{fu2019lightweight,
	title={Lightweight pyramid networks for image deraining},
	author={Fu, Xueyang and Liang, Borong and Huang, Yue and Ding, Xinghao and Paisley, John},
	journal={IEEE Trans. Neur. Net. Lear.},
	volume={31},
	number={6},
	pages={1794--1807},
	year={2019},
	month={Jul.},
	publisher={IEEE}
}

@inproceedings{ran2020single,
	title={Single image rain removal boosting via directional gradient},
	author={Ran, Wu and Yang, Youzhao and Lu, Hong},
	booktitle={Proc. IEEE ICME},
	pages={1--6},
	year={2020}
}

@article{yu2021single,
    title={Single image deraining with continuous rain density estimation},
    author={Yu, Lei and Wang, Bishan and He, Jingwei and Xia, Gui-Song and Yang, Wen},
    journal={IEEE Trans. Multimedia},
    volume={25},
    pages={443--456},
    year={2021},
    month={Nov.},
    publisher={IEEE}
}

@article{chen2022snowformer,
    title={SnowFormer: Scale-aware Transformer via Context Interaction for Single Image Desnowing},
    author={Chen, Sixiang and Ye, Tian and Liu, Yun and Chen, Erkang and Shi, Jun and Zhou, Jingchun},
    journal={arXiv preprint arXiv:2208.09703},
    year={2022},
    month={Aug.}
}

@inproceedings{kulkarni2023unified,
    title={Unified transformer network for multi-weather image restoration},
    author={Kulkarni, Ashutosh and Phutke, Shruti S and Murala, Subrahmanyam},
    booktitle={Proc. ECCV},
    pages={344--360},
    year={2023},
    organization={Springer}
}

@inproceedings{cui2023focal,
	title={Focal network for image restoration},
	author={Cui, Yuning and Ren, Wenqi and Cao, Xiaochun and Knoll, Alois},
	booktitle={Proc. IEEE CVPR},
	pages={13001--13011},
	year={2023}
}

@inproceedings{zamir2020learning,
	title={Learning enriched features for real image restoration and enhancement},
	author={Zamir, Syed Waqas and Arora, Aditya and Khan, Salman and Hayat, Munawar and Khan, Fahad Shahbaz and Yang, Ming-Hsuan and Shao, Ling},
	booktitle={Proc. ECCV},
	pages={492--511},
	year={2020}
}

@article{ozdenizci2023restoring,
	title={Restoring vision in adverse weather conditions with patch-based denoising diffusion models},
	author={{\"O}zdenizci, Ozan and Legenstein, Robert},
	journal={IEEE Trans. Pattern Anal. Mach. Intell.},
	year={2023},
	month={Jan.},
	publisher={IEEE}
}

@inproceedings{ai2024multimodal,
    title={Multimodal Prompt Perceiver: Empower Adaptiveness Generalizability and Fidelity for All-in-One Image Restoration},
    author={Ai, Yuang and Huang, Huaibo and Zhou, Xiaoqiang and Wang, Jiexiang and He, Ran},
    booktitle={Proc. IEEE CVPR},
    pages={25432--25444},
    year={2024}
}

@article{zhang2011fsim,
	title={FSIM: A feature similarity index for image quality assessment},
	author={Zhang, Lin and Zhang, Lei and Mou, Xuanqin and Zhang, David},
	journal={IEEE Trans. Image Process.},
	volume={20},
	number={8},
	pages={2378--2386},
	year={2011},
	month={Jan.},
	publisher={IEEE}
}

@article{mittal2012making,
	title={Making a “completely blind” image quality analyzer},
	author={Mittal, Anish and Soundararajan, Rajiv and Bovik, Alan C},
	journal={IEEE Signal Proc. Let.},
	volume={20},
	number={3},
	pages={209--212},
	year={2012},
	publisher={IEEE}
}

@inproceedings{venkatanath2015blind,
	title={Blind image quality evaluation using perception based features},
	author={Venkatanath, N and Praneeth, D and Bh, Maruthi Chandrasekhar and Channappayya, Sumohana S and Medasani, Swarup S},
	booktitle={Proc. NCC},
	pages={1--6},
	year={2015}
}

@article{he2012guided,
    title={Guided image filtering},
    author={He, Kaiming and Sun, Jian and Tang, Xiaoou},
    journal={IEEE Trans. Pattern Anal. Mach. Intell.},
    volume={35},
    number={6},
    pages={1397--1409},
    year={2012},
    publisher={IEEE}
}

@inproceedings{chen2020jstasr,
    title={JSTASR: Joint size and transparency-aware snow removal algorithm based on modified partial convolution and veiling effect removal},
    author={Chen, Wei-Ting and Fang, Hao-Yu and Ding, Jian-Jiun and Tsai, Cheng-Che and Kuo, Sy-Yen},
    booktitle={Proc. ECCV},
    pages={754--770},
    year={2020},
    organization={Springer}
}

@inproceedings{li2018megadepth,
    title={Megadepth: Learning single-view depth prediction from internet photos},
    author={Li, Zhengqi and Snavely, Noah},
    booktitle={Proc. IEEE CVPR},
    pages={2041--2050},
    year={2018}
}

@inproceedings{li2019heavy,
    title={Heavy rain image restoration: Integrating physics model and conditional adversarial learning},
    author={Li, Ruoteng and Cheong, Loong-Fah and Tan, Robby T},
    booktitle={Proc. IEEE CVPR},
    pages={1633--1642},
    year={2019}
}

@article{guo2020joint,
    title={Joint raindrop and haze removal from a single image},
    author={Guo, Yina and Chen, Jianguo and Ren, Xiaowen and Wang, Anhong and Wang, Wenwu},
    journal={IEEE Trans. Image Process.},
    volume={29},
    pages={9508--9519},
    year={2020},
    publisher={IEEE}
}

@inproceedings{lin2024improving,
    title={Improving image restoration through removing degradations in textual representations},
    author={Lin, Jingbo and Zhang, Zhilu and Wei, Yuxiang and Ren, Dongwei and Jiang, Dongsheng and Tian, Qi and Zuo, Wangmeng},
    booktitle={Proc. IEEE CVPR},
    pages={2866--2878},
    year={2024}
}

@inproceedings{ye2024learning,
    title={Learning Diffusion Texture Priors for Image Restoration},
    author={Ye, Tian and Chen, Sixiang and Chai, Wenhao and Xing, Zhaohu and Qin, Jing and Lin, Ge and Zhu, Lei},
    booktitle={Proc. IEEE CVPR},
    pages={2524--2534},
    year={2024}
}

@article{cheng2023highway,
    title={A highway traffic image enhancement algorithm based on improved GAN in complex weather conditions},
    author={Cheng, Xin and Zhou, Jingmei and Song, Jiachun and Zhao, Xiangmo},
    journal={IEEE Trans. Intell. Transp. Syst.},
    volume={24},
    number={8},
    pages={8716--8726},
    year={2023},
    publisher={IEEE}
}

@article{zhang2023data,
    title={Data-driven single image deraining: A comprehensive review and new perspectives},
    author={Zhang, Zhao and Wei, Yanyan and Zhang, Haijun and Yang, Yi and Yan, Shuicheng and Wang, Meng},
    journal={Pattern Recognit.},
    volume={143},
    pages={109740},
    year={2023},
    publisher={Elsevier}
}

@inproceedings{fu2021rain,
	title={Rain streak removal via dual graph convolutional network},
	author={Fu, Xueyang and Qi, Qi and Zha, Zheng-Jun and Zhu, Yurui and Ding, Xinghao},
	booktitle={Proc. AAAI},
	pages={1352--1360},
	year={2021}
}

@article{zhang2023kbnet,
    title={Kbnet: Kernel basis network for image restoration},
    author={Zhang, Yi and Li, Dasong and Shi, Xiaoyu and He, Dailan and Song, Kangning and Wang, Xiaogang and Qin, Hongwei and Li, Hongsheng},
    journal={arXiv preprint arXiv:2303.02881},
    year={2023}
}

@inproceedings{liu2022tape,
    title={Tape: Task-agnostic prior embedding for image restoration},
    author={Liu, Lin and Xie, Lingxi and Zhang, Xiaopeng and Yuan, Shanxin and Chen, Xiangyu and Zhou, Wengang and Li, Houqiang and Tian, Qi},
    booktitle={Proc. ECCV},
    pages={447--464},
    year={2022},
    organization={Springer}
}

@article{yang2022rain,
    title={Rain-component-aware capsule-GAN for single image de-raining},
    author={Yang, Fei and Ren, Jianfeng and Lu, Zheng and Zhang, Jialu and Zhang, Qian},
    journal={Pattern Recognit.},
    volume={123},
    pages={108377},
    year={2022},
    publisher={Elsevier}
}

@software{Jocher_Ultralytics_YOLO_2023,
    author = {Jocher, Glenn and Chaurasia, Ayush and Qiu, Jing},
    license = {AGPL-3.0},
    month = jan,
    title = {{Ultralytics YOLO}},
    url = {https://github.com/ultralytics/ultralytics},
    version = {8.0.0},
    year = {2023}
}

@article{liu2022rank,
    title={Rank-one prior: Real-time scene recovery},
    author={Liu, Jun and Liu, Ryan Wen and Sun, Jianing and Zeng, Tieyong},
    journal={IEEE Trans. Pattern Anal. Mach. Intell.},
    volume={45},
    number={7},
    pages={8845--8860},
    year={2022},
    publisher={IEEE}
}

@article{zamir2022learning,
    title={Learning enriched features for fast image restoration and enhancement},
    author={Zamir, Syed Waqas and Arora, Aditya and Khan, Salman and Hayat, Munawar and Khan, Fahad Shahbaz and Yang, Ming-Hsuan and Shao, Ling},
    journal={IEEE Trans. Pattern Anal. Mach. Intell.},
    volume={45},
    number={2},
    pages={1934--1948},
    year={2022},
    publisher={IEEE}
}

@article{wang2024yolov10,
    title={Yolov10: Real-time end-to-end object detection},
    author={Wang, Ao and Chen, Hui and Liu, Lihao and Chen, Kai and Lin, Zijia and Han, Jungong and Ding, Guiguang},
    journal={arXiv preprint arXiv:2405.14458},
    year={2024}
}

@article{liu2024real,
    title={Real-Time Multi-Scene Visibility Enhancement for Promoting Navigational Safety of Vessels Under Complex Weather Conditions},
    author={Liu, Ryan Wen and Lu, Yuxu and Gao, Yuan and Guo, Yu and Ren, Wenqi and Zhu, Fenghua and Wang, Fei-Yue},
    journal={IEEE Trans. Intell. Transp. Syst.},
    year={2024},
    publisher={IEEE}
}

@inproceedings{patil2023multi,
    title={Multi-weather image restoration via domain translation},
    author={Patil, Prashant W and Gupta, Sunil and Rana, Santu and Venkatesh, Svetha and Murala, Subrahmanyam},
    booktitle={Proc. IEEE ICCV},
    pages={21696--21705},
    year={2023}
}

@article{liu2024residual,
    title={Residual Deformable Convolution for better image de-weathering},
    author={Liu, Huikai and Zhang, Ao and Zhu, Wenqian and Fu, Bin and Ding, Bingjian and Xiong, Shengwu},
    journal={Pattern Recognit.},
    volume={147},
    pages={110093},
    year={2024},
    publisher={Elsevier}
}

@article{wu2025multi,
    title={Multi-stream feature aggregation network with multi-scale supervision for single image dehazing},
    author={Wu, Junjiang and Tao, Haibo and Xiao, Kai and Chu, Jun and Leng, Lu},
    journal={Eng. Appl. Artif. Intell.},
    volume={139},
    pages={109486},
    year={2025},
    publisher={Elsevier}
}