
@inproceedings{shi2018drug,
  title={Drug-target interaction prediction with weighted Bayesian ranking},
  author={Shi, Zezhi and Li, Jianhua},
  booktitle={Proceedings of the 2nd International Conference on Biomedical Engineering and Bioinformatics},
  pages={19--24},
  year={2018}
}

@article{zhang2017drugrpe,
  title={DrugRPE: random projection ensemble approach to drug-target interaction prediction},
  author={Zhang, Jun and Zhu, Muchun and Chen, Peng and Wang, Bing},
  journal={Neurocomputing},
  volume={228},
  pages={256--262},
  year={2017},
  publisher={Elsevier}
}

@article{ban2019nrlmfbeta,
  title={NRLMF$\beta$: Beta-distribution-rescored neighborhood regularized logistic matrix factorization for improving the performance of drug--target interaction prediction},
  author={Ban, Tomohiro and Ohue, Masahito and Akiyama, Yutaka},
  journal={Biochemistry and biophysics reports},
  volume={18},
  pages={100615},
  year={2019},
  publisher={Elsevier}
}

