@article{besta2025reasoning,
  title={Reasoning Language Models: A Blueprint},
  author={Besta, Maciej and Barth, Julia and Schreiber, Eric and Kubicek, Ales and Catarino, Afonso and Gerstenberger, Robert and Nyczyk, Piotr and Iff, Patrick and Li, Yueling and Houliston, Sam and others},
  journal={arXiv preprint arXiv:2501.11223},
  year={2025}
}

@article{cai2024timeseriesexam,
  title={TimeSeriesExam: A time series understanding exam},
  author={Cai, Yifu and Choudhry, Arjun and Goswami, Mononito and Dubrawski, Artur},
  journal={arXiv preprint arXiv:2410.14752},
  year={2024}
}

@article{cao2023tempo,
  title={Tempo: Prompt-based generative pre-trained transformer for time series forecasting},
  author={Cao, Defu and Jia, Furong and Arik, Sercan O and Pfister, Tomas and Zheng, Yixiang and Ye, Wen and Liu, Yan},
  journal={arXiv preprint arXiv:2310.04948},
  year={2023}
}

@article{chang2023llm4ts,
  title={Llm4ts: Two-stage fine-tuning for time-series forecasting with pre-trained llms},
  author={Chang, Ching and Peng, Wen-Chih and Chen, Tien-Fu},
  journal={arXiv preprint arXiv:2308.08469},
  year={2023}
}

@article{chow2024towards,
  title={Towards time series reasoning with llms},
  author={Chow, Winnie and Gardiner, Lauren and Hallgr{\'\i}msson, Haraldur T and Xu, Maxwell A and Ren, Shirley You},
  journal={arXiv preprint arXiv:2409.11376},
  year={2024}
}

@inproceedings{cui2024survey,
  title={A survey on multimodal large language models for autonomous driving},
  author={Cui, Can and Ma, Yunsheng and Cao, Xu and Ye, Wenqian and Zhou, Yang and Liang, Kaizhao and Chen, Jintai and Lu, Juanwu and Yang, Zichong and Liao, Kuei-Da and others},
  booktitle={Proceedings of the IEEE/CVF Winter Conference on Applications of Computer Vision},
  pages={958--979},
  year={2024}
}

@article{du2024tsi,
  title={Tsi-bench: Benchmarking time series imputation},
  author={Du, Wenjie and Wang, Jun and Qian, Linglong and Yang, Yiyuan and Ibrahim, Zina and Liu, Fanxing and Wang, Zepu and Liu, Haoxin and Zhao, Zhiyuan and Zhou, Yingjie and others},
  journal={arXiv preprint arXiv:2406.12747},
  year={2024}
}

@article{gruver2024large,
  title={Large language models are zero-shot time series forecasters},
  author={Gruver, Nate and Finzi, Marc and Qiu, Shikai and Wilson, Andrew G},
  journal={Advances in Neural Information Processing Systems},
  volume={36},
  year={2024}
}

@book{hamilton2020time,
  title={Time series analysis},
  author={Hamilton, James D},
  year={2020},
  publisher={Princeton university press}
}

@article{hollmann2025accurate,
  title={Accurate predictions on small data with a tabular foundation model},
  author={Hollmann, Noah and M{\"u}ller, Samuel and Purucker, Lennart and Krishnakumar, Arjun and K{\"o}rfer, Max and Hoo, Shi Bin and Schirrmeister, Robin Tibor and Hutter, Frank},
  journal={Nature},
  volume={637},
  number={8045},
  pages={319--326},
  year={2025},
  publisher={Nature Publishing Group UK London}
}

@article{jin2023time,
  title={Time-llm: Time series forecasting by reprogramming large language models},
  author={Jin, Ming and Wang, Shiyu and Ma, Lintao and Chu, Zhixuan and Zhang, James Y and Shi, Xiaoming and Chen, Pin-Yu and Liang, Yuxuan and Li, Yuan-Fang and Pan, Shirui and others},
  journal={arXiv preprint arXiv:2310.01728},
  year={2023}
}

@book{kirchgassner2012introduction,
  title={Introduction to modern time series analysis},
  author={Kirchg{\"a}ssner, Gebhard and Wolters, J{\"u}rgen and Hassler, Uwe},
  year={2012},
  publisher={Springer Science \& Business Media}
}

@article{lewis2024using,
  title={Using counterfactual tasks to evaluate the generality of analogical reasoning in large language models},
  author={Lewis, Martha and Mitchell, Melanie},
  journal={arXiv preprint arXiv:2402.08955},
  year={2024}
}

@inproceedings{liang2024foundation,
  title={Foundation models for time series analysis: A tutorial and survey},
  author={Liang, Yuxuan and Wen, Haomin and Nie, Yuqi and Jiang, Yushan and Jin, Ming and Song, Dongjin and Pan, Shirui and Wen, Qingsong},
  booktitle={Proceedings of the 30th ACM SIGKDD conference on knowledge discovery and data mining},
  pages={6555--6565},
  year={2024}
}

@inproceedings{liutime,
  title={Time-MMD: Multi-Domain Multimodal Dataset for Time Series Analysis},
  author={Liu, Haoxin and Xu, Shangqing and Zhao, Zhiyuan and Kong, Lingkai and Kamarthi, Harshavardhan and Sasanur, Aditya B and Sharma, Megha and Cui, Jiaming and Wen, Qingsong and Zhang, Chao and others},
  booktitle={The Thirty-eight Conference on Neural Information Processing Systems Datasets and Benchmarks Track},
  year={2024}

}

@article{mohammadi2024deep,
  title={Deep learning for time series classification and extrinsic regression: A current survey},
  author={Mohammadi Foumani, Navid and Miller, Lynn and Tan, Chang Wei and Webb, Geoffrey I and Forestier, Germain and Salehi, Mahsa},
  journal={ACM Computing Surveys},
  volume={56},
  number={9},
  pages={1--45},
  year={2024},
  publisher={ACM New York, NY}
}

@article{moor2023foundation,
  title={Foundation models for generalist medical artificial intelligence},
  author={Moor, Michael and Banerjee, Oishi and Abad, Zahra Shakeri Hossein and Krumholz, Harlan M and Leskovec, Jure and Topol, Eric J and Rajpurkar, Pranav},
  journal={Nature},
  volume={616},
  number={7956},
  pages={259--265},
  year={2023},
  publisher={Nature Publishing Group UK London}
}

@article{nie2024survey,
  title={A Survey of Large Language Models for Financial Applications: Progress, Prospects and Challenges},
  author={Nie, Yuqi and Kong, Yaxuan and Dong, Xiaowen and Mulvey, John M and Poor, H Vincent and Wen, Qingsong and Zohren, Stefan},
  journal={arXiv preprint arXiv:2406.11903},
  year={2024}
}

@article{potosnak2024implicit,
  title={Implicit Reasoning in Deep Time Series Forecasting},
  author={Potosnak, Willa and Challu, Cristian and Goswami, Mononito and Wili{\'n}ski, Micha{\l} and {\.Z}ukowska, Nina and Dubrawski, Artur},
  journal={arXiv preprint arXiv:2409.10840},
  year={2024}
}

@article{shi2024language,
  title={Language models can improve event prediction by few-shot abductive reasoning},
  author={Shi, Xiaoming and Xue, Siqiao and Wang, Kangrui and Zhou, Fan and Zhang, James and Zhou, Jun and Tan, Chenhao and Mei, Hongyuan},
  journal={Advances in Neural Information Processing Systems},
  volume={36},
  year={2024}
}

@book{shumway2000time,
  title={Time series analysis and its applications},
  author={Shumway, Robert H and Stoffer, David S and Stoffer, David S},
  volume={3},
  year={2000},
  publisher={Springer}
}

@article{wen2022transformers,
  title={Transformers in time series: A survey},
  author={Wen, Qingsong and Zhou, Tian and Zhang, Chaoli and Chen, Weiqi and Ma, Ziqing and Yan, Junchi and Sun, Liang},
  journal={arXiv preprint arXiv:2202.07125},
  year={2022}
}

@inproceedings{wu2023multimodal,
  title={Multimodal large language models: A survey},
  author={Wu, Jiayang and Gan, Wensheng and Chen, Zefeng and Wan, Shicheng and Philip, S Yu},
  booktitle={2023 IEEE International Conference on Big Data (BigData)},
  pages={2247--2256},
  year={2023},
  organization={IEEE}
}

@article{xia2024beyond,
  title={Beyond chain-of-thought: A survey of chain-of-x paradigms for llms},
  author={Xia, Yu and Wang, Rui and Liu, Xu and Li, Mingyan and Yu, Tong and Chen, Xiang and McAuley, Julian and Li, Shuai},
  journal={arXiv preprint arXiv:2404.15676},
  year={2024}
}

@article{xie2024chatts,
  title={ChatTS: Aligning Time Series with LLMs via Synthetic Data for Enhanced Understanding and Reasoning},
  author={Xie, Zhe and Li, Zeyan and He, Xiao and Xu, Longlong and Wen, Xidao and Zhang, Tieying and Chen, Jianjun and Shi, Rui and Pei, Dan},
  journal={arXiv preprint arXiv:2412.03104},
  year={2024}
}

@inproceedings{yang2021early,
  title={Early safety warnings for long-distance pipelines: A distributed optical fiber sensor machine learning approach},
  author={Yang, Yiyuan and Li, Yi and Zhang, Taojia and Zhou, Yan and Zhang, Haifeng},
  booktitle={Proceedings of the AAAI Conference on Artificial Intelligence},
  volume={35},
  pages={14991--14999},
  year={2021}
}

@article{yang2021long,
  title={Long-distance pipeline safety early warning: a distributed optical fiber sensing semi-supervised learning method},
  author={Yang, Yiyuan and Zhang, Haifeng and Li, Yi},
  journal={IEEE sensors journal},
  volume={21},
  number={17},
  pages={19453--19461},
  year={2021},
  publisher={IEEE}
}

@inproceedings{yang2023sgdp,
  title={SGDP: A stream-graph neural network based data prefetcher},
  author={Yang, Yiyuan and Li, Rongshang and Shi, Qiquan and Li, Xijun and Hu, Gang and Li, Xing and Yuan, Mingxuan},
  booktitle={2023 International Joint Conference on Neural Networks (IJCNN)},
  pages={1--8},
  year={2023},
  organization={IEEE}
}

@article{yang2024survey,
  title={A survey on diffusion models for time series and spatio-temporal data},
  author={Yang, Yiyuan and Jin, Ming and Wen, Haomin and Zhang, Chaoli and Liang, Yuxuan and Ma, Lintao and Wang, Yi and Liu, Chenghao and Yang, Bin and Xu, Zenglin and others},
  journal={arXiv preprint arXiv:2404.18886},
  year={2024}
}

@article{ye2024beyond,
  title={Beyond Forecasting: Compositional Time Series Reasoning for End-to-End Task Execution},
  author={Ye, Wen and Zhang, Yizhou and Yang, Wei and Tang, Lumingyuan and Cao, Defu and Cai, Jie and Liu, Yan},
  journal={arXiv preprint arXiv:2410.04047},
  year={2024}
}

@article{yin2023survey,
  title={A survey on multimodal large language models},
  author={Yin, Shukang and Fu, Chaoyou and Zhao, Sirui and Li, Ke and Sun, Xing and Xu, Tong and Chen, Enhong},
  journal={arXiv preprint arXiv:2306.13549},
  year={2023}
}

@article{yu2024natural,
  title={Natural language reasoning, a survey},
  author={Yu, Fei and Zhang, Hongbo and Tiwari, Prayag and Wang, Benyou},
  journal={ACM Computing Surveys},
  volume={56},
  number={12},
  pages={1--39},
  year={2024},
  publisher={ACM New York, NY}
}

@article{zamanzadeh2024deep,
  title={Deep learning for time series anomaly detection: A survey},
  author={Zamanzadeh Darban, Zahra and Webb, Geoffrey I and Pan, Shirui and Aggarwal, Charu and Salehi, Mahsa},
  journal={ACM Computing Surveys},
  volume={57},
  number={1},
  pages={1--42},
  year={2024},
  publisher={ACM New York, NY}
}

@article{zhang2024mm,
  title={Mm-llms: Recent advances in multimodal large language models},
  author={Zhang, Duzhen and Yu, Yahan and Dong, Jiahua and Li, Chenxing and Su, Dan and Chu, Chenhui and Yu, Dong},
  journal={arXiv preprint arXiv:2401.13601},
  year={2024}
}

@article{zhou2023one,
  title={One fits all: Power general time series analysis by pretrained lm},
  author={Zhou, Tian and Niu, Peisong and Sun, Liang and Jin, Rong and others},
  journal={Advances in neural information processing systems},
  volume={36},
  pages={43322--43355},
  year={2023}
}

@article{zhou2024survey,
  title={A survey on generative ai and llm for video generation, understanding, and streaming},
  author={Zhou, Pengyuan and Wang, Lin and Liu, Zhi and Hao, Yanbin and Hui, Pan and Tarkoma, Sasu and Kangasharju, Jussi},
  journal={arXiv preprint arXiv:2404.16038},
  year={2024}
}

