@article{epstein2023diffusion,
  title={Diffusion self-guidance for controllable image generation},
  author={Epstein, Dave and Jabri, Allan and Poole, Ben and Efros, Alexei and Holynski, Aleksander},
  journal={Advances in Neural Information Processing Systems},
  volume={36},
  pages={16222--16239},
  year={2023}
}

@article{gong2022diffuseq,
  title={Diffuseq: Sequence to sequence text generation with diffusion models},
  author={Gong, Shansan and Li, Mukai and Feng, Jiangtao and Wu, Zhiyong and Kong, LingPeng},
  journal={arXiv preprint arXiv:2210.08933},
  year={2022}
}

@inproceedings{gu2022vector,
  title={Vector quantized diffusion model for text-to-image synthesis},
  author={Gu, Shuyang and Chen, Dong and Bao, Jianmin and Wen, Fang and Zhang, Bo and Chen, Dongdong and Yuan, Lu and Guo, Baining},
  booktitle={Proceedings of the IEEE/CVF Conference on Computer Vision and Pattern Recognition},
  pages={10696--10706},
  year={2022}
}

@article{han2024clip,
  title={CLIP-VQDiffusion: Langauge Free Training of Text To Image generation using CLIP and vector quantized diffusion model},
  author={Han, Seungdae and Kim, Joohee},
  journal={arXiv preprint arXiv:2403.14944},
  year={2024}
}

@article{ho2020denoising,
  title={Denoising diffusion probabilistic models},
  author={Ho, Jonathan and Jain, Ajay and Abbeel, Pieter},
  journal={Advances in neural information processing systems},
  volume={33},
  pages={6840--6851},
  year={2020}
}

@article{ho2022cascaded,
  title={Cascaded diffusion models for high fidelity image generation},
  author={Ho, Jonathan and Saharia, Chitwan and Chan, William and Fleet, David J and Norouzi, Mohammad and Salimans, Tim},
  journal={Journal of Machine Learning Research},
  volume={23},
  number={47},
  pages={1--33},
  year={2022}
}

@article{ho2022imagen,
  title={Imagen video: High definition video generation with diffusion models},
  author={Ho, Jonathan and Chan, William and Saharia, Chitwan and Whang, Jay and Gao, Ruiqi and Gritsenko, Alexey and Kingma, Diederik P and Poole, Ben and Norouzi, Mohammad and Fleet, David J and others},
  journal={arXiv preprint arXiv:2210.02303},
  year={2022}
}

@article{hoogeboom2021argmax,
  title={Argmax flows and multinomial diffusion: Learning categorical distributions},
  author={Hoogeboom, Emiel and Nielsen, Didrik and Jaini, Priyank and Forr{\'e}, Patrick and Welling, Max},
  journal={Advances in Neural Information Processing Systems},
  volume={34},
  pages={12454--12465},
  year={2021}
}

@article{kong2020diffwave,
  title={Diffwave: A versatile diffusion model for audio synthesis},
  author={Kong, Zhifeng and Ping, Wei and Huang, Jiaji and Zhao, Kexin and Catanzaro, Bryan},
  journal={arXiv preprint arXiv:2009.09761},
  year={2020}
}

@inproceedings{li2023generalized,
  title={Generalized deep 3d shape prior via part-discretized diffusion process},
  author={Li, Yuhan and Dou, Yishun and Chen, Xuanhong and Ni, Bingbing and Sun, Yilin and Liu, Yutian and Wang, Fuzhen},
  booktitle={Proceedings of the IEEE/CVF Conference on Computer Vision and Pattern Recognition},
  pages={16784--16794},
  year={2023}
}

@inproceedings{ng2022learning,
  title={Learning to listen: Modeling non-deterministic dyadic facial motion},
  author={Ng, Evonne and Joo, Hanbyul and Hu, Liwen and Li, Hao and Darrell, Trevor and Kanazawa, Angjoo and Ginosar, Shiry},
  booktitle={Proceedings of the IEEE/CVF Conference on Computer Vision and Pattern Recognition},
  pages={20395--20405},
  year={2022}
}

@inproceedings{ng2023can,
  title={Can Language Models Learn to Listen?},
  author={Ng, Evonne and Subramanian, Sanjay and Klein, Dan and Kanazawa, Angjoo and Darrell, Trevor and Ginosar, Shiry},
  booktitle={Proceedings of the IEEE/CVF International Conference on Computer Vision},
  pages={10083--10093},
  year={2023}
}

@inproceedings{sohl2015deep,
  title={Deep unsupervised learning using nonequilibrium thermodynamics},
  author={Sohl-Dickstein, Jascha and Weiss, Eric and Maheswaranathan, Niru and Ganguli, Surya},
  booktitle={International conference on machine learning},
  pages={2256--2265},
  year={2015},
  organization={PMLR}
}

@inproceedings{song2023emotional,
  title={Emotional listener portrait: Neural listener head generation with emotion},
  author={Song, Luchuan and Yin, Guojun and Jin, Zhenchao and Dong, Xiaoyi and Xu, Chenliang},
  booktitle={Proceedings of the IEEE/CVF International Conference on Computer Vision},
  pages={20839--20849},
  year={2023}
}

@article{yang2023diffsound,
  title={Diffsound: Discrete diffusion model for text-to-sound generation},
  author={Yang, Dongchao and Yu, Jianwei and Wang, Helin and Wang, Wen and Weng, Chao and Zou, Yuexian and Yu, Dong},
  journal={IEEE/ACM Transactions on Audio, Speech, and Language Processing},
  year={2023},
  publisher={IEEE}
}

@inproceedings{zhou2022responsive,
  title={Responsive listening head generation: a benchmark dataset and baseline},
  author={Zhou, Mohan and Bai, Yalong and Zhang, Wei and Yao, Ting and Zhao, Tiejun and Mei, Tao},
  booktitle={European Conference on Computer Vision},
  pages={124--142},
  year={2022},
  organization={Springer}
}

