@inproceedings{BGT23,
  author       = {Eric Balkanski and
                  Vasilis Gkatzelis and
                  Xizhi Tan},
  title        = {Strategyproof Scheduling with Predictions},
  booktitle    = {Proceedings of the 14th Innovations in Theoretical Computer Science Conference ({ITCS})},
  pages        = {11:1--11:22},
  year         = {2023}
}

@inproceedings{XL22,
  author       = {Chenyang Xu and
                  Pinyan Lu},
  title        = {Mechanism Design with Predictions},
  booktitle    = {Proceedings of the 31st International Joint Conference on Artificial Intelligence ({IJCAI})},
  pages        = {571--577},
  year         = {2022}
}

@inproceedings{agrawal2022learning,
  title={Learning-augmented mechanism design: Leveraging predictions for facility location},
  author={Agrawal, Priyank and Balkanski, Eric and Gkatzelis, Vasilis and Ou, Tingting and Tan, Xizhi},
  booktitle={Proceedings of the 23rd ACM Conference on Economics and Computation ({EC})},
  pages={497--528},
  year={2022}
}

@inproceedings{balkanski2023online,
  title={Online mechanism design with predictions},
  author={Balkanski, Eric and Gkatzelis, Vasilis and Tan, Xizhi and Zhu, Cherlin},
  booktitle={Proceedings of the 25th ACM Conference on Economics and Computation ({EC})},
  year={2024}
}

@inproceedings{balkanski2024randomized,
  title={Randomized strategic facility location with predictions},
  author={Balkanski, Eric and Gkatzelis, Vasilis and Shahkarami, Golnoosh},
  booktitle={Proceedings of The 38th Annual Conference on Neural Information Processing Systems ({NeurIPS})},
  year={2024}
}

@inproceedings{berger2023optimal,
  title={Learning-Augmented Metric Distortion via (p,q)-Veto Core},
  author={Berger, Ben and Feldman, Michal and Gkatzelis, Vasilis and Tan, Xizhi},
  booktitle={Proceedings of the 25th ACM Conference on Economics and Computation ({EC})},
  year={2024}
}

@inproceedings{caragiannis2024randomized,
  title={Randomized learning-augmented auctions with revenue guarantees},
  author={Caragiannis, Ioannis and Kalantzis, Georgios},
  booktitle = {Proceedings of the 33rd International Joint Conference on Artificial Intelligence ({IJCAI})},
  year={2024}
}

@inproceedings{christodoulou2024mechanism,
  title={Mechanism design augmented with output advice},
  author={Christodoulou, George and Sgouritsa, Alkmini and Vlachos, Ioannis},
  booktitle={Proceedings of The 38th Annual Conference on Neural Information Processing Systems ({NeurIPS})},
  year={2024}
}

@inproceedings{colini2024trust,
  title={To trust or not to trust: Assignment mechanisms with predictions in the private graph model},
  author={Colini-Baldeschi, Riccardo and Klumper, Sophie and Sch{\"a}fer, Guido and Tsikiridis, Artem},
  booktitle={Proceedings of the 25th ACM Conference on Economics and Computation ({EC})},
  pages={1134--1154},
  year={2024}
}

@inproceedings{dhangwatnotai2010revenue,
  title={Revenue maximization with a single sample},
  author={Dhangwatnotai, Peerapong and Roughgarden, Tim and Yan, Qiqi},
  booktitle={Proceedings of the 11th ACM conference on Electronic commerce ({EC})},
  pages={129--138},
  year={2010}
}

@inproceedings{gkatzelis2022improved,
  title={Improved price of anarchy via predictions},
  author={Gkatzelis, Vasilis and Kollias, Kostas and Sgouritsa, Alkmini and Tan, Xizhi},
  booktitle={Proceedings of the 23rd ACM Conference on Economics and Computation ({EC})},
  pages={529--557},
  year={2022}
}

@inproceedings{gkatzelis2025clock,
  title={Clock auctions augmented with unreliable advice},
  author={Gkatzelis, Vasilis and Schoepflin, Daniel and Tan, Xizhi},
  booktitle={Proceedings of the 2025 Annual ACM-SIAM Symposium on Discrete Algorithms (SODA)},
  pages={2629--2655},
  year={2025},
  organization={SIAM}
}

@article{goldberg2006competitive,
  title={Competitive auctions},
  author={Goldberg, Andrew V and Hartline, Jason D and Karlin, Anna R and Saks, Michael and Wright, Andrew},
  journal={Games and Economic behavior},
  volume={55},
  number={2},
  pages={242--269},
  year={2006},
  publisher={Elsevier}
}

@article{hartline2013mechanism,
  title={Mechanism design and approximation},
  author={Hartline, Jason D},
  journal={Book draft. October},
  volume={122},
  number={1},
  year={2013}
}

@inproceedings{lu2024competitive,
  title={Competitive auctions with imperfect predictions},
  author={Lu, Pinyan and Wan, Zongqi and Zhang, Jialin},
  booktitle={Proceedings of the 25th ACM Conference on Economics and Computation ({EC})},
  pages={1155--1183},
  year={2024}
}

@article{mitzenmacher2022algorithms,
  title={Algorithms with predictions},
  author={Mitzenmacher, Michael and Vassilvitskii, Sergei},
  journal={Communications of the ACM},
  volume={65},
  number={7},
  pages={33--35},
  year={2022},
  publisher={ACM New York, NY, USA}
}

@article{myerson1981optimal,
  title={Optimal auction design},
  author={Myerson, Roger B},
  journal={Mathematics of operations research},
  volume={6},
  number={1},
  pages={58--73},
  year={1981},
  publisher={INFORMS}
}

