@article{DPLM,
  title={Diffusion Language Models Are Versatile Protein Learners},
  author={Xinyou Wang and Zaixiang Zheng and Fei Ye and Dongyu Xue and Shujian Huang and Quanquan Gu},
  journal={ArXiv},
  year={2024},
  volume={abs/2402.18567},
  url={https://api.semanticscholar.org/CorpusID:268063857}
}

@article{RDM,
  title={A Reparameterized Discrete Diffusion Model for Text Generation},
  author={Lin Zheng and Jianbo Yuan and Lei Yu and Lingpeng Kong},
  journal={ArXiv},
  year={2023},
  volume={abs/2302.05737},
  url={https://api.semanticscholar.org/CorpusID:256826865}
}

@article{ddpd,
  title={Think While You Generate: Discrete Diffusion with Planned Denoising},
  author={Sulin Liu and Juno Nam and Andrew Campbell and Hannes St{\"a}rk and Yilun Xu and T. Jaakkola and Rafael G'omez-Bombarelli},
  journal={ArXiv},
  year={2024},
  volume={abs/2410.06264},
  url={https://api.semanticscholar.org/CorpusID:273229043}
}

@misc{gong2024scalingdiffusionlanguagemodels,
      title={Scaling Diffusion Language Models via Adaptation from Autoregressive Models}, 
      author={Shansan Gong and Shivam Agarwal and Yizhe Zhang and Jiacheng Ye and Lin Zheng and Mukai Li and Chenxin An and Peilin Zhao and Wei Bi and Jiawei Han and Hao Peng and Lingpeng Kong},
      year={2024},
      eprint={2410.17891},
      archivePrefix={arXiv},
      primaryClass={cs.CL},
      url={https://arxiv.org/abs/2410.17891}, 
}

@misc{li2021discoveringnonmonotonicautoregressiveorderings,
      title={Discovering Non-monotonic Autoregressive Orderings with Variational Inference}, 
      author={Xuanlin Li and Brandon Trabucco and Dong Huk Park and Michael Luo and Sheng Shen and Trevor Darrell and Yang Gao},
      year={2021},
      eprint={2110.15797},
      archivePrefix={arXiv},
      primaryClass={cs.CL},
      url={https://arxiv.org/abs/2110.15797}, 
}

@article{md4,
  title={Simplified and Generalized Masked Diffusion for Discrete Data},
  author={Shi, Jiaxin and Han, Kehang and Wang, Zhe and Doucet, Arnaud and Titsias, Michalis K},
  journal={arXiv preprint arXiv:2406.04329},
  year={2024}
}

@misc{nie2024scalingmaskeddiffusionmodels,
      title={Scaling up Masked Diffusion Models on Text}, 
      author={Shen Nie and Fengqi Zhu and Chao Du and Tianyu Pang and Qian Liu and Guangtao Zeng and Min Lin and Chongxuan Li},
      year={2024},
      eprint={2410.18514},
      archivePrefix={arXiv},
      primaryClass={cs.AI},
      url={https://arxiv.org/abs/2410.18514}, 
}

@misc{shih2022traininginferenceanyorderautoregressive,
      title={Training and Inference on Any-Order Autoregressive Models the Right Way}, 
      author={Andy Shih and Dorsa Sadigh and Stefano Ermon},
      year={2022},
      eprint={2205.13554},
      archivePrefix={arXiv},
      primaryClass={cs.LG},
      url={https://arxiv.org/abs/2205.13554}, 
}

@misc{zhao2024informedcorrectorsdiscretediffusion,
      title={Informed Correctors for Discrete Diffusion Models}, 
      author={Yixiu Zhao and Jiaxin Shi and Lester Mackey and Scott Linderman},
      year={2024},
      eprint={2407.21243},
      archivePrefix={arXiv},
      primaryClass={cs.LG},
      url={https://arxiv.org/abs/2407.21243}, 
}

@misc{zheng2024maskeddiffusionmodelssecretly,
      title={Masked Diffusion Models are Secretly Time-Agnostic Masked Models and Exploit Inaccurate Categorical Sampling}, 
      author={Kaiwen Zheng and Yongxin Chen and Hanzi Mao and Ming-Yu Liu and Jun Zhu and Qinsheng Zhang},
      year={2024},
      eprint={2409.02908},
      archivePrefix={arXiv},
      primaryClass={cs.LG},
      url={https://arxiv.org/abs/2409.02908}, 
}

