@inproceedings{al2011backpacking,
  title={Backpacking: Deployment of heterogeneous radios in high data rate sensor networks},
  author={Al Islam, ABM Alim and Hossain, Mohammad S and Raghunathan, Vijay and Hu, Y Charlie},
  booktitle={2011 Proceedings of 20th international conference on computer communications and networks (ICCCN)},
  pages={1--8},
  year={2011},
  organization={IEEE}
}

@inproceedings{ananthanarayanan2009blue,
  title={Blue-Fi: enhancing Wi-Fi performance using bluetooth signals},
  author={Ananthanarayanan, Ganesh and Stoica, Ion},
  booktitle={Proceedings of the 7th international conference on Mobile systems, applications, and services},
  pages={249--262},
  year={2009}
}

@article{bahl2004reconsidering,
  title={Reconsidering wireless systems with multiple radios},
  author={Bahl, Paramvir and Adya, Atul and Padhye, Jitendra and Wolman, Alec},
  journal={ACM SIGCOMM Computer Communication Review},
  volume={34},
  number={5},
  pages={39--46},
  year={2004},
  publisher={ACM New York, NY, USA}
}

@article{carreira2018alternating,
  title={Alternating optimization of decision trees, with application to learning sparse oblique trees},
  author={Carreira-Perpin{\'a}n et al.},
  year = {2018},
  journal={In NeurIPS '18},
}

@inproceedings{draves2004routing,
  title={Routing in multi-radio, multi-hop wireless mesh networks},
  author={Draves, Richard and Padhye, Jitendra and Zill, Brian},
  booktitle={Proceedings of the 10th annual international conference on Mobile computing and networking},
  pages={114--128},
  year={2004}
}

@article{gu2019one,
  title={One-hop out-of-band control planes for multi-hop wireless sensor networks},
  author={Gu, Chaojie and Tan, Rui and Lou, Xin},
  journal={ACM Transactions on Sensor Networks (TOSN)},
  volume={15},
  number={4},
  pages={1--29},
  year={2019},
  publisher={ACM New York, NY, USA}
}

@inproceedings{gummeson2009adaptive,
  title={An adaptive link layer for range diversity in multi-radio mobile sensor networks},
  author={Gummeson, Jeremy and Ganesan, Deepak and Corner, Mark D and Shenoy, Prashant},
  booktitle={IEEE INFOCOM 2009},
  pages={154--162},
  year={2009},
  organization={IEEE}
}

@inproceedings{jin2011wizi,
  title={Wizi-cloud: Application-transparent dual zigbee-wifi radios for low power internet access},
  author={Jin, Tao and Noubir, Guevara and Sheng, Bo},
  booktitle={IEEE INFOCOM, 2011},
}

@article{kusy2014radio,
  title={Radio diversity for reliable communication in sensor networks},
  author={Kusy, Branislav and Abbott, David and Richter, Christian and Huynh, Cong and Afanasyev, Mikhail and Hu, Wen and Br{\"u}nig, Michael and Ostry, Diethelm and Jurdak, Raja},
  journal={ACM Transactions on Sensor Networks (TOSN)},
  volume={10},
  number={2},
  pages={1--29},
  year={2014},
  publisher={ACM New York, NY, USA}
}

@inproceedings{lymberopoulos2008towards,
  title={Towards energy efficient design of multi-radio platforms for wireless sensor networks},
  author={Lymberopoulos, Dimitrios and Priyantha, Nissanka B and Goraczko, Michel and Zhao, Feng},
  booktitle={2008 International Conference on Information Processing in Sensor Networks (ipsn 2008)},
  pages={257--268},
  year={2008},
  organization={IEEE}
}

@article{sundaram2024mars,
  title={MARS: Multi-radio Architecture with Radio Selection using Decision Trees for emerging mesoscale CPS/IoT applications},
  author={Sundaram, Jothi Prasanna Shanmuga and Zharmagambetov, Arman and Gabidolla, Magzhan and Carreira-Perpinan, Miguel A and Cerpa, Alberto},
  journal={arXiv preprint arXiv:2409.18043},
  year={2024}
}

@inproceedings{sur2017wifi,
  title={WiFi-assisted 60 GHz wireless networks},
  author={Sur, Sanjib and Pefkianakis, Ioannis and Zhang, Xinyu and Kim, Kyu-Han},
  booktitle={ACM MobiCom, 2017},
}

