@inproceedings{jan2012simple,
  title={A simple methodology for soft cost-sensitive classification},
  author={Jan, Te-Kang and Wang, Da-Wei and Lin, Chi-Hung and Lin, Hsuan-Tien},
  booktitle={Proceedings of the 18th ACM SIGKDD international conference on Knowledge discovery and data mining},
  pages={141--149},
  year={2012}
}

@inproceedings{lin2019advances,
  title={Advances in cost-sensitive multiclass and multilabel classification},
  author={Lin, Hsuan-Tien},
  booktitle={Proceedings of the 25th ACM SIGKDD International Conference on Knowledge Discovery \& Data Mining},
  pages={3187--3188},
  year={2019}
}

@inproceedings{domingos1999metacost,
  title={Metacost: A general method for making classifiers cost-sensitive},
  author={Domingos, Pedro},
  booktitle={Proceedings of the fifth ACM SIGKDD international conference on Knowledge discovery and data mining},
  pages={155--164},
  year={1999}
}

@inproceedings{li2002instability,
  title={Instability of decision tree classification algorithms},
  author={Li, Ruey-Hsia and Belford, Geneva G},
  booktitle={Proceedings of the eighth ACM SIGKDD international conference on Knowledge discovery and data mining},
  pages={570--575},
  year={2002}
}

@article{hada2024sparse,
  title={Sparse oblique decision trees: A tool to understand and manipulate neural net features},
  author={Hada, Suryabhan Singh and Carreira-Perpi{\~n}{\'a}n, Miguel {\'A} and Zharmagambetov, Arman},
  journal={Data Mining and Knowledge Discovery},
  volume={38},
  number={5},
  pages={2863--2902},
  year={2024},
  publisher={Springer}
}
@inproceedings{tan2018resilience,
  title={Resilience bounds of sensing-based network clock synchronization},
  author={Tan, Rui and Jiang, Linshan and Easwaran, Arvind and others},
  booktitle={2018 IEEE 24th International Conference on Parallel and Distributed Systems (ICPADS)},
  pages={894--902},
  year={2018},
  organization={IEEE}
}
@article{turney1995bias,
  title={Bias and the quantification of stability},
  author={Turney, Peter},
  journal={Machine Learning},
  volume={20},
  pages={23--33},
  year={1995},
  publisher={Springer}
}

@inproceedings{elkan2001foundations,
  title={The foundations of cost-sensitive learning},
  author={Elkan, Charles},
  booktitle={International joint conference on artificial intelligence},
  volume={17},
  number={1},
  pages={973--978},
  year={2001},
  organization={Lawrence Erlbaum Associates Ltd}
}

@article{kim2012classification,
  title={Classification cost: An empirical comparison among traditional classifier, Cost-Sensitive Classifier, and MetaCost},
  author={Kim, Jungeun and Choi, Keunho and Kim, Gunwoo and Suh, Yongmoo},
  journal={Expert Systems with Applications},
  volume={39},
  number={4},
  pages={4013--4019},
  year={2012},
  publisher={Elsevier}
}

@misc{telosb,
  author = {Crossbow Technology},
  title = {{TelosB}},
  howpublished = "\url{http://tinyurl.com/2svnbhjs}",
  year = {2021}
}

@misc{ronoth_llc,
  author = {Ronoth LLC},
  title = {{LoStik}},
  howpublished = "\url{https://github.com/ronoth/lostik}"
}

@article{cheng1989loop,
  title={A loop-free extended Bellman-Ford routing protocol without bouncing effect},
  author={Cheng, Chunhsiang and Riley, Ralph and Kumar, Srikanta PR and Garcia-Luna-Aceves, Jose J},
  journal={ACM SIGCOMM Computer Communication Review},
  volume={19},
  number={4},
  pages={224--236},
  year={1989},
  publisher={ACM New York, NY, USA}
}

@article{glady2009modeling,
  title={Modeling churn using customer lifetime value},
  author={Glady, Nicolas and Baesens, Bart and Croux, Christophe},
  journal={European journal of operational research},
  volume={197},
  number={1},
  pages={402--411},
  year={2009},
  publisher={Elsevier}
}

@inproceedings{zadrozny2003cost,
  title={Cost-sensitive learning by cost-proportionate example weighting},
  author={Zadrozny, Bianca and Langford, John and Abe, Naoki},
  booktitle={Third IEEE international conference on data mining},
  pages={435--442},
  year={2003},
  organization={IEEE}
}

@article{bahl2004reconsidering,
  title={Reconsidering wireless systems with multiple radios},
  author={Bahl, Paramvir and Adya, Atul and Padhye, Jitendra and Wolman, Alec},
  journal={ACM SIGCOMM Computer Communication Review},
  volume={34},
  number={5},
  pages={39--46},
  year={2004},
  publisher={ACM New York, NY, USA}
}

@inproceedings{ananthanarayanan2009blue,
  title={Blue-Fi: enhancing Wi-Fi performance using bluetooth signals},
  author={Ananthanarayanan, Ganesh and Stoica, Ion},
  booktitle={Proceedings of the 7th international conference on Mobile systems, applications, and services},
  pages={249--262},
  year={2009}
}

@inproceedings{sur2017wifi,
  title={WiFi-assisted 60 GHz wireless networks},
  author={Sur, Sanjib and Pefkianakis, Ioannis and Zhang, Xinyu and Kim, Kyu-Han},
  booktitle={ACM MobiCom, 2017},
}

@inproceedings{jin2011wizi,
  title={Wizi-cloud: Application-transparent dual zigbee-wifi radios for low power internet access},
  author={Jin, Tao and Noubir, Guevara and Sheng, Bo},
  booktitle={IEEE INFOCOM, 2011},
}

@book{alpaydin2021machine,
  title={Machine learning},
  author={Alpaydin, Ethem},
  year={2021},
  publisher={MIT press}
}

@article{kusy2014radio,
  title={Radio diversity for reliable communication in sensor networks},
  author={Kusy, Branislav and Abbott, David and Richter, Christian and Huynh, Cong and Afanasyev, Mikhail and Hu, Wen and Br{\"u}nig, Michael and Ostry, Diethelm and Jurdak, Raja},
  journal={ACM Transactions on Sensor Networks (TOSN)},
  volume={10},
  number={2},
  pages={1--29},
  year={2014},
  publisher={ACM New York, NY, USA}
}

@inproceedings{lymberopoulos2008towards,
  title={Towards energy efficient design of multi-radio platforms for wireless sensor networks},
  author={Lymberopoulos, Dimitrios and Priyantha, Nissanka B and Goraczko, Michel and Zhao, Feng},
  booktitle={2008 International Conference on Information Processing in Sensor Networks (ipsn 2008)},
  pages={257--268},
  year={2008},
  organization={IEEE}
}

@inproceedings{draves2004routing,
  title={Routing in multi-radio, multi-hop wireless mesh networks},
  author={Draves, Richard and Padhye, Jitendra and Zill, Brian},
  booktitle={Proceedings of the 10th annual international conference on Mobile computing and networking},
  pages={114--128},
  year={2004}
}

@article{cortes1995support,
  title={Support-Vector Networks},
  author={Cortes, Corinna},
  journal={Machine Learning},
  year={1995}
}

@article{friedman2009elements,
  title={The elements of statistical learning: Data mining, inference, and prediction},
  author={Friedman, Jerome},
  journal={(No Title)},
  year={2009}
}

@misc{praagman1985classification,
  title={Classification and regression trees: Leo BREIMAN, Jerome H. FRIEDMAN, Richard A. OLSHEN and Charles J. STONE The Wadsworth Statistics/Probability Series, Wadsworth, Belmont, 1984, x+ 358 pages},
  author={Praagman, J},
  year={1985},
  publisher={North-Holland}
}

@article{sundaram2024mars,
  title={MARS: Multi-radio Architecture with Radio Selection using Decision Trees for emerging mesoscale CPS/IoT applications},
  author={Sundaram, Jothi Prasanna Shanmuga and Zharmagambetov, Arman and Gabidolla, Magzhan and Carreira-Perpinan, Miguel A and Cerpa, Alberto},
  journal={arXiv preprint arXiv:2409.18043},
  year={2024}
}

@article{sundaram2019survey,
  title={A survey on LoRa networking: Research problems, current solutions, and open issues},
  author={Sundaram, Jothi Prasanna Shanmuga and Du, Wan and Zhao, Zhiwei},
  journal={IEEE Communications Surveys \& Tutorials},
  volume={22},
  number={1},
  pages={371--388},
  year={2019},
  publisher={IEEE}
}

@article{yang2024rateless,
  title={: Rateless-Enabled Link Adaptation for LoRa Networking},
  author={Yang, Kang and Liu, Miaomiao and Du, Wan},
  journal={IEEE/ACM Transactions on Networking},
  year={2024},
  publisher={IEEE}
}

@misc{mitsubishielectricSmartMeter,
	author = {Mitsubishi Electric},
	title = {{S}mart meter system},
        year = {2024},
	howpublished = {\url{http://tinyurl.com/4z2dy6nc}}
}

@article{gu2019one,
  title={One-hop out-of-band control planes for multi-hop wireless sensor networks},
  author={Gu, Chaojie and Tan, Rui and Lou, Xin},
  journal={ACM Transactions on Sensor Networks (TOSN)},
  volume={15},
  number={4},
  pages={1--29},
  year={2019},
  publisher={ACM New York, NY, USA}
}

@misc{mitsubishielectricLargecapacityBattery,
	author = {Mitsubishi Electric},
        year={2024},
	title = {{L}arge-capacity battery control system},
	howpublished = {\url{http://tinyurl.com/2ryvbcxv}}
}

@misc{mitsubishielectricPowerSystems,
	author = {Mitsubishi Electric},
	year={2024},
        title = {“{B}{L}{E}n{D}er®”},
	howpublished = {\url{http://tinyurl.com/3k435ymu}}
}

@article{fu2024comprehensive,
  title={Comprehensive Optimal Network Scheduling Strategies for Wireless Control Systems},
  author={Fu, Ruijie and Guo, Lancong and Zou, An and Chen, Cailian and Guan, Xinping and Ma, Yehan},
  journal={ACM Transactions on Cyber-Physical Systems},
  year={2024},
  publisher={ACM New York, NY}
}

@inproceedings{nagai2024improve,
  title={Improve IEEE 802.15. 4 Network Reliability by Suspendable CSMA/CA},
  author={Nagai, Yukimasa and Guo, Jianlin and Sumi, Takenori and Parsons, Kieran and Orlik, Philip and Rolfe, Benjamin A and Wang, Pu},
  booktitle={2024 IEEE Wireless Communications and Networking Conference (WCNC)},
  pages={1--6},
  year={2024},
  organization={IEEE}
}


@inproceedings{al2011backpacking,
  title={Backpacking: Deployment of heterogeneous radios in high data rate sensor networks},
  author={Al Islam, ABM Alim and Hossain, Mohammad S and Raghunathan, Vijay and Hu, Y Charlie},
  booktitle={2011 Proceedings of 20th international conference on computer communications and networks (ICCCN)},
  pages={1--8},
  year={2011},
  organization={IEEE}
}

@inproceedings{vasisht2017farmbeats,
  title={$\{$FarmBeats$\}$: an $\{$IoT$\}$ platform for $\{$Data-Driven$\}$ agriculture},
  author={Vasisht, Deepak and Kapetanovic, Zerina and Won, Jongho and Jin, Xinxin and Chandra, Ranveer and Sinha, Sudipta and Kapoor, Ashish and Sudarshan, Madhusudhan and Stratman, Sean},
  booktitle={14th USENIX Symposium on Networked Systems Design and Implementation (NSDI 17)},
  pages={515--529},
  year={2017}
}

@inproceedings{cerpa2005temporal,
  title={Temporal properties of low power wireless links: modeling and implications on multi-hop routing},
  author={Cerpa, Alberto and Wong, Jennifer L and Potkonjak, Miodrag and Estrin, Deborah},
  booktitle={Proceedings of the 6th ACM international symposium on Mobile ad hoc networking and computing},
  pages={414--425},
  year={2005}
}

@online{5Gamericas,
  author = {5G Americas},
  title = {{5G - The future of IoT}},
  year = 2019,
  url = {http://tinyurl.com/26y5epsp}
}

@inproceedings{gummeson2009adaptive,
  title={An adaptive link layer for range diversity in multi-radio mobile sensor networks},
  author={Gummeson, Jeremy and Ganesan, Deepak and Corner, Mark D and Shenoy, Prashant},
  booktitle={IEEE INFOCOM 2009},
  pages={154--162},
  year={2009},
  organization={IEEE}
}

@article{carreira2018alternating,
  title={Alternating optimization of decision trees, with application to learning sparse oblique trees},
  author={Carreira-Perpin{\'a}n et al.},
  year = {2018},
  journal={In NeurIPS '18},
}

@article{ZharmagCarreir20a,
  author = 	 "Arman Zharmagambetov and Miguel {\'A}. Carreira-Perpi{\~n}{\'a}n",
  title = 	 "Smaller, More Accurate Regression Forests Using Tree Alternating Optimization",
  journal =	 "In ICML'20",
  year = {2020}
}

@article{liblinear,
author = {Fan, Rong-En and Chang, Kai-Wei and Hsieh, Cho-Jui and Wang, Xiang-Rui and Lin, Chih-Jen},
title = {LIBLINEAR: A Library for Large Linear Classification},
year = {2008},
issue_date = {6/1/2008},
publisher = {JMLR.org},
volume = {9},
issn = {1532-4435},
abstract = {LIBLINEAR is an open source library for large-scale linear classification. It supports logistic regression and linear support vector machines. We provide easy-to-use command-line tools and library calls for users and developers. Comprehensive documents are available for both beginners and advanced users. Experiments demonstrate that LIBLINEAR is very efficient on large sparse data sets.},
journal = {J. Mach. Learn. Res.},
month = jun,
pages = {1871–1874},
numpages = {4}
}

