@book{jazwinski2007stochastic,
  title={Stochastic processes and filtering theory},
  author={Jazwinski, Andrew H},
  year={2007},
  publisher={Courier Corporation}
}
@book{johnson2004information,
  title={Information theory and the central limit theorem},
  author={Johnson, Oliver},
  year={2004},
  publisher={World Scientific},
    city={London}
}

@article{Bobrovsky2001,
  author    = {Pavel Chigansky and Robert S. Liptser and Ben Z. Bobrovsky},
  title     = {A simple asymptotically optimal filter over an infinite horizon},
  journal   = {Journal of Applied Mathematics and Stochastic Analysis},
  volume    = {14},
  number    = {1},
  pages     = {93--112},
  year      = {2001},
  publisher = {GWDG}
}

@book{VanTrees2001,
  title     = {Detection, Estimation, and Modulation Theory},
  author    = {Van Trees, Harry L.},
  edition   = {2nd},
  publisher = {Wiley},
  year      = {2001},
  isbn      = {978-0471095170},
  note      = {Part I: Detection, Estimation, and Linear Modulation Theory},
  address   = {Hoboken, NJ},
}

@article{Johnson2020,
  author    = {Oliver Johnson},
  title     = {Maximal Correlation and the Rate of Fisher Information Convergence in the Central Limit Theorem},
  journal   = {IEEE Transactions on Information Theory},
  year      = {2020},
  volume    = {66},
  number    = {8},
  pages     = {4992--5002},
  doi       = {10.1109/TIT.2020.2985957},
  url       = {https://ieeexplore.ieee.org/document/9057618}
}

@article{Johnson2004,
  author    = {Oliver Johnson and Andrew Barron},
  title     = {Fisher Information Inequalities and the Central Limit Theorem},
  journal   = {Probability Theory and Related Fields},
  year      = {2004},
  volume    = {129},
  number    = {3},
  pages     = {391--409},
  doi       = {10.1007/s00440-004-0344-0},
  url       = {https://link.springer.com/article/10.1007/s00440-004-0344-0}
}

@article{Bobkov2014,
  author    = {Sergey G. Bobkov and Gennadiy P. Chistyakov and Friedrich Götze},
  title     = {Fisher Information and the Central Limit Theorem},
  journal   = {Probability Theory and Related Fields},
  year      = {2014},
  volume    = {159},
  number    = {1-2},
  pages     = {1--59},
  doi       = {10.1007/s00440-013-0500-5},
  url       = {https://link.springer.com/article/10.1007/s00440-013-0500-5}
}

@incollection{Lipster1997,
  author    = {Robert S. Lipster and Albert N. Shiryayev},
  title     = {Asymptotically Optimal Filtering},
  booktitle = {Statistics of Random Processes II: Applications},
  publisher = {Springer-Verlag},
  year      = {2001},
  edition   = {2nd},
  pages     = {355--382},
  series    = {Applications of Mathematics},
  volume    = {6},
  address   = {Berlin, Heidelberg},
  doi       = {10.1007/978-3-662-04324-8},
}

@incollection{Bergman2001,
  author    = {Niclas Bergman},
  title     = {Posterior Cramér-Rao Bounds for Sequential Estimation},
  booktitle = {Sequential Monte Carlo Methods in Practice},
  editor    = {A. Doucet and N. de Freitas and N. Gordon},
  publisher = {Springer},
  year      = {2001},
  pages     = {321--338},
  doi       = {10.1007/978-1-4757-3437-9}
}

@article{Liptser1998,
  author = {Liptser, Robert S. and Muzhikanov, P.},
  title = {Filtering with a limiter},
  journal = {Journal of Applied Mathematics and Stochastic Analysis},
  year = {1998},
  volume = {11},
  number = {3},
  pages = {289--300},
}

@article{bercher2003fisherinfo,
    author = {Christophe Vignat and Jean-Francois Bercher},
    title = {On Fisher Information Inequalities and Score Functions in Non-Invertible Linear Systems},
    journal = {Journal of Inequalities in Pure and Applied Mathematics},
    volume = {4},
    number = {4},
    pages = {},
    year = {2003},
    publisher = {EMIS}
}

@book{krishnamurthy2016pomdp,
  title={Partially Observable Markov Decision Processes: From Filtering to Controlled Sensing},
  author={Krishnamurthy, Vikram},
  year={2016},
  publisher={Cambridge University Press},
  doi={10.1017/CBO9781316406947}
}

@inproceedings{bercher2002matrixfisher,
    author = {Christophe Vignat and Jean-Francois Bercher},
    title = {Matrix Fisher Inequalities for Non-Invertible Linear Systems},
    booktitle = {Proceedings of the IEEE International Symposium on Information Theory},
    year = {2002},
    publisher = {IEEE},
    url = {https://ieeexplore.ieee.org/abstract/document/1023509/}
}

@ARTICLE{zamir,

  author={Zamir, Ram},

  journal={IEEE Transactions on Information Theory}, 

  title={A proof of the Fisher information inequality via a data processing argument}, 

  year={1998},

  volume={44},

  number={3},

  pages={1246-1250},

  keywords={Cramer-Rao bounds;Data processing;Random variables;Information theory;Density measurement;Mutual information;Covariance matrix;Linear matrix inequalities;Entropy;Convolution},

  doi={10.1109/18.669301}}


@article{borovkov1984inequality,
  title={On an inequality and a related characterization of the normal distribution},
  author={Borovkov, Aleksandr A. and Utev, Sergei A.},
  journal={Theory of Probability \& Its Applications},
  volume={28},
  number={2},
  pages={219--228},
  year={1984},
  publisher={SIAM}
}
@article{dembo1991information,
  title={Information theoretic inequalities},
  author={Dembo, Amir and Cover, Thomas M. and Thomas, Joy A.},
  journal={IEEE Transactions on Information theory},
  volume={37},
  number={6},
  pages={1501--1518},
  year={1991},
  publisher={IEEE}
}

@article{tichavsky1998posterior,
  title={Posterior Cram{\'e}r-Rao bounds for discrete-time nonlinear filtering},
  author={Tichavsky, Petr and Muravchik, Carlos H and Nehorai, Arye},
  journal={IEEE Transactions on signal processing},
  volume={46},
  number={5},
  pages={1386--1396},
  year={1998},
  publisher={IEEE}
}
@article{liptser1991diffusion,
  title={On diffusion approximations for filtering},
  author={Liptser, Robert Sh and Runggaldier, Wolfgang J},
  journal={Stochastic processes and their applications},
  volume={38},
  number={2},
  pages={205--238},
  year={1991},
  publisher={Elsevier}
}

@article{liptser1996robust,
  title={Robust diffusion approximation for nonlinear filtering},
  author={Liptser, Robert S and Zeitouni, Ofer},
  year={1998},
journal={Journal of Mathematical Systems, Estimation and Control},
volume ={8},
number = {1},
}

@inproceedings{raitoharju2016systematic,
  title={A systematic approach for Kalman-type filtering with non-Gaussian noises},
  author={Raitoharju, Matti and Pich{\'e}, Robert and Nurminen, Henri},
  booktitle={2016 19th International Conference on Information Fusion (FUSION)},
  pages={1853--1858},
  year={2016},
  organization={IEEE}
}

@article{wu1999suboptimal,
  title={Suboptimal Kalman filtering for linear systems with Gaussian-sum type of noise},
  author={Wu, H and Chen, Guanrong},
  journal={Mathematical and computer modelling},
  volume={29},
  number={3},
  pages={101--125},
  year={1999},
  publisher={Elsevier}
}

@article{kushner1987filtering,
  title={Filtering and control for wide bandwidth noise driven systems},
  author={Kushner, Harold J. and Runggaldier, Wolfgang J.},
  journal={IEEE Transactions on Automatic Control},
  volume={32},
  number={2},
  pages={123--133},
  year={1987},
  publisher={IEEE}
}

@book{liptser2013statistics,
  title={Statistics of random processes II: Applications},
  author={Liptser, Robert S and Shiryaev, Albert N},
  volume={6},
  year={2013},
  publisher={Springer Science \& Business Media}
}


@article{fang2018nonlinear,
  title={Nonlinear Bayesian estimation: From Kalman filtering to a broader horizon},
  author={Fang, Huazhen and Tian, Ning and Wang, Yebin and Zhou, MengChu and Haile, Mulugeta A.},
  journal={IEEE/CAA Journal of Automatica Sinica},
  volume={5},
  number={2},
  pages={401--417},
  year={2018},
  publisher={IEEE}
}
@article{goggin1992convergence,
  title={Convergence of filters with applications to the Kalman-Bucy case},
  author={Goggin, Eimear M.},
  journal={IEEE transactions on information theory},
  volume={38},
  number={3},
  pages={1091--1100},
  year={1992},
  publisher={IEEE}
}

@article{Kitagawa1987,
  title={Non-Gaussian state-space modeling of nonstationary time series},
  author={Kitagawa, Genshiro},
  journal={Journal of the American Statistical Association},
  volume={82},
  number={400},
  pages={1032--1041},
  year={1987},
  publisher={Taylor \& Francis},
  doi={10.1080/01621459.1987.10478534},
  url={https://www.tandfonline.com/doi/abs/10.1080/01621459.1987.10478534}
}


@book{krishnamurthy2016partially,
  title={Partially observed Markov decision processes},
  author={Krishnamurthy, Vikram},
  year={2016},
  publisher={Cambridge university press}
}

 @book{sarkka2023bayesian,
  title={Bayesian filtering and smoothing},
  author={S{\"a}rkk{\"a}, Simo and Svensson, Lennart},
  volume={17},
  year={2023},
  publisher={Cambridge university press}
}
@article{kalman1960new,
  title={A new approach to linear filtering and prediction problems},
  author={Kalman, Rudolph E.},
  year={1960},
    journal = {Transactions of the ASME–Journal of Basic Engineering}, volume ={82  (Series D)},
pages={35-45}
}
