@inproceedings{4Dgaussians,
title={Real-time Photorealistic Dynamic Scene Representation and Rendering with 4D Gaussian Splatting},
author={Yang, Zeyu and Yang, Hongye and Pan, Zijie and Zhang, Li},
booktitle = {International Conference on Learning Representations (ICLR)},
year={2024}
}

@InProceedings{Dnerf,
    author    = {Pumarola, Albert and Corona, Enric and Pons-Moll, Gerard and Moreno-Noguer, Francesc},
    title     = {D-NeRF: Neural Radiance Fields for Dynamic Scenes},
    booktitle = {Proceedings of the IEEE/CVF Conference on Computer Vision and Pattern Recognition (CVPR)},
    month     = {June},
    year      = {2021},
    pages     = {10318-10327}
}

@InProceedings{Dynerf,
    author    = {Li, Tianye and Slavcheva, Mira and Zollh\"ofer, Michael and Green, Simon and Lassner, Christoph and Kim, Changil and Schmidt, Tanner and Lovegrove, Steven and Goesele, Michael and Newcombe, Richard and Lv, Zhaoyang},
    title     = {Neural 3D Video Synthesis From Multi-View Video},
    booktitle = {Proceedings of the IEEE/CVF Conference on Computer Vision and Pattern Recognition (CVPR)},
    month     = {June},
    year      = {2022},
    pages     = {5521-5531}
}

@article{HexPlane_,
author    = {Cao, Ang and Johnson, Justin},
title     = {HexPlane: A Fast Representation for Dynamic Scenes},
journal   = {CVPR},
year      = {2023},
}

@article{cdngp,
title={CD-NGP: A Fast Scalable Continual Representation for Dynamic Scenes},
author={Liu, Zhenhuan and Liu, Shuai and Ning, Zhiwei and Yang, Jie and Liu, Wei},
journal={arXiv preprint arXiv:2409.05166},
year={2024}
}

@article{deformable3Dgaussians,
  title={Deformable 3d gaussians for high-fidelity monocular dynamic scene reconstruction},
  author={Yang, Ziyi and Gao, Xinyu and Zhou, Wen and Jiao, Shaohui and Zhang, Yuqing and Jin, Xiaogang},
  journal={arXiv preprint arXiv:2309.13101},
  year={2023}
}

@article{gs4dhust,
  title={4d gaussian splatting for real-time dynamic scene rendering},
  author={Wu, Guanjun and Yi, Taoran and Fang, Jiemin and Xie, Lingxi and Zhang, Xiaopeng and Wei, Wei and Liu, Wenyu and Tian, Qi and Wang, Xinggang},
  journal={arXiv preprint arXiv:2310.08528},
  year={2023}
}

@inproceedings{hyperreel,
  title={HyperReel: High-fidelity 6-DoF video with ray-conditioned sampling},
  author={Attal, Benjamin and Huang, Jia-Bin and Richardt, Christian and Zollhoefer, Michael and Kopf, Johannes and Oâ€™Toole, Matthew and Kim, Changil},
  booktitle={Proceedings of the IEEE/CVF Conference on Computer Vision and Pattern Recognition},
  pages={16610--16620},
  year={2023}
  }

@article{ingp,
  title={Instant neural graphics primitives with a multiresolution hash encoding},
  author={M{\"u}ller, Thomas and Evans, Alex and Schied, Christoph and Keller, Alexander},
  journal={ACM Transactions on Graphics (ToG)},
  volume={41},
  number={4},
  pages={1--15},
  year={2022},
  publisher={ACM New York, NY, USA}
}

@inproceedings{kplanes,
  title={K-planes: Explicit radiance fields in space, time, and appearance},
  author={Fridovich-Keil, Sara and Meanti, Giacomo and Warburg, Frederik Rahb{\ae}k and Recht, Benjamin and Kanazawa, Angjoo},
  booktitle={Proceedings of the IEEE/CVF Conference on Computer Vision and Pattern Recognition},
  pages={12479--12488},
  year={2023}
}

@inproceedings{mixvoxels,
  title={Mixed neural voxels for fast multi-view video synthesis},
  author={Wang, Feng and Tan, Sinan and Li, Xinghang and Tian, Zeyue and Song, Yafei and Liu, Huaping},
  booktitle={Proceedings of the IEEE/CVF International Conference on Computer Vision},
  pages={19706--19716},
  year={2023}
}

@article{nerfplayer,
  title={Nerfplayer: A streamable dynamic scene representation with decomposed neural radiance fields},
  author={Song, Liangchen and Chen, Anpei and Li, Zhong and Chen, Zhang and Chen, Lele and Yuan, Junsong and Xu, Yi and Geiger, Andreas},
  journal={IEEE Transactions on Visualization and Computer Graphics},
  volume={29},
  number={5},
  pages={2732--2742},
  year={2023},
  publisher={IEEE}
}

@inproceedings{park2023temporal,
  title={Temporal Interpolation Is All You Need for Dynamic Neural Radiance Fields},
  author={Park, Sungheon and Son, Minjung and Jang, Seokhwan and Ahn, Young Chun and Kim, Ji-Yeon and Kang, Nahyup},
  booktitle={Proceedings of the IEEE/CVF Conference on Computer Vision and Pattern Recognition},
  pages={4212--4221},
  year={2023}
}

@inproceedings{tensorf,
  title={Tensorf: Tensorial radiance fields},
  author={Chen, Anpei and Xu, Zexiang and Geiger, Andreas and Yu, Jingyi and Su, Hao},
  booktitle={European Conference on Computer Vision},
  pages={333--350},
  year={2022},
  organization={Springer}
}

@inproceedings{tineuvox,
  title={Fast dynamic radiance fields with time-aware neural voxels},
  author={Fang, Jiemin and Yi, Taoran and Wang, Xinggang and Xie, Lingxi and Zhang, Xiaopeng and Liu, Wenyu and Nie{\ss}ner, Matthias and Tian, Qi},
  booktitle={SIGGRAPH Asia 2022 Conference Papers},
  pages={1--9},
  year={2022}
}

