@inproceedings{chiril-etal-2020-annotated,
    title = "An Annotated Corpus for Sexism Detection in {F}rench Tweets",
    author = "Chiril, Patricia  and
      Moriceau, V{\'e}ronique  and
      Benamara, Farah  and
      Mari, Alda  and
      Origgi, Gloria  and
      Coulomb-Gully, Marl{\`e}ne",
    editor = "Calzolari, Nicoletta  and
      B{\'e}chet, Fr{\'e}d{\'e}ric  and
      Blache, Philippe  and
      Choukri, Khalid  and
      Cieri, Christopher  and
      Declerck, Thierry  and
      Goggi, Sara  and
      Isahara, Hitoshi  and
      Maegaard, Bente  and
      Mariani, Joseph  and
      Mazo, H{\'e}l{\`e}ne  and
      Moreno, Asuncion  and
      Odijk, Jan  and
      Piperidis, Stelios",
    booktitle = "Proceedings of the Twelfth Language Resources and Evaluation Conference",
    month = may,
    year = "2020",
    address = "Marseille, France",
    publisher = "European Language Resources Association",
    url = "https://aclanthology.org/2020.lrec-1.175",
    pages = "1397--1403",
    language = "English",
    ISBN = "979-10-95546-34-4",
}

@inproceedings{kirk-etal-2023-semeval,
    title = "{S}em{E}val-2023 Task 10: Explainable Detection of Online Sexism",
    author = {Kirk, Hannah  and
      Yin, Wenjie  and
      Vidgen, Bertie  and
      R{\"o}ttger, Paul},
    editor = {Ojha, Atul Kr.  and
      Do{\u{g}}ru{\"o}z, A. Seza  and
      Da San Martino, Giovanni  and
      Tayyar Madabushi, Harish  and
      Kumar, Ritesh  and
      Sartori, Elisa},
    booktitle = "Proceedings of the 17th International Workshop on Semantic Evaluation (SemEval-2023)",
    month = jul,
    year = "2023",
    address = "Toronto, Canada",
    publisher = "Association for Computational Linguistics",
    url = "https://aclanthology.org/2023.semeval-1.305",
    doi = "10.18653/v1/2023.semeval-1.305",
    pages = "2193--2210",
}

@inproceedings{sheppard-etal-2024-biasly,
    title = "Biasly: An Expert-Annotated Dataset for Subtle Misogyny Detection and Mitigation",
    author = "Sheppard, Brooklyn  and
      Richter, Anna  and
      Cohen, Allison  and
      Smith, Elizabeth  and
      Kneese, Tamara  and
      Pelletier, Carolyne  and
      Baldini, Ioana  and
      Dong, Yue",
    editor = "Ku, Lun-Wei  and
      Martins, Andre  and
      Srikumar, Vivek",
    booktitle = "Findings of the Association for Computational Linguistics ACL 2024",
    month = aug,
    year = "2024",
    address = "Bangkok, Thailand and virtual meeting",
    publisher = "Association for Computational Linguistics",
    url = "https://aclanthology.org/2024.findings-acl.24",
    doi = "10.18653/v1/2024.findings-acl.24",
    pages = "427--452",
}

@inproceedings{zeinert-etal-2021-annotating,
    title = "Annotating Online Misogyny",
    author = "Zeinert, Philine  and
      Inie, Nanna  and
      Derczynski, Leon",
    editor = "Zong, Chengqing  and
      Xia, Fei  and
      Li, Wenjie  and
      Navigli, Roberto",
    booktitle = "Proceedings of the 59th Annual Meeting of the Association for Computational Linguistics and the 11th International Joint Conference on Natural Language Processing (Volume 1: Long Papers)",
    month = aug,
    year = "2021",
    address = "Online",
    publisher = "Association for Computational Linguistics",
    url = "https://aclanthology.org/2021.acl-long.247",
    doi = "10.18653/v1/2021.acl-long.247",
    pages = "3181--3197",
}

