@book{Aho:72,
    author  = {Alfred V. Aho and Jeffrey D. Ullman},
    title   = {{The Theory of Parsing, Translation and Compiling}},
    year    = "1972",
    volume  = "1",
    publisher = {Prentice-Hall},
    address = {Englewood Cliffs, NJ}
}


@article{ACM:83,
	author = {Association for Computing Machinery},
	year = "1983",
	journal = {Computing Reviews},
	volume = "24",
	number = "11",
	pages = "503--512"
}

@article{Chandra:81,
	author = {Ashok K. Chandra and Dexter C. Kozen and Larry J. Stockmeyer},
	year = {1981},
	title = {Alternation},
	journal = {Journal of the Association for Computing Machinery},
	volume = "28",	
        number = "1",
	pages = "114--133",
}

@inproceedings{andrew2007scalable,
  title={Scalable training of {L1}-regularized log-linear models},
  author={Andrew, Galen and Gao, Jianfeng},
  booktitle={Proceedings of the 24th International Conference on Machine Learning},
  pages={33--40},
  year={2007},
}

@article{vaswani2017attention,
  title={Attention is all you need},
  author={Vaswani, Ashish and Shazeer, Noam and Parmar, Niki and Uszkoreit, Jakob and Jones, Llion and Gomez, Aidan N and Kaiser, {\L}ukasz and Polosukhin, Illia},
  journal={Advances in Neural Information Processing Systems},
  volume={30},
  year={2017}
}

@Book{Gusfield:97,
    author  = {Dan Gusfield},
    year = 1997,
    title   = {{Algorithms on Strings, Trees and Sequences}},
    address = {Cambridge, UK},
    publisher   = {Cambridge University Press}
}


@inproceedings{borsch2011,
	Address = {Canberra, Australia},
	Author = {Benjamin Borschinger and Mark Johnson},
	Booktitle = {Proceedings of the Australasian Language Technology Association Workshop 2011},
	Month = {December},
	Pages = {10--18},
	Title = {A Particle Filter algorithm for {B}ayesian Wordsegmentation},
	Year = {2011}}

@article{rasooli-tetrault-2015,
    author    = {Mohammad Sadegh Rasooli and Joel R. Tetreault},
    title     = {Yara Parser: {A} Fast and Accurate Dependency Parser},
    journal   = {Computing Research Repository},
    volume    = {arXiv:1503.06733},
    year      = {2015},
    url       = {http://arxiv.org/abs/1503.06733},
    note    = {version 2}
}

@article{Ando2005,
	Acmid = {1194905},
	Author = {Ando, Rie Kubota and Zhang, Tong},
	Issn = {1532-4435},
	Issue_Date = {12/1/2005},
	Journal = {Journal of Machine Learning Research},
	Month = dec,
	Numpages = {37},
	Pages = {1817--1853},
	Publisher = {JMLR.org},
	Title = {A Framework for Learning Predictive Structures from Multiple Tasks and Unlabeled Data},
	Volume = {6},
	Year = {2005}}

@InProceedings{P16-1001,
  author =	"Goodman, James
  	 and Vlachos, Andreas
	     and Naradowsky, Jason",
  title =    "Noise reduction and targeted exploration in imitation learning for      Abstract Meaning Representation parsing    ",
  booktitle = 	    "Proceedings of the 54th Annual Meeting of the Association for      Computational Linguistics (Volume 1: Long Papers)    ",
  year =    "2016",
  publisher =	"Association for Computational Linguistics",
  pages =   "1--11",
  location =	"Berlin, Germany",
  doi =    "10.18653/v1/P16-1001",
  url =    "http://aclweb.org/anthology/P16-1001"
}

@InProceedings{C14-1001,
  author =	"Harper, Mary",
  title = 	"Learning from 26 Languages: Program Management and Science in the Babel Program",
  booktitle = 	"Proceedings of COLING 2014, the 25th International Conference on Computational Linguistics: Technical Papers",
  year =    "2014",
  publisher =	"Dublin City University and Association for Computational Linguistics",
  pages =   "1",
  location =	"Dublin, Ireland",
  url =    "http://aclweb.org/anthology/C14-1001"
}

@article{de_angelis_et_al_2023,

AUTHOR={De Angelis, Luigi  and Baglivo, Francesco  and Arzilli, Guglielmo  and Privitera, Gaetano Pierpaolo  and Ferragina, Paolo  and Tozzi, Alberto Eugenio  and Rizzo, Caterina },

TITLE={ChatGPT and the rise of large language models: the new AI-driven infodemic threat in public health},

JOURNAL={Frontiers in Public Health},

VOLUME={11},

YEAR={2023},

URL={https://www.frontiersin.org/journals/public-health/articles/10.3389/fpubh.2023.1166120},

DOI={10.3389/fpubh.2023.1166120},

ISSN={2296-2565},
}


@article{gebru_datasheets,
author = {Gebru, Timnit and Morgenstern, Jamie and Vecchione, Briana and Vaughan, Jennifer Wortman and Wallach, Hanna and III, Hal Daum\'{e} and Crawford, Kate},
title = {Datasheets for datasets},
year = {2021},
issue_date = {December 2021},
publisher = {Association for Computing Machinery},
address = {New York, NY, USA},
volume = {64},
number = {12},
issn = {0001-0782},
url = {https://doi.org/10.1145/3458723},
doi = {10.1145/3458723},
abstract = {Documentation to facilitate communication between dataset creators and consumers.},
journal = {Commun. ACM},
month = nov,
pages = {86–92},
numpages = {7}
}

@misc{oldach2022wikipedia,
  author       = {Oldach, Laura},
  title        = {What's with Wikipedia and Women?},
  year         = {2022},
  month        = {March 8},
  organization = {American Society for Biochemistry and Molecular Biology},
  note         = {Retrieved April 19, 2024, from \url{https://www.asbmb.org/asbmb-today/careers/030822/what-s-with-wikipedia-and-women}},
}

@inproceedings{kotek_et_al_2023,
author = {Kotek, Hadas and Dockum, Rikker and Sun, David},
title = {Gender bias and stereotypes in Large Language Models},
year = {2023},
isbn = {9798400701139},
publisher = {Association for Computing Machinery},
address = {New York, NY, USA},
url = {https://doi.org/10.1145/3582269.3615599},
doi = {10.1145/3582269.3615599},
booktitle = {Proceedings of The ACM Collective Intelligence Conference},
pages = {12–24},
numpages = {13},
keywords = {bias, ethics, explanations, gender, large language models, occupations, stereotypes},
location = {Delft, Netherlands},
series = {CI '23}
}

@misc{eiu2020infographic,
  author = {{The Economist Intelligence Unit}},
  title        = {Measuring the prevalence of online violence against women},
  year         = {2020},
  organization = {The Economist Intelligence Unit},
  note         = {Infographic. Retrieved October 11, 2024 from \url{https://example.com/online-gender-gap-infographic}},
}

@inproceedings{delgado2021stakeholder,
  author    = {Fernando Delgado and Stephen Yang and Michael Madaio and Qian Yang},
  title     = {Stakeholder Participation in AI: Beyond “Add Diverse Stakeholders and Stir”},
  booktitle = {Proceedings of the Human-Centered AI Workshop at NeurIPS 2021},
  year      = {2021},
}

@inproceedings{zeinert-etal-2021-annotating,
    title = "Annotating Online Misogyny",
    author = "Zeinert, Philine  and
      Inie, Nanna  and
      Derczynski, Leon",
    editor = "Zong, Chengqing  and
      Xia, Fei  and
      Li, Wenjie  and
      Navigli, Roberto",
    booktitle = "Proceedings of the 59th Annual Meeting of the Association for Computational Linguistics and the 11th International Joint Conference on Natural Language Processing (Volume 1: Long Papers)",
    month = aug,
    year = "2021",
    address = "Online",
    publisher = "Association for Computational Linguistics",
    url = "https://aclanthology.org/2021.acl-long.247",
    doi = "10.18653/v1/2021.acl-long.247",
    pages = "3181--3197",
}

@inproceedings{chiril-etal-2020-annotated,
    title = "An Annotated Corpus for Sexism Detection in {F}rench Tweets",
    author = "Chiril, Patricia  and
      Moriceau, V{\'e}ronique  and
      Benamara, Farah  and
      Mari, Alda  and
      Origgi, Gloria  and
      Coulomb-Gully, Marl{\`e}ne",
    editor = "Calzolari, Nicoletta  and
      B{\'e}chet, Fr{\'e}d{\'e}ric  and
      Blache, Philippe  and
      Choukri, Khalid  and
      Cieri, Christopher  and
      Declerck, Thierry  and
      Goggi, Sara  and
      Isahara, Hitoshi  and
      Maegaard, Bente  and
      Mariani, Joseph  and
      Mazo, H{\'e}l{\`e}ne  and
      Moreno, Asuncion  and
      Odijk, Jan  and
      Piperidis, Stelios",
    booktitle = "Proceedings of the Twelfth Language Resources and Evaluation Conference",
    month = may,
    year = "2020",
    address = "Marseille, France",
    publisher = "European Language Resources Association",
    url = "https://aclanthology.org/2020.lrec-1.175",
    pages = "1397--1403",
    language = "English",
    ISBN = "979-10-95546-34-4",
}

@inproceedings{sheppard-etal-2024-biasly,
    title = "Biasly: An Expert-Annotated Dataset for Subtle Misogyny Detection and Mitigation",
    author = "Sheppard, Brooklyn  and
      Richter, Anna  and
      Cohen, Allison  and
      Smith, Elizabeth  and
      Kneese, Tamara  and
      Pelletier, Carolyne  and
      Baldini, Ioana  and
      Dong, Yue",
    editor = "Ku, Lun-Wei  and
      Martins, Andre  and
      Srikumar, Vivek",
    booktitle = "Findings of the Association for Computational Linguistics ACL 2024",
    month = aug,
    year = "2024",
    address = "Bangkok, Thailand and virtual meeting",
    publisher = "Association for Computational Linguistics",
    url = "https://aclanthology.org/2024.findings-acl.24",
    doi = "10.18653/v1/2024.findings-acl.24",
    pages = "427--452",
}

@inproceedings{kirk-etal-2023-semeval,
    title = "{S}em{E}val-2023 Task 10: Explainable Detection of Online Sexism",
    author = {Kirk, Hannah  and
      Yin, Wenjie  and
      Vidgen, Bertie  and
      R{\"o}ttger, Paul},
    editor = {Ojha, Atul Kr.  and
      Do{\u{g}}ru{\"o}z, A. Seza  and
      Da San Martino, Giovanni  and
      Tayyar Madabushi, Harish  and
      Kumar, Ritesh  and
      Sartori, Elisa},
    booktitle = "Proceedings of the 17th International Workshop on Semantic Evaluation (SemEval-2023)",
    month = jul,
    year = "2023",
    address = "Toronto, Canada",
    publisher = "Association for Computational Linguistics",
    url = "https://aclanthology.org/2023.semeval-1.305",
    doi = "10.18653/v1/2023.semeval-1.305",
    pages = "2193--2210",
}

@inproceedings{norlund-stenbom-2021-building,
    title = "Building a {S}wedish Open-Domain Conversational Language Model",
    author = "Norlund, Tobias  and
      Stenbom, Agnes",
    editor = "Dobnik, Simon  and
      {\O}vrelid, Lilja",
    booktitle = "Proceedings of the 23rd Nordic Conference on Computational Linguistics (NoDaLiDa)",
    month = may # " 31--2 " # jun,
    year = "2021",
    address = "Reykjavik, Iceland (Online)",
    publisher = {Link{\"o}ping University Electronic Press, Sweden},
    url = "https://aclanthology.org/2021.nodalida-main.38",
    pages = "357--366",
}