@misc{ganapathi2020data,
  title={Data driven emulation of application performance on simulated wireless networks},
  author={Ganapathi, Tejaswini and Raghunath, Satish and Gal, Shauli and Chandrayana, Kartikeya and Che, Xu and Karapetov, Andrey},
  year={2020},
  month=jan # "~28",
  publisher={Google Patents},
  note={US Patent 10,548,034}
}

@article{gomez2023survey,
  title={A survey on network simulators, emulators, and testbeds used for research and education},
  author={Gomez, Jose and Kfoury, Elie F and Crichigno, Jorge and Srivastava, Gautam},
  journal={Computer Networks},
  volume={237},
  pages={110054},
  year={2023},
  publisher={Elsevier}
}

@inproceedings{hetu2014similitude,
  title={Similitude: Interfacing a traffic simulator and network simulator with emulated android clients},
  author={Hetu, Seth N and Hamishagi, Vahid Saber and Peh, Li-Shiuan},
  booktitle={2014 IEEE 80th Vehicular Technology Conference (VTC2014-Fall)},
  pages={1--7},
  year={2014},
  organization={IEEE}
}

@inproceedings{karayaka2022application,
  title={Application Based Network Traffic Dataset and SPID Analysis},
  author={Karayaka, Murat and Bayer, Arda and Balk{\i}, Semih and Anarim, Emin and Koca, Mutlu},
  booktitle={30th Signal Processing and Communications Applications Conference},
  organization={IEEE},
  year={2022}
}

@inproceedings{kuttivelil2023network,
  title={Network simulation bridge: bridging applications to network simulators},
  author={Kuttivelil, Harikrishna S and Sreenivasamurthy, Shesha and Krishnaswamy, Lakshmi and Bhatia, Nayan and Obraczka, Katia},
  booktitle={Proceedings of 19th ACM Int'l Symposium on QoS and Security for Wireless and Mobile Networks},
  year={2023}
}

@inproceedings{marzo2022network,
  title={Network research simulator. An abstract model formulation},
  author={Marzo, Jose L and Martinez, David and Bergillos, Sergi and Calle, Eusebi},
  booktitle={2022 18th International Conference on the Design of Reliable Communication Networks (DRCN)},
  pages={1--4},
  year={2022},
  organization={IEEE}
}

@article{meszaros2019inet,
  title={Inet framework},
  author={M{\'e}sz{\'a}ros, Levente and Varga, Andras and Kirsche, Michael},
  journal={Recent Advances in Network Simulation: The OMNeT++ Environment and its Ecosystem},
  pages={55--106},
  year={2019},
  publisher={Springer}
}

@inproceedings{rampfl2013network,
  title={Network simulation and its limitations},
  author={Rampfl, Sebastian},
  booktitle={Proceeding zum seminar future internet (FI), Innovative Internet Technologien und Mobilkommunikation (IITM) und autonomous communication networks (ACN)},
  volume={57},
  year={2013},
  organization={Citeseer}
}

@misc{sharma2021correlating,
  title={Correlating network level and application level traffic},
  author={Sharma, Shel and Bhatia, Nitin},
  year={2021},
  month=jun # "~15",
  publisher={Google Patents},
  note={US Patent 11,038,803}
}

@inproceedings{smera2022networks,
  title={Networks simulation: Research based implementation using tools and approaches},
  author={Smera, C and Sandeep, J},
  booktitle={2022 IEEE 3rd Global Conference for Advancement in Technology (GCAT)},
  year={2022},
  organization={IEEE}
}

@inproceedings{wu2022ip,
  title={IP Network Multicast Technology and Application Simulation},
  author={Wu, Wenhua and Cao, Wei and Yan, Ting and Wang, Zhiguo},
  booktitle={2022 6th International Conference on Wireless Communications and Applications (ICWCAPP)},
  year={2022},
  organization={IEEE}
}

@misc{zacks2021systems,
  title={Systems and methods for application traffic simulation using captured flows},
  author={Zacks, David John and Szigeti, Thomas and Peleg, Tzahi and Tedaldi, David and Pendhar, Vikram Vikas},
  year={2021},
  month=mar # "~9",
  publisher={Google Patents},
  note={US Patent 10,944,641}
}

