%% This BibTeX bibliography file was created using BibDesk.
%% http://bibdesk.sourceforge.net/

@inproceedings{smera2022networks,
  title={Networks simulation: Research based implementation using tools and approaches},
  author={Smera, C and Sandeep, J},
  booktitle={2022 IEEE 3rd Global Conference for Advancement in Technology (GCAT)},
  year={2022},
  organization={IEEE}
}

@inproceedings{kuttivelil2023network,
  title={Network simulation bridge: bridging applications to network simulators},
  author={Kuttivelil, Harikrishna S and Sreenivasamurthy, Shesha and Krishnaswamy, Lakshmi and Bhatia, Nayan and Obraczka, Katia},
  booktitle={Proceedings of 19th ACM Int'l Symposium on QoS and Security for Wireless and Mobile Networks},
  year={2023}
}

@article{gomez2023survey,
  title={A survey on network simulators, emulators, and testbeds used for research and education},
  author={Gomez, Jose and Kfoury, Elie F and Crichigno, Jorge and Srivastava, Gautam},
  journal={Computer Networks},
  volume={237},
  pages={110054},
  year={2023},
  publisher={Elsevier}
}


@inproceedings{marzo2022network,
  title={Network research simulator. An abstract model formulation},
  author={Marzo, Jose L and Martinez, David and Bergillos, Sergi and Calle, Eusebi},
  booktitle={2022 18th International Conference on the Design of Reliable Communication Networks (DRCN)},
  pages={1--4},
  year={2022},
  organization={IEEE}
}

@misc{zacks2021systems,
  title={Systems and methods for application traffic simulation using captured flows},
  author={Zacks, David John and Szigeti, Thomas and Peleg, Tzahi and Tedaldi, David and Pendhar, Vikram Vikas},
  year={2021},
  month=mar # "~9",
  publisher={Google Patents},
  note={US Patent 10,944,641}
}


@inproceedings{wu2022ip,
  title={IP Network Multicast Technology and Application Simulation},
  author={Wu, Wenhua and Cao, Wei and Yan, Ting and Wang, Zhiguo},
  booktitle={2022 6th International Conference on Wireless Communications and Applications (ICWCAPP)},
  year={2022},
  organization={IEEE}
}


@inproceedings{hetu2014similitude,
  title={Similitude: Interfacing a traffic simulator and network simulator with emulated android clients},
  author={Hetu, Seth N and Hamishagi, Vahid Saber and Peh, Li-Shiuan},
  booktitle={2014 IEEE 80th Vehicular Technology Conference (VTC2014-Fall)},
  pages={1--7},
  year={2014},
  organization={IEEE}
}

@inproceedings{karayaka2022application,
  title={Application Based Network Traffic Dataset and SPID Analysis},
  author={Karayaka, Murat and Bayer, Arda and Balk{\i}, Semih and Anarim, Emin and Koca, Mutlu},
  booktitle={30th Signal Processing and Communications Applications Conference},
  organization={IEEE},
  year={2022}
}


@misc{sharma2021correlating,
  title={Correlating network level and application level traffic},
  author={Sharma, Shel and Bhatia, Nitin},
  year={2021},
  month=jun # "~15",
  publisher={Google Patents},
  note={US Patent 11,038,803}
}


@misc{abgrall2015methods,
  title={Methods and systems for determining and controlling network data usage at the application and feature level},
  author={Abgrall, JP and Sharma, Ashish and Morrissey, Michael Gerard},
  year={2015},
  month=oct # "~13",
  publisher={Google Patents},
  note={US Patent 9,160,790}
}

@book{grigorik2013high,
  title={High Performance Browser Networking: What every web developer should know about networking and web performance},
  author={Grigorik, Ilya},
  year={2013},
  publisher={" O'Reilly Media, Inc."}
}

@book{papoulis1965random,
  title={Random variables and stochastic processes},
  author={Papoulis, Athanasios},
  year={1965},
  publisher={McGraw Hill}
}

@book{comer2006internetworking,
  title={Internetworking con TCP/IP},
  author={Comer, Douglas E},
  volume={1},
  year={2006},
  publisher={Pearson Italia Spa}
}

@book{gupta2020fundamentals,
  title={Fundamentals of mathematical statistics},
  author={Gupta, SC and Kapoor, VK},
  year={2020},
  publisher={Sultan Chand \& Sons}
}

@article{meszaros2019inet,
  title={Inet framework},
  author={M{\'e}sz{\'a}ros, Levente and Varga, Andras and Kirsche, Michael},
  journal={Recent Advances in Network Simulation: The OMNeT++ Environment and its Ecosystem},
  pages={55--106},
  year={2019},
  publisher={Springer}
}

@misc{UsingRealAPP,
    key = {Codebase},
    note = {https://inet.omnetpp.org/docs/showcases/emulation/videostreaming/doc/index.html} 
}

@article{c2019overview,
  title={An overview on push-based communication models for information-centric networking},
  author={C. Sofia, Rute and M. Mendes, Paulo},
  journal={Future Internet},
  volume={11},
  number={3},
  pages={74},
  year={2019},
  publisher={MDPI}
}

@article{hofstede2014flow,
  title={Flow monitoring explained: From packet capture to data analysis with netflow and ipfix},
  author={Hofstede, Rick and {\v{C}}eleda, Pavel and Trammell, Brian and Drago, Idilio and Sadre, Ramin and Sperotto, Anna and Pras, Aiko},
  journal={IEEE Communications Surveys \& Tutorials},
  volume={16},
  number={4},
  pages={2037--2064},
  year={2014},
  publisher={IEEE}
}


@article{garcia2008programming,
  title={Programming with libpcap-sniffing the network from our own application},
  author={Garcia, Luis Martin},
  journal={Hakin9-Computer Security Magazine},
  volume={2},
  year={2008}
}

@inproceedings{xiaoguang2016packet,
  title={Packet capture and protocol analysis based on Winpcap},
  author={Xiaoguang, An and Xiaofan, Lu},
  booktitle={2016 International Conference on Robots \& Intelligent System (ICRIS)},
  pages={272--275},
  year={2016},
  organization={IEEE}
}

@inproceedings{rohith2018scapy,
  title={SCAPY-A powerful interactive packet manipulation program},
  author={Rohith, R and Moharir, Minal and Shobha, G and others},
  booktitle={2018 international conference on networking, embedded and wireless systems (ICNEWS)},
  year={2018},
  organization={IEEE}
}

@inproceedings{martin1999push,
  title={Push vs. pull in web-based network management},
  author={Martin-Flatin, Jean-Philippe},
  booktitle={Integrated Network Management VI. Distributed Management for the Networked Millennium. Proceedings of the Sixth IFIP/IEEE International Symposium on Integrated Network Management.(Cat. No. 99EX302)},
  pages={3--18},
  year={1999},
  organization={IEEE}
}

@inproceedings{braverman2015information,
  title={On information complexity in the broadcast model},
  author={Braverman, Mark and Oshman, Rotem},
  booktitle={Proceedings of the 2015 ACM Symposium on Principles of Distributed Computing},
  pages={355--364},
  year={2015}
}

@article{willinger1995self,
  title={Self-similarity in high-speed packet traffic: analysis and modeling of Ethernet traffic measurements},
  author={Willinger, Walter and Taqqu, Murad S and Leland, Will E and Wilson, Daniel V},
  journal={Statistical science},
  pages={67--85},
  year={1995},
  publisher={JSTOR}
}

@article{zhang2013unsupervised,
  title={Unsupervised traffic classification using flow statistical properties and IP packet payload},
  author={Zhang, Jun and Xiang, Yang and Zhou, Wanlei and Wang, Yu},
  journal={Journal of Computer and System Sciences},
  volume={79},
  number={5},
  year={2013},
  publisher={Elsevier}
}

@article{finsterbusch2013survey,
  title={A survey of payload-based traffic classification approaches},
  author={Finsterbusch, Michael and Richter, Chris and Rocha, Eduardo and Muller, Jean-Alexander and Hanssgen, Klaus},
  journal={IEEE Communications Surveys \& Tutorials},
  volume={16},
  number={2},
  year={2013},
  publisher={IEEE}
}

@article{kermarrec2013xl,
  title={Xl peer-to-peer pub/sub systems},
  author={Kermarrec, Anne-Marie and Triantafillou, Peter},
  journal={ACM Computing Surveys (CSUR)},
  volume={46},
  number={2},
  pages={1--45},
  year={2013},
  publisher={ACM New York, NY, USA}
}

@inproceedings{subramaniam2006fire,
  title={Fire-and-forget: Load/store scheduling with no store queue at all},
  author={Subramaniam, Samantika and Loh, Gabriel H},
  booktitle={2006 39th Annual IEEE/ACM International Symposium on Microarchitecture (MICRO'06)},
  year={2006},
  organization={IEEE}
}

@misc{ganapathi2020data,
  title={Data driven emulation of application performance on simulated wireless networks},
  author={Ganapathi, Tejaswini and Raghunath, Satish and Gal, Shauli and Chandrayana, Kartikeya and Che, Xu and Karapetov, Andrey},
  year={2020},
  month=jan # "~28",
  publisher={Google Patents},
  note={US Patent 10,548,034}
}


@inproceedings{rampfl2013network,
  title={Network simulation and its limitations},
  author={Rampfl, Sebastian},
  booktitle={Proceeding zum seminar future internet (FI), Innovative Internet Technologien und Mobilkommunikation (IITM) und autonomous communication networks (ACN)},
  volume={57},
  year={2013},
  organization={Citeseer}
}

@article{RN5,
	Author = {Alotaibi, Eiman and Biswanath, Mukherjee},
	Journal = {Computer Networks},
	Number = {2},
	Pages = {940-965},
	Title = {A survey on routing algorithms for wireless Ad-Hoc and mesh networks},
	Type = {Journal Article},
	Volume = {56},
	Year = {2012}}

@phdthesis{RN2,
	Author = {Ben-David, Yahel},
	Month = {Dec},
	Number = {UCB/EECS-2015-233},
	School = {EECS Department, University of California, Berkeley},
	Title = {Connecting the Last Billion},
	Url = {http://www2.eecs.berkeley.edu/Pubs/TechRpts/2015/EECS-2015-233.html},
	Year = {2015},
	Bdsk-Url-1 = {http://www2.eecs.berkeley.edu/Pubs/TechRpts/2015/EECS-2015-233.html}}

@inproceedings{RN10,
	Author = {Blantz, Eric and Baike, Bruce},
	Booktitle = {Proceedings of the 6th USENIX/ACM Workshop on Networked Systems for Developing Regions (NSDR 12)},
	Title = {Case Study: The Haiti Rural Broadband Initiative},
	Year = 2012}

@article{RN20,
	Author = {Boiardi, Silvia and Capone, Antonio and Sans{\`o}, Brunilde},
	Journal = {IEEE Communications Magazine},
	Number = {2},
	Pages = {156-162},
	Title = {Planning for energy-aware wireless networks},
	Type = {Journal Article},
	Volume = {52},
	Year = {2014}}

@electronic{RN18,
	Author = {{Cambium Networks}},
	Month = {May 30},
	Title = {PTP 820C High Power Licensed Microwave Radio},
	Type = {Electronic Article},
	Url = {https://3fdumf3rqw5xx4mjgywguwz9-wpengine.netdna-ssl.com/wp-content/uploads/2018/10/PTP-820C-HP-May-2018.pdf},
	Year = {2018},
	Bdsk-Url-1 = {https://3fdumf3rqw5xx4mjgywguwz9-wpengine.netdna-ssl.com/wp-content/uploads/2018/10/PTP-820C-HP-May-2018.pdf}}

@article{RN13,
	Author = {Deepa, J. and Sutha, J.},
	Day = {22},
	Doi = {10.1007/s10586-018-1868-x},
	Issn = {1573-7543},
	Journal = {Cluster Computing},
	Month = {Feb},
	Title = {A new energy based power aware routing method for MANETs},
	Url = {https://doi.org/10.1007/s10586-018-1868-x},
	Year = {2018},
	Bdsk-Url-1 = {https://doi.org/10.1007/s10586-018-1868-x}}

@article{RN14,
	Author = {E. Baccour and S. Foufou and R. Hamila and Z. Tari},
	Doi = {https://doi.org/10.1016/j.comcom.2017.04.012},
	Issn = {0140-3664},
	Journal = {Computer Communications},
	Pages = {131 - 145},
	Title = {Achieving energy efficiency in data centers with a performance-guaranteed power aware routing},
	Url = {http://www.sciencedirect.com/science/article/pii/S014036641630490X},
	Volume = {109},
	Year = {2017},
	Bdsk-Url-1 = {http://www.sciencedirect.com/science/article/pii/S014036641630490X},
	Bdsk-Url-2 = {https://doi.org/10.1016/j.comcom.2017.04.012}}

@article{RN12,
	Author = {Prakash,M. V. and Paramasivan,B.},
	Isbn = {2073607X},
	Journal = {International Journal of Communication Networks and Information Security},
	Language = {English},
	Month = {04},
	Number = {1},
	Pages = {50-59},
	Title = {An Individual Node Delay Based Efficient Power Aware Routing Protocol for Wireless Heterogeneous Sensor Networks},
	Url = {https://search.proquest.com/docview/1697513428?accountid=14782},
	Volume = {7},
	Year = {2015},
	Bdsk-Url-1 = {https://search.proquest.com/docview/1697513428?accountid=14782}}

@inproceedings{RN4,
	Address = {London, UK},
	Author = {Hasan, Shaddi and Ben-David, Yahel and Bittman, Max and Raghavan, Barath},
	Booktitle = {Proceedings of the 2015 Annual Symposium on Computing for Development (DEV '15)},
	Date-Modified = {2020-10-10 18:47:10 +1300},
	Month = {Dec},
	Title = {The Challenges of Scaling WISPs},
	Year = 2015}

@electronic{RN1,
	Author = {Ben-David, Yahel and Hasan, Shaddi and Scott, Robert Colin and Brewer, Eric and Shenker, Scott},
	Month = {October 3},
	Title = {Enabling Rural Connectivity with SDN},
	Type = {Electronic Article},
	Url = {https://www2.eecs.berkeley.edu/Pubs/TechRpts/2012/EECS-2012-201.pdf},
	Year = {2012},
	Bdsk-Url-1 = {https://www2.eecs.berkeley.edu/Pubs/TechRpts/2012/EECS-2012-201.pdf}}

@inproceedings{RN11,
	Author = {Nungu, Amos and Olsson, Robert and Pehrson, Bjorn},
	Booktitle = {Proceedings of the 3rd International Conference on Ubiquitous and Future Networks (ICUFN 2011)},
	Title = {On the Design of Inclusive Ubiquitous Access},
	Year = 2011}

@inproceedings{RN3,
	Author = {P{\"o}tsch, Thomas and Schmitt, Paul and Chen, Jay and Raghavan, Barath},
	Booktitle = {HotNets '16 Proceedings of the 15th ACM Workshop on Hot Topics in Networks},
	Title = {Helping the Lone Operator in the Vast Frontier},
	Year = 2016}

@inproceedings{RN8,
	Author = {P{\"o}tsch, Thomas and Yousaf, Salman and Raghavan, Barath and Chen, Jay},
	Booktitle = {Proceedings of the 1st ACM SIGCAS Conference on Computing and Sustainable Societies (COMPASS '18)},
	Title = {Zyxt: A Network Planning Tool for Rural Wireless ISPs},
	Year = 2018}

@electronic{RN9,
	Author = {Rey-Moreno, Carlos},
	Month = {May},
	Title = {Supporting the Creation and Scalability of Affordable Access Solutions: Understanding Community Networks in Africa},
	Type = {Electronic Article},
	Url = {https://www.internetsociety.org/resources/doc/2017/supporting-the-creation-and-scalability-of-affordable-access-solutions-understanding-community-networks-in-africa/},
	Year = {2017},
	Bdsk-Url-1 = {https://www.internetsociety.org/resources/doc/2017/supporting-the-creation-and-scalability-of-affordable-access-solutions-understanding-community-networks-in-africa/}}

@inproceedings{RN15,
	Author = {Seah, Winston K.G. and Ng, Bryan and Libunao, Maria},
	Booktitle = {Proceedings of the 2017 IEEE/CIC International Conference on Communications in China (ICCC)},
	Title = {Autonomic Link Management in Wireless Backhaul Networks with OpenFlow and Traffic Prediction},
	Year = 2017}

@inproceedings{RN6,
	Address = {San Francisco, CA, USA},
	Author = {Surana, Sonesh and Patra, Rabin and Nedevschi, Sergiu and Ramos, Manuel and Subramanian, Lakshminarayanan and Ben-David, Yahel and Brewer, Eric},
	Booktitle = {Proceedings of the 5th USENIX Symposium on Networked Systems Design \& Implementation (NSDI 2008)},
	Date-Modified = {2020-10-10 13:56:10 +1300},
	Month = {16-18 April},
	Title = {Beyond Pilots: Keeping Rural Wireless Networks Alive},
	Year = 2008}

@electronic{RN21,
	Author = {{Texas Instruments}},
	Title = {TPS23861EVM-612 Evaluation Module for Quad IEEE 802.3at PoE PSE Controller},
	Type = {Electronic Article},
	Url = {http://www.ti.com/tool/tps23861evm-612#1},
	Bdsk-Url-1 = {http://www.ti.com/tool/tps23861evm-612#1}}

@article{RN16,
	Author = {S.P. Shiva Prakash and T.N. Nagabhushan and Kirill Krinkin},
	Journal = {International Journal of Computer Applications},
	Month = {March},
	Note = {Published by Foundation of Computer Science (FCS), NY, USA},
	Number = {4},
	Pages = {1-7},
	Title = {Article: Energy Aware Power Save Mode based AODV Routing for IEEE 802.11s Wireless Mesh Networks},
	Volume = {137},
	Year = {2016}}

@electronic{RN19,
	Author = {{Ubiquiti Networks}},
	Title = {airFiber Datasheet},
	Type = {Electronic Article},
	Url = {https://dl.ubnt.com/datasheets/airfiber/airFiber_DS.pdf},
	Bdsk-Url-1 = {https://dl.ubnt.com/datasheets/airfiber/airFiber_DS.pdf}}

@electronic{RN17,
	Author = {{Ubiquiti Networks}},
	Title = {Rocket Prism 5AC Gen 2 Datasheet},
	Type = {Electronic Article},
	Url = {https://dl.ubnt.com/datasheets/RocketAC/Rocket_Prism_AC_Gen2_DS.pdf},
	Bdsk-Url-1 = {https://dl.ubnt.com/datasheets/RocketAC/Rocket_Prism_AC_Gen2_DS.pdf}}

@electronic{RN22,
	Author = {{ns3 project}},
	Title = {Energy Framework},
	Type = {Electronic Article},
	Url = {https://www.nsnam.org/docs/models/html/energy.html},
	Bdsk-Url-1 = {https://www.nsnam.org/docs/models/html/energy.html}}

@mastersthesis{RN23,
	Author = {Duncan Cameron},
	School = {Victoria University of Wellington},
	Title = {Broadband for Remote and Rural Communities},
	Year = {2020}}

@inproceedings{RN24,
	Address = {Boston, MA},
	Author = {Shaddi Hasan and Mary Claire Barela and Matthew Johnson and Eric Brewer and Kurtis Heimerl},
	Booktitle = {Proceedings of the 16th {USENIX} Symposium on Networked Systems Design and Implementation ({NSDI} 19)},
	Isbn = {978-1-931971-49-2},
	Pages = {735--750},
	Publisher = {{USENIX} Association},
	Title = {Scaling Community Cellular Networks with CommunityCellularManager},
	Url = {https://www.usenix.org/conference/nsdi19/presentation/hasan},
	Year = {2019},
	Bdsk-Url-1 = {https://www.usenix.org/conference/nsdi19/presentation/hasan}}

@article{RN25,
	Author = {Nguyen, Tri and Yim, Taihyong and Jeon, Youchan and Kyung, Yeunwoong and Park, Jinwoo},
	Doi = {10.1186/1687-1499-2014-104},
	Journal = {EURASIP Journal on Wireless Communications and Networking},
	Month = {06},
	Pages = {1-12},
	Title = {QoS-Aware Dynamic Resource Allocation for Wireless Broadband Access Networks},
	Volume = {2014},
	Year = {2014},
	Bdsk-Url-1 = {https://doi.org/10.1186/1687-1499-2014-104}}

@article{RN26,
	Author = {{\L}. {Budzisz} and F. {Ganji} and G. {Rizzo} and M. {Ajmone Marsan} and M. {Meo} and Y. {Zhang} and G. {Koutitas} and L. {Tassiulas} and S. {Lambert} and B. {Lannoo} and M. {Pickavet} and A. {Conte} and I. {Haratcherev} and A. {Wolisz}},
	Doi = {10.1109/COMST.2014.2329505},
	Issn = {1553-877X},
	Journal = {IEEE Communications Surveys Tutorials},
	Keywords = {energy conservation;energy consumption;radio access networks;wireless LAN;dynamic resource provisioning;energy efficiency;wireless access network design space;interference mitigation;terminal battery lifetime;energy consumption;efficient resource management schemes;WLAN;including cellular networks;Power demand;Wireless networks;Wireless LAN;Radio access networks;IEEE 802.16 Standards;Energy efficiency;Energy consumption;Green networking;on/off switching;sleep modes;cellular networks;WLAN;femtocells},
	Month = {Fourthquarter},
	Number = {4},
	Pages = {2259-2285},
	Title = {Dynamic Resource Provisioning for Energy Efficiency in Wireless Access Networks: A Survey and an Outlook},
	Volume = {16},
	Year = {2014},
	Bdsk-Url-1 = {https://doi.org/10.1109/COMST.2014.2329505}}

@inproceedings{RN27,
	Author = {A. {Nungu} and R. {Olsson} and B. {Pehrson}},
	Booktitle = {Proceedings of the 2011 IEEE Symposium on Computers and Communications (ISCC)},
	Doi = {10.1109/ISCC.2011.5983868},
	Issn = {1530-1346},
	Keywords = {broadband networks;power system reliability;renewable energy sources;solar power stations;telecommunication power supplies;wind power;communication network;broadband network;solar energy;wind energy;power storage technology;Serengeti community network;rural Tanzania;Ethernet link;WiFi link;power generation;power management;network management system;reliable telecommunication power supply;power-outages;Batteries;Power supplies;Communities;Availability;Broadband communication;Temperature measurement;Power grids;Green networking;alternative energies;developing regions;remote areas},
	Month = {June},
	Pages = {383-390},
	Title = {On powering communication networks in developing regions},
	Year = {2011},
	Bdsk-Url-1 = {https://doi.org/10.1109/ISCC.2011.5983868}}

@inproceedings{RN28,
	Address = {USA},
	Author = {Heller, Brandon and Seetharaman, Srini and Mahadevan, Priya and Yiakoumis, Yiannis and Sharma, Puneet and Banerjee, Sujata and McKeown, Nick},
	Booktitle = {Proceedings of the 7th USENIX Conference on Networked Systems Design and Implementation},
	Location = {San Jose, California},
	Numpages = {1},
	Pages = {17},
	Publisher = {USENIX Association},
	Series = {NSDI'10},
	Title = {ElasticTree: Saving Energy in Data Center Networks},
	Year = {2010}}

@online{RN29,
	Author = {Fran{\c c}ois-Xavier Bourlet},
	Month = {May},
	Title = {zerorpc Protocol},
	Url = {https://github.com/0rpc/zerorpc-python/blob/master/doc/protocol.md},
	Year = {2015},
	Bdsk-Url-1 = {https://github.com/0rpc/zerorpc-python/blob/master/doc/protocol.md}}

@inproceedings{RN30,
	Author = {J. {Ahrenholz}},
	Booktitle = {Proceedings of the {MILCOM} 2010 Military Communications Conference},
	Doi = {10.1109/MILCOM.2010.5680218},
	Issn = {2155-7586},
	Keywords = {computer networks;public domain software;virtual machines;virtualisation;CORE network emulation platforms;common open research emulator;virtualization;FreeBSD jails;Linux OpenVZ;Linux namespaces containers;network emulation tool;Linux;Emulation;Containers;Throughput;Graphical user interfaces;Kernel;Servers;network emulation;virtualization;routing;wireless;MANET},
	Month = {Oct},
	Pages = {166-171},
	Title = {Comparison of CORE network emulation platforms},
	Year = {2010},
	Bdsk-Url-1 = {https://doi.org/10.1109/MILCOM.2010.5680218}}

@online{RN31,
	Author = {Capoano, Federico and Kaplan, Aaron},
	Month = {July},
	Title = {NetJSON: data interchange format for networks},
	Url = {http://netjson.org/rfc.html},
	Year = {2015},
	Bdsk-Url-1 = {http://netjson.org/rfc.html}}

@online{RN32,
	Author = {Bostock, Mike},
	Month = {March},
	Title = {Data-Driven Documents},
	Url = {https://github.com/d3/d3/wiki},
	Year = {2018},
	Bdsk-Url-1 = {https://github.com/d3/d3/wiki}}

@inproceedings{RN33,
	Acmid = {2787497},
	Address = {New York, NY, USA},
	Author = {Vissicchio, Stefano and Tilmans, Olivier and Vanbever, Laurent and Rexford, Jennifer},
	Booktitle = {Proceedings of the 2015 ACM Conference on Special Interest Group on Data Communication},
	Doi = {10.1145/2785956.2787497},
	Isbn = {978-1-4503-3542-3},
	Keywords = {SDN, fibbing, link-state routing},
	Location = {London, United Kingdom},
	Numpages = {14},
	Pages = {43--56},
	Publisher = {ACM},
	Series = {SIGCOMM '15},
	Title = {Central Control Over Distributed Routing},
	Url = {http://doi.acm.org/10.1145/2785956.2787497},
	Year = {2015},
	Bdsk-Url-1 = {http://doi.acm.org/10.1145/2785956.2787497},
	Bdsk-Url-2 = {https://doi.org/10.1145/2785956.2787497}}

@inproceedings{RN34,
	Author = {S. {Zehl} and A. {Zubow} and A. {Wolisz}},
	Booktitle = {Proceedings of the 2016 IEEE/IFIP Network Operations and Management Symposium (NOMS 2016)},
	Doi = {10.1109/NOMS.2016.7502950},
	Issn = {2374-9709},
	Keywords = {channel allocation;mobility management (mobile radio);multi-access systems;wireless LAN;seamless handover scheme;enterprise IEEE 802.11 network;network performance;channel assignment;MAC-layer handover;dynamic frequency selection;DFS;BIGAP;wireless client;Handover;IEEE 802.11 Standard;Radio frequency;Switches;Load management},
	Month = {April},
	Pages = {1015-1016},
	Title = {BIGAP --- A seamless handover scheme for high performance enterprise IEEE 802.11 networks},
	Year = {2016},
	Bdsk-Url-1 = {https://doi.org/10.1109/NOMS.2016.7502950}}

@techreport{RN35,
	Author = {C. Filsfils and S. Previdi and L. Ginsberg and B. Decraene and S. Litkowski and R. Shakir},
	Howpublished = {Internet Requests for Comments},
	Institution = {RFC Editor},
	Issn = {2070-1721},
	Month = {July},
	Number = {8402},
	Publisher = {RFC Editor},
	Title = {Segment Routing Architecture},
	Type = {RFC},
	Year = {2018}}

@inproceedings{RN36,
	Author = {S. {Even} and A. {Itai} and A. {Shamir}},
	Booktitle = {Proceedings of the 16th Annual Symposium on Foundations of Computer Science (sfcs 1975)},
	Doi = {10.1109/SFCS.1975.21},
	Issn = {0272-5428},
	Keywords = {Education;Polynomials;Computer science;Time factors;Constraint theory;Mathematical model;Educational institutions;NP-complete problem},
	Month = {Oct},
	Pages = {184-193},
	Title = {On the complexity of time table and multi-commodity flow problems},
	Year = {1975},
	Bdsk-Url-1 = {https://doi.org/10.1109/SFCS.1975.21}}

@inproceedings{RN37,
	Acmid = {3209874},
	Address = {New York, NY, USA},
	Articleno = {16},
	Author = {P\"{o}tsch, Thomas and Yousaf, Salman and Raghavan, Barath and Chen, Jay},
	Booktitle = {Proceedings of the 1st ACM SIGCAS Conference on Computing and Sustainable Societies},
	Doi = {10.1145/3209811.3209874},
	Isbn = {978-1-4503-5816-3},
	Keywords = {Network deployment, Network planning, WISP networks},
	Location = {Menlo Park and San Jose, CA, USA},
	Numpages = {11},
	Pages = {16:1--16:11},
	Publisher = {ACM},
	Series = {COMPASS '18},
	Title = {Zyxt: A Network Planning Tool for Rural Wireless ISPs},
	Url = {http://doi.acm.org/10.1145/3209811.3209874},
	Year = {2018},
	Bdsk-Url-1 = {http://doi.acm.org/10.1145/3209811.3209874},
	Bdsk-Url-2 = {https://doi.org/10.1145/3209811.3209874}}

@inproceedings{RN38,
	Acmid = {2442897},
	Address = {New York, NY, USA},
	Articleno = {11},
	Author = {Rey-Moreno, Carlos and Roro, Zukile and Tucker, William D. and Siya, Masbulele Jay and Bidwell, Nicola J. and Simo-Reigadas, Javier},
	Booktitle = {Proceedings of the 3rd ACM Symposium on Computing for Development},
	Doi = {10.1145/2442882.2442897},
	Isbn = {978-1-4503-1856-3},
	Keywords = {VoIP, baseline study, community co-design, inverse infrastructure, participatory and ethnographic methods, telecommunications},
	Location = {Bangalore, India},
	Numpages = {10},
	Pages = {11:1--11:10},
	Publisher = {ACM},
	Series = {ACM DEV '13},
	Title = {Experiences, Challenges and Lessons from Rolling out a Rural WiFi Mesh Network},
	Url = {http://doi.acm.org/10.1145/2442882.2442897},
	Year = {2013},
	Bdsk-Url-1 = {http://doi.acm.org/10.1145/2442882.2442897},
	Bdsk-Url-2 = {https://doi.org/10.1145/2442882.2442897}}

@inproceedings{RN39,
	Address = {Berlin, Heidelberg},
	Author = {Mishra, Shridhar Mubaraq and Hwang, John and Filippini, Dick and Moazzami, Reza and Subramanian, Lakshminarayanan and Du, Tom},
	Booktitle = {Internet and Network Economics},
	Editor = {Deng, Xiaotie and Ye, Yinyu},
	Pages = {184--194},
	Publisher = {Springer Berlin Heidelberg},
	Title = {Economic Analysis of Networking Technologies for Rural Developing Regions},
	Year = {2005}}

@inproceedings{RN40,
	Author = {{Zhuochuan Huang} and {Chien-Chung Shen} and C. {Srisathapornphat} and C. {Jaikaeo}},
	Booktitle = {Proceedings of the Eleventh International Conference on Computer Communications and Networks},
	Doi = {10.1109/ICCCN.2002.1043039},
	Issn = {1095-2055},
	Keywords = {network topology;ad hoc networks;directive antennas;antenna radiation patterns;power control;telecommunication control;array signal processing;mobile radio;distributed topology control;ad hoc networks;directional antennas;antenna pattern;transmission power adjustment;mobile nodes;multihop wireless channels;Network topology;Ad hoc networks;Directional antennas;Transmitting antennas;Distributed control;Routing;Directive antennas;Distributed algorithms;Communication system control;Collaborative work},
	Month = {Oct},
	Pages = {16-21},
	Title = {Topology control for ad hoc networks with directional antennas},
	Year = {2002},
	Bdsk-Url-1 = {https://doi.org/10.1109/ICCCN.2002.1043039}}

@online{RN41,
	Author = {{Gurobi Optimization, LLC}},
	Note = {Accessed: 21 August 2019},
	Title = {About Gurobi},
	Url = {https://www.gurobi.com/company/about-gurobi/},
	Year = {no date},
	Bdsk-Url-1 = {https://www.gurobi.com/company/about-gurobi/}}

@online{RN42,
	Author = {{Infineon Technologies AG}},
	Note = {Accessed: 21 August 2019},
	Title = {About Us},
	Url = {https://www.infineon.com/cms/en/about-infineon/},
	Year = {no date},
	Bdsk-Url-1 = {https://www.infineon.com/cms/en/about-infineon/}}

@online{RN43,
	Author = {Sadayuki Furuhashi},
	Note = {Accessed: 21 August 2019},
	Title = {MessagePack},
	Url = {https://msgpack.org/index.html},
	Year = {2019},
	Bdsk-Url-1 = {https://msgpack.org/index.html}}

@online{RN44,
	Author = {{The ZeroMQ Authors}},
	Note = {Accessed: 21 August 2019},
	Title = {ZeroMQ - An open-source universal messaging library},
	Url = {https://zeromq.org/},
	Year = {2019},
	Bdsk-Url-1 = {https://zeromq.org/}}

@book{RN45,
	Author = {Cormen, Thomas H. and Leiserson, Charles E. and Rivest, Ronald L. and Stein, Clifford},
	Edition = {3rd},
	Isbn = {0262033844, 9780262033848},
	Publisher = {The MIT Press},
	Title = {Introduction to Algorithms, Third Edition},
	Year = {2009}}

@article{RN46,
	Acmid = {1232925},
	Address = {New York, NY, USA},
	Author = {Kandula, Srikanth and Katabi, Dina and Sinha, Shantanu and Berger, Arthur},
	Doi = {10.1145/1232919.1232925},
	Issn = {0146-4833},
	Issue_Date = {April 2007},
	Journal = {SIGCOMM Comput. Commun. Rev.},
	Keywords = {FLARE, packet reordering, traffic splitting},
	Month = mar,
	Number = {2},
	Numpages = {12},
	Pages = {51--62},
	Publisher = {ACM},
	Title = {Dynamic Load Balancing Without Packet Reordering},
	Url = {http://doi.acm.org/10.1145/1232919.1232925},
	Volume = {37},
	Year = {2007},
	Bdsk-Url-1 = {http://doi.acm.org/10.1145/1232919.1232925},
	Bdsk-Url-2 = {https://doi.org/10.1145/1232919.1232925}}

@online{RN47,
	Author = {{Ubiquiti Networks}},
	Note = {Accessed: 21 August 2019},
	Title = {Ubiquiti Networks},
	Url = {https://www.ui.com/},
	Year = {no date},
	Bdsk-Url-1 = {https://www.ui.com/}}

@inproceedings{RN48,
	Author = {S. {Tombaz} and P. {Monti} and F. {Farias} and M. {Fiorani} and L. {Wosinska} and J. {Zander}},
	Booktitle = {Proceedings of the 2014 IEEE International Conference on Communications (ICC)},
	Doi = {10.1109/ICC.2014.6883951},
	Issn = {1550-3607},
	Keywords = {radio networks;telecommunication traffic;green wireless access networks;mobile operators;exponential traffic;portable devices;energy consumption;macro cells;base station;network deployments;data traffic requirements;hybrid backhaul architectures;Power demand;Computer architecture;Microwave antennas;Wireless networks;Buildings;Optical switches;Base stations;Energy Efficiency;Backhaul;Fiber;Microwave;VDSL2;Power Consumption;Traffic Model;Smallcells;Heterogeneous Networks},
	Month = {June},
	Pages = {4029-4035},
	Title = {Is backhaul becoming a bottleneck for green wireless access networks?},
	Year = {2014},
	Bdsk-Url-1 = {https://doi.org/10.1109/ICC.2014.6883951}}

@inproceedings{RN49,
	Author = {M. {Fiorani} and S. {Tombaz} and P. {Monti} and M. {Casoni} and L. {Wosinska}},
	Booktitle = {Proceedings of the 2014 International Conference on Optical Network Design and Modeling},
	Keywords = {broadband networks;radio networks;green backhauling;rural areas;wireless broadband access;remote areas;wireless operators;energy consumption;rural wireless broadband network;backhaul technologies;macro base station;small base stations;passive optical networks;QoS requirements;Power demand;Satellites;Microwave antennas;Passive optical networks;Broadband communication;Wireless networks},
	Month = {May},
	Pages = {114-119},
	Title = {Green backhauling for rural areas},
	Year = {2014}}

@inproceedings{RN50,
	Author = {M. {Zhang} and C. {Yi} and B. {Liu} and B. {Zhang}},
	Booktitle = {Proceedings of the 18th IEEE International Conference on Network Protocols},
	Doi = {10.1109/ICNP.2010.5762751},
	Issn = {1092-1648},
	Keywords = {energy conservation;integer programming;power aware computing;telecommunication computing;telecommunication links;telecommunication network routing;telecommunication network topology;GreenTE;power-aware traffic engineering;current network infrastructure;router power management;intra-domain traffic engineering mechanism;packet delay;link utilization;line-card power consumption reduction;shortest path routing;Routing;Power demand;Network topology;Mathematical model;Multiprotocol label switching;Turning;Delay},
	Month = {Oct},
	Pages = {21-30},
	Title = {GreenTE: Power-aware traffic engineering},
	Year = {2010},
	Bdsk-Url-1 = {https://doi.org/10.1109/ICNP.2010.5762751}}

@inproceedings{RN51,
	Author = {E. {Zola} and A. J. {Kassler} and W. {Kim}},
	Booktitle = {Proceedings of the 2017 IEEE Wireless Communications and Networking Conference (WCNC)},
	Doi = {10.1109/WCNC.2017.7925706},
	Issn = {1558-2612},
	Keywords = {5G mobile communication;air pollution;optimisation;probability;telecommunication network routing;telecommunication power management;joint user association-energy aware routing;green small-cell mmwave backhaul networks;small-cell dense deployment;5G mobile networks;cabling costs;multihop topology;high-capacity backhaul wireless links;mmwave band;macrocell coverage area;eNB;heterogeneous network concept;green networking;OPEX;carbon dioxide emission;optimization model;total power consumption minimization;5G hetnet deployment;user association;multihop backhaul;user demand;power savings;traffic demand distribution;blocking probability;Power demand;5G mobile communication;Routing;Numerical models;Transceivers;Power generation;Wireless communication},
	Month = {March},
	Pages = {1-6},
	Title = {Joint User Association and Energy Aware Routing for Green Small Cell mmWave Backhaul Networks},
	Year = {2017},
	Bdsk-Url-1 = {https://doi.org/10.1109/WCNC.2017.7925706}}

@article{RN52,
	Acmid = {1355746},
	Address = {New York, NY, USA},
	Author = {McKeown, Nick and Anderson, Tom and Balakrishnan, Hari and Parulkar, Guru and Peterson, Larry and Rexford, Jennifer and Shenker, Scott and Turner, Jonathan},
	Doi = {10.1145/1355734.1355746},
	Issn = {0146-4833},
	Issue_Date = {April 2008},
	Journal = {SIGCOMM Comput. Commun. Rev.},
	Keywords = {ethernet switch, flow-based, virtualization},
	Month = mar,
	Number = {2},
	Numpages = {6},
	Pages = {69--74},
	Publisher = {ACM},
	Title = {OpenFlow: Enabling Innovation in Campus Networks},
	Url = {http://doi.acm.org/10.1145/1355734.1355746},
	Volume = {38},
	Year = {2008},
	Bdsk-Url-1 = {http://doi.acm.org/10.1145/1355734.1355746},
	Bdsk-Url-2 = {https://doi.org/10.1145/1355734.1355746}}

@online{RN53,
	Author = {{Netonix}},
	Note = {Accessed: 21 August 2019},
	Title = {Our Story},
	Url = {https://www.netonix.com/about-netonix/},
	Year = {2014},
	Bdsk-Url-1 = {https://www.netonix.com/about-netonix/}}

@inproceedings{RN54,
	Author = {R. {Carpa} and O. {Gl{\"u}ck} and L. {Lefevre}},
	Booktitle = {Proceedings of the 2014 IEEE International Conference on Advanced Networks and Telecommunications Systems (ANTS)},
	Doi = {10.1109/ANTS.2014.7057272},
	Month = {Dec},
	Pages = {1-6},
	Title = {Segment routing based traffic engineering for energy efficient backbone networks},
	Year = {2014},
	Bdsk-Url-1 = {https://doi.org/10.1109/ANTS.2014.7057272}}

@inproceedings{RN55,
	Acmid = {2342065},
	Address = {Berlin, Heidelberg},
	Author = {Shen, Meng and Liu, Hongying and Xu, Ke and Wang, Ning and Zhong, Yifeng},
	Booktitle = {Proceedings of the 11th International IFIP TC 6 Conference on Networking - Volume Part I},
	Doi = {10.1007/978-3-642-30045-5_18},
	Isbn = {978-3-642-30044-8},
	Keywords = {OSPF, energy saving, routing, traffic engineering},
	Location = {Prague, Czech Republic},
	Numpages = {15},
	Pages = {232--246},
	Publisher = {Springer-Verlag},
	Series = {IFIP'12},
	Title = {Routing on Demand: Toward the Energy-aware Traffic Engineering with OSPF},
	Year = {2012},
	Bdsk-Url-1 = {https://doi.org/10.1007/978-3-642-30045-5_18}}

@online{RN56,
	Author = {{Venture Networks}},
	Note = {Accessed: 21 August 2019},
	Title = {Super-Fast Rural Broadband},
	Url = {https://www.venturenetworks.co.nz/},
	Year = {no date},
	Bdsk-Url-1 = {https://www.venturenetworks.co.nz/}}

@online{RN57,
	Author = {{Gurobi Optimization, LLC}},
	Note = {Accessed: 21 August 2019},
	Title = {Gurobi Compute Server},
	Url = {https://www.gurobi.com/products/gurobi-compute-server-2/},
	Year = {no date},
	Bdsk-Url-1 = {https://www.gurobi.com/products/gurobi-compute-server-2/}}
