@inproceedings{dong2017metapath2vec,
  title={metapath2vec: Scalable representation learning for heterogeneous networks},
  author={Dong, Yuxiao and Chawla, Nitesh V and Swami, Ananthram},
  booktitle={Proceedings of the 23rd ACM SIGKDD international conference on knowledge discovery and data mining},
  pages={135--144},
  year={2017}
}

@inproceedings{fu2020magnn,
  title={Magnn: Metapath aggregated graph neural network for heterogeneous graph embedding},
  author={Fu, Xinyu and Zhang, Jiani and Meng, Ziqiao and King, Irwin},
  booktitle={Proceedings of The Web Conference 2020},
  pages={2331--2341},
  year={2020}
}

@inproceedings{grover2016node2vec,
  title={node2vec: Scalable feature learning for networks},
  author={Grover, Aditya and Leskovec, Jure},
  booktitle={Proceedings of the 22nd ACM SIGKDD international conference on Knowledge discovery and data mining},
  pages={855--864},
  year={2016}
}

@inproceedings{perozzi2014deepwalk,
  title={Deepwalk: Online learning of social representations},
  author={Perozzi, Bryan and Al-Rfou, Rami and Skiena, Steven},
  booktitle={Proceedings of the 20th ACM SIGKDD international conference on Knowledge discovery and data mining},
  pages={701--710},
  year={2014}
}

@article{shi2014hetesim,
  title={Hetesim: A general framework for relevance measure in heterogeneous networks},
  author={Shi, Chuan and Kong, Xiangnan and Huang, Yue and Philip, S Yu and Wu, Bin},
  journal={IEEE Transactions on Knowledge and Data Engineering},
  volume={26},
  number={10},
  pages={2479--2492},
  year={2014},
  publisher={IEEE}
}

@article{sun2011pathsim,
  title={Pathsim: Meta path-based top-k similarity search in heterogeneous information networks},
  author={Sun, Yizhou and Han, Jiawei and Yan, Xifeng and Yu, Philip S and Wu, Tianyi},
  journal={Proceedings of the VLDB Endowment},
  volume={4},
  number={11},
  pages={992--1003},
  year={2011},
  publisher={VLDB Endowment}
}

@article{velivckovic2017graph,
  title={Graph attention networks},
  author={Veli{\v{c}}kovi{\'c}, Petar and Cucurull, Guillem and Casanova, Arantxa and Romero, Adriana and Lio, Pietro and Bengio, Yoshua},
  journal={arXiv preprint arXiv:1710.10903},
  year={2017}
}

@inproceedings{wang2019heterogeneous,
  title={Heterogeneous graph attention network},
  author={Wang, Xiao and Ji, Houye and Shi, Chuan and Wang, Bai and Ye, Yanfang and Cui, Peng and Yu, Philip S},
  booktitle={The world wide web conference},
  pages={2022--2032},
  year={2019}
}

@inproceedings{wang2020howsim,
  title={HowSim: A General and Effective Similarity Measure on Heterogeneous Information Networks},
  author={Wang, Yue and Wang, Zhe and Zhao, Ziyuan and Li, Zijian and Jian, Xun and Chen, Lei and Song, Jianchun},
  booktitle={2020 IEEE 36th International Conference on Data Engineering (ICDE)},
  pages={1954--1957},
  year={2020},
  organization={IEEE}
}

@inproceedings{zhang2019heterogeneous,
  title={Heterogeneous graph neural network},
  author={Zhang, Chuxu and Song, Dongjin and Huang, Chao and Swami, Ananthram and Chawla, Nitesh V},
  booktitle={Proceedings of the 25th ACM SIGKDD international conference on knowledge discovery \& data mining},
  pages={793--803},
  year={2019}
}

