@inproceedings{jeh2002simrank,
  title={Simrank: a measure of structural-context similarity},
  author={Jeh, Glen and Widom, Jennifer},
  booktitle={Proceedings of the eighth ACM SIGKDD international conference on Knowledge discovery and data mining},
  pages={538--543},
  year={2002}
}
@inproceedings{wei2019prsim,
  title={Prsim: Sublinear time simrank computation on large power-law graphs},
  author={Wei, Zhewei and He, Xiaodong and Xiao, Xiaokui and Wang, Sibo and Liu, Yu and Du, Xiaoyong and Wen, Ji-Rong},
  booktitle={Proceedings of the 2019 International Conference on Management of Data},
  pages={1042--1059},
  year={2019}
}
@article{sun2011pathsim,
  title={Pathsim: Meta path-based top-k similarity search in heterogeneous information networks},
  author={Sun, Yizhou and Han, Jiawei and Yan, Xifeng and Yu, Philip S and Wu, Tianyi},
  journal={Proceedings of the VLDB Endowment},
  volume={4},
  number={11},
  pages={992--1003},
  year={2011},
  publisher={VLDB Endowment}
}
@inproceedings{wang2020howsim,
  title={HowSim: A General and Effective Similarity Measure on Heterogeneous Information Networks},
  author={Wang, Yue and Wang, Zhe and Zhao, Ziyuan and Li, Zijian and Jian, Xun and Chen, Lei and Song, Jianchun},
  booktitle={2020 IEEE 36th International Conference on Data Engineering (ICDE)},
  pages={1954--1957},
  year={2020},
  organization={IEEE}
}
@inproceedings{Cantador:RecSys2011,
      author = {Cantador, Iv\'{a}n and Brusilovsky, Peter and Kuflik, Tsvi},
      title = {2nd Workshop on Information Heterogeneity and Fusion in Recommender Systems (HetRec 2011)},
      booktitle = {Proceedings of the 5th ACM conference on Recommender systems},
      series = {RecSys 2011},
      year = {2011},
      location = {Chicago, IL, USA},
      publisher = {ACM},
      address = {New York, NY, USA},
      keywords = {information heterogeneity, information integration, recommender systems},
} 
@inproceedings{tang2008arnetminer,
  title={Arnetminer: extraction and mining of academic social networks},
  author={Tang, Jie and Zhang, Jing and Yao, Limin and Li, Juanzi and Zhang, Li and Su, Zhong},
  booktitle={Proceedings of the 14th ACM SIGKDD international conference on Knowledge discovery and data mining},
  pages={990--998},
  year={2008}
}
@inproceedings{jeh2003scaling,
  title={Scaling personalized web search},
  author={Jeh, Glen and Widom, Jennifer},
  booktitle={Proceedings of the 12th international conference on World Wide Web},
  pages={271--279},
  year={2003}
}
@inproceedings{zhao2009p,
  title={P-rank: a comprehensive structural similarity measure over information networks},
  author={Zhao, Peixiang and Han, Jiawei and Sun, Yizhou},
  booktitle={Proceedings of the 18th ACM conference on Information and knowledge management},
  pages={553--562},
  year={2009}
}
@inproceedings{tian2016sling,
  title={Sling: A near-optimal index structure for simrank},
  author={Tian, Boyu and Xiao, Xiaokui},
  booktitle={Proceedings of the 2016 International Conference on Management of Data},
  pages={1859--1874},
  year={2016}
}
@article{2017ProbeSim,
  title={ProbeSim: Scalable Single-Source and Top-k SimRank Computations on Dynamic Graphs},
  author={ Liu, Yu  and  Zheng, Bolong  and  He, Xiaodong  and  Wei, Zhewei  and  Xiao, Xiaokui  and  Zheng, Kai  and  Lu, Jiaheng },
  journal={Proceedings of the VLDB Endowment},
  volume={11},
  number={1},
  year={2017},
}
@article{jiang2017reads,
  title={READS: a random walk approach for efficient and accurate dynamic SimRank},
  author={Jiang, Minhao and Fu, Ada Wai-Chee and Wong, Raymond Chi-Wing},
  journal={Proceedings of the VLDB Endowment},
  volume={10},
  number={9},
  pages={937--948},
  year={2017},
  publisher={VLDB Endowment}
}
@article{wang2021exactsim,
  title={ExactSim: benchmarking single-source SimRank algorithms with high-precision ground truths},
  author={Wang, Hanzhi and Wei, Zhewei and Liu, Yu and Yuan, Ye and Du, Xiaoyong and Wen, Ji-Rong},
  journal={The VLDB Journal},
  pages={1--27},
  year={2021},
  publisher={Springer}
}
@article{shi2014hetesim,
  title={Hetesim: A general framework for relevance measure in heterogeneous networks},
  author={Shi, Chuan and Kong, Xiangnan and Huang, Yue and Philip, S Yu and Wu, Bin},
  journal={IEEE Transactions on Knowledge and Data Engineering},
  volume={26},
  number={10},
  pages={2479--2492},
  year={2014},
  publisher={IEEE}
}
@inproceedings{wang2016relsim,
  title={Relsim: relation similarity search in schema-rich heterogeneous information networks},
  author={Wang, Chenguang and Sun, Yizhou and Song, Yanglei and Han, Jiawei and Song, Yangqiu and Wang, Lidan and Zhang, Ming},
  booktitle={Proceedings of the 2016 SIAM International Conference on Data Mining},
  pages={621--629},
  year={2016},
  organization={SIAM}
}
@inproceedings{xie2015edge,
  title={Edge-weighted personalized pagerank: Breaking a decade-old performance barrier},
  author={Xie, Wenlei and Bindel, David and Demers, Alan and Gehrke, Johannes},
  booktitle={Proceedings of the 21th ACM SIGKDD International Conference on Knowledge Discovery and Data Mining},
  pages={1325--1334},
  year={2015}
}
@article{shi2020realtime,
  title={Realtime index-free single source simrank processing on web-scale graphs},
  author={Shi, Jieming and Jin, Tianyuan and Yang, Renchi and Xiao, Xiaokui and Yang, Yin},
  journal={Proceedings of the VLDB Endowment},
  volume={13},
  number={7},
  year={2020}
}
@inproceedings{milo2019boosting,
  title={Boosting simrank with semantics},
  author={Milo, Tova and Somech, Amit and Youngmann, Brit},
  booktitle={Proc. EDBT},
  pages={1--12},
  year={2019}
}
@inproceedings{hong2022graphreformcd,
  title={GraphReformCD: Graph Reformulation for Effective Community Detection in Real-World Graphs},
  author={Hong, Jiwon and Seo, Dong-hyuk and Ahn, Jeewon and Kim, Sang-Wook},
  booktitle={Companion Proceedings of the Web Conference 2022},
  pages={180--183},
  year={2022}
}
@article{singh2022social,
  title={Social Network Analysis: A Survey on Measure, Structure, Language Information Analysis, Privacy, and Applications},
  author={Singh, Shashank Sheshar and Srivastava, Vishal and Kumar, Ajay and Tiwari, Shailendra and Singh, Dilbag and Lee, Heung-No},
  journal={Transactions on Asian and Low-Resource Language Information Processing},
  year={2022},
  publisher={ACM New York, NY}
}
@article{wang2020single,
  title={Single-cell RNA sequencing data clustering by low-rank subspace ensemble framework},
  author={Wang, ChuanYuan and Gao, Ying-Lian and Liu, Jin-Xing and Kong, Xiong-Zhen and Zheng, Chun-Hou},
  journal={IEEE/ACM Transactions on Computational Biology and Bioinformatics},
  year={2020},
  publisher={IEEE}
}
@inproceedings{zhang2020continuously,
  author="Zhang, Huayi and Cao, Lei and Yan, Yizhou and Madden, Samuel and Rundensteiner, Elke A",
  title="Continuously adaptive similarity search",
  booktitle="Proceedings of the 2020 ACM SIGMOD International Conference on Management of Data",
  pages="2601--2616",
  year="2020"
}
@article{echihabi2022hercules,
  title={Hercules against data series similarity search},
  author={Echihabi, Karima and Fatourou, Panagiota and Zoumpatianos, Kostas and Palpanas, Themis and Benbrahim, Houda},
  journal={arXiv preprint arXiv:2212.13297},
  year={2022}
}
@inproceedings{mccauley2018set,
  title={Set similarity search for skewed data},
  author={McCauley, Samuel and Mikkelsen, Jesper W and Pagh, Rasmus},
  booktitle={Proceedings of the 37th ACM SIGMOD-SIGACT-SIGAI Symposium on Principles of Database Systems},
  pages={63--74},
  year={2018}
}
@inproceedings{chodpathumwan2021structural,
  title={Structural generalizability: the case of similarity search},
  author={Chodpathumwan, Yodsawalai and Termehchy, Arash and Ramsey, Stephen A and Shrestha, Aayam and Glen, Amy and Liu, Zheng},
  booktitle={Proceedings of the 2021 International Conference on Management of Data},
  pages={326--338},
  year={2021}
}
@inproceedings{kim2021boosting,
  title={Boosting graph similarity search through pre-computation},
  author={Kim, Jongik},
  booktitle={Proceedings of the 2021 International Conference on Management of Data},
  pages={951--963},
  year={2021}
}
@inproceedings{patroumpas2020similarity,
  title={Similarity search over enriched geospatial data},
  author={Patroumpas, Kostas and Skoutas, Dimitrios},
  booktitle={Proceedings of the Sixth International ACM SIGMOD Workshop on Managing and Mining Enriched Geo-Spatial Data},
  pages={1--6},
  year={2020}
}
@inproceedings{wang2021deep,
  title={Deep learning embeddings for data series similarity search},
  author={Wang, Qitong and Palpanas, Themis},
  booktitle={Proceedings of the 27th ACM SIGKDD conference on knowledge discovery \& data mining},
  pages={1708--1716},
  year={2021}
}
@inproceedings{yang2022efficient,
  title={Efficient and Effective Similarity Search over Bipartite Graphs},
  author={Yang, Renchi},
  booktitle={Proceedings of the ACM Web Conference 2022},
  pages={308--318},
  year={2022}
}
@article{selvitopi2023extreme,
  title={Extreme-scale many-against-many protein similarity search},
  author={Selvitopi, Oguz and Ekanayake, Saliya and Guidi, Giulia and Awan, Muaaz G and Pavlopoulos, Georgios A and Azad, Ariful and Kyrpides, Nikos and Oliker, Leonid and Yelick, Katherine and Bulu{\c{c}}, Ayd{\i}n},
  journal={arXiv preprint arXiv:2303.01845},
  year={2023}
}
@inproceedings{willkomm2019efficient,
  title={Efficient interval-focused similarity search under dynamic time warping},
  author={Willkomm, Jens and Bettinger, Janek and Sch{\"a}ler, Martin and B{\"o}hm, Klemens},
  booktitle={Proceedings of the 16th International Symposium on Spatial and Temporal Databases},
  pages={130--139},
  year={2019}
}
@inproceedings{dey2020p,
  title={P-Simrank: Extending Simrank to Scale-free bipartite networks},
  author={Dey, Prasenjit and Goel, Kunal and Agrawal, Rahul},
  booktitle={Proceedings of The Web Conference 2020},
  pages={3084--3090},
  year={2020}
}
@article{pavlopoulos2018bipartite,
  title={Bipartite graphs in systems biology and medicine: a survey of methods and applications},
  author={Pavlopoulos, Georgios A and Kontou, Panagiota I and Pavlopoulou, Athanasia and Bouyioukos, Costas and Markou, Evripides and Bagos, Pantelis G},
  journal={GigaScience},
  volume={7},
  number={4},
  pages={giy014},
  year={2018},
  publisher={Oxford University Press}
}
@article{yi2022graph,
  title={Graph representation learning in bioinformatics: trends, methods and applications},
  author={Yi, Hai-Cheng and You, Zhu-Hong and Huang, De-Shuang and Kwoh, Chee Keong},
  journal={Briefings in Bioinformatics},
  volume={23},
  number={1},
  pages={bbab340},
  year={2022},
  publisher={Oxford University Press}
}
@inproceedings{athanasiou2019big,
  title={Big POI data integration with Linked Data technologies.},
  author={Athanasiou, Spiros and Giannopoulos, Giorgos and Graux, Damien and Karagiannakis, Nikos and Lehmann, Jens and Ngomo, Axel-Cyrille Ngonga and Patroumpas, Kostas and Sherif, Mohamed Ahmed and Skoutas, Dimitrios},
  booktitle={EDBT},
  pages={477--488},
  year={2019}
}
@inproceedings{zhang2019heterogeneous,
  title={Heterogeneous graph neural network},
  author={Zhang, Chuxu and Song, Dongjin and Huang, Chao and Swami, Ananthram and Chawla, Nitesh V},
  booktitle={Proceedings of the 25th ACM SIGKDD international conference on knowledge discovery \& data mining},
  pages={793--803},
  year={2019}
}
@article{zhang2020graph,
  title={Graph filtering for recommendation on heterogeneous information networks},
  author={Zhang, Chuanyan and Hong, Xiaoguang},
  journal={IEEE Access},
  volume={8},
  pages={52872--52883},
  year={2020},
  publisher={IEEE}
}
@book{schutze2008introduction,
  title={Introduction to information retrieval},
  author={Sch{\"u}tze, Hinrich and Manning, Christopher D and Raghavan, Prabhakar},
  volume={39},
  year={2008},
  address		= "Munich",
  publisher={Cambridge University Press Cambridge}
}
@article{zheng2022semantic,
  title={Semantic-aware heterogeneous information network embedding with incompatible meta-paths},
  author={Zheng, Susu and Guan, Donghai and Yuan, Weiwei},
  journal={World Wide Web},
  pages={1--21},
  year={2022},
  publisher={Springer}
}
@article{liao2022contrastive,
  title={Contrastive heterogeneous graphs learning for multi-hop machine reading comprehension},
  author={Liao, Jinzhi and Zhao, Xiang and Li, Xinyi and Tang, Jiuyang and Ge, Bin},
  journal={World Wide Web},
  pages={1--19},
  year={2022},
  publisher={Springer}
}
@article{yang2020heterogeneous,
  title={Heterogeneous network representation learning: A unified framework with survey and benchmark},
  author={Yang, Carl and Xiao, Yuxin and Zhang, Yu and Sun, Yizhou and Han, Jiawei},
  journal={IEEE Transactions on Knowledge and Data Engineering},
  volume={34},
  number={10},
  pages={4854--4873},
  year={2020},
  publisher={IEEE}
}
@article{bordes2013translating,
  title={Translating embeddings for modeling multi-relational data},
  author={Bordes, Antoine and Usunier, Nicolas and Garcia-Duran, Alberto and Weston, Jason and Yakhnenko, Oksana},
  journal={Advances in neural information processing systems},
  volume={26},
  year={2013}
}
@article{c,
  title={Graph attention networks},
  author={Veli{\v{c}}kovi{\'c}, Petar and Cucurull, Guillem and Casanova, Arantxa and Romero, Adriana and Lio, Pietro and Bengio, Yoshua},
  journal={arXiv preprint arXiv:1710.10903},
  year={2017}
}
@inproceedings{wang2019heterogeneous,
  title={Heterogeneous graph attention network},
  author={Wang, Xiao and Ji, Houye and Shi, Chuan and Wang, Bai and Ye, Yanfang and Cui, Peng and Yu, Philip S},
  booktitle={The world wide web conference},
  pages={2022--2032},
  year={2019}
}
@inproceedings{hu2020heterogeneous,
  title={Heterogeneous graph transformer},
  author={Hu, Ziniu and Dong, Yuxiao and Wang, Kuansan and Sun, Yizhou},
  booktitle={Proceedings of the web conference 2020},
  pages={2704--2710},
  year={2020}
}
@inproceedings{huang2022estimating,
  title={Estimating node importance values in heterogeneous information networks},
  author={Huang, Chenji and Fang, Yixiang and Lin, Xuemin and Cao, Xin and Zhang, Wenjie and Orlowska, Maria},
  booktitle={2022 IEEE 38th International Conference on Data Engineering (ICDE)},
  pages={846--858},
  year={2022},
  organization={IEEE}
}
@article{chen2021uniting,
  title={Uniting heterogeneity, inductiveness, and efficiency for graph representation learning},
  author={Chen, Tong and Yin, Hongzhi and Ren, Jie and Huang, Zi and Zhang, Xiangliang and Wang, Hao},
  journal={IEEE Transactions on Knowledge and Data Engineering},
  year={2021},
  publisher={IEEE}
}
@inproceedings{yu2022multiplex,
  title={Multiplex heterogeneous graph convolutional network},
  author={Yu, Pengyang and Fu, Chaofan and Yu, Yanwei and Huang, Chao and Zhao, Zhongying and Dong, Junyu},
  booktitle={Proceedings of the 28th ACM SIGKDD Conference on Knowledge Discovery and Data Mining},
  pages={2377--2387},
  year={2022}
}
@inproceedings{liu2022user,
  title={User-Event Graph Embedding Learning for Context-Aware Recommendation},
  author={Liu, Dugang and He, Mingkai and Luo, Jinwei and Lin, Jiangxu and Wang, Meng and Zhang, Xiaolian and Pan, Weike and Ming, Zhong},
  booktitle={Proceedings of the 28th ACM SIGKDD Conference on Knowledge Discovery and Data Mining},
  pages={1051--1059},
  year={2022}
}
@inproceedings{fu2020magnn,
  title={Magnn: Metapath aggregated graph neural network for heterogeneous graph embedding},
  author={Fu, Xinyu and Zhang, Jiani and Meng, Ziqiao and King, Irwin},
  booktitle={Proceedings of The Web Conference 2020},
  pages={2331--2341},
  year={2020}
}
@inproceedings{perozzi2014deepwalk,
  title={Deepwalk: Online learning of social representations},
  author={Perozzi, Bryan and Al-Rfou, Rami and Skiena, Steven},
  booktitle={Proceedings of the 20th ACM SIGKDD international conference on Knowledge discovery and data mining},
  pages={701--710},
  year={2014}
}
@inproceedings{grover2016node2vec,
  title={node2vec: Scalable feature learning for networks},
  author={Grover, Aditya and Leskovec, Jure},
  booktitle={Proceedings of the 22nd ACM SIGKDD international conference on Knowledge discovery and data mining},
  pages={855--864},
  year={2016}
}
@article{velivckovic2017graph,
  title={Graph attention networks},
  author={Veli{\v{c}}kovi{\'c}, Petar and Cucurull, Guillem and Casanova, Arantxa and Romero, Adriana and Lio, Pietro and Bengio, Yoshua},
  journal={arXiv preprint arXiv:1710.10903},
  year={2017}
}
@inproceedings{dong2017metapath2vec,
  title={metapath2vec: Scalable representation learning for heterogeneous networks},
  author={Dong, Yuxiao and Chawla, Nitesh V and Swami, Ananthram},
  booktitle={Proceedings of the 23rd ACM SIGKDD international conference on knowledge discovery and data mining},
  pages={135--144},
  year={2017}
}
@article{brin1998pagerank,
  title={The PageRank citation ranking: bringing order to the web},
  author={Brin, Sergey},
  journal={Proceedings of ASIS, 1998},
  volume={98},
  pages={161--172},
  year={1998}
}
@article{mikolov2013efficient,
  title={Efficient estimation of word representations in vector space},
  author={Mikolov, Tomas and Chen, Kai and Corrado, Greg and Dean, Jeffrey},
  journal={arXiv preprint arXiv:1301.3781},
  year={2013}
}
@article{li2023metapath,
  title={Metapath-aggregated heterogeneous graph neural network for drug--target interaction prediction},
  author={Li, Mei and Cai, Xiangrui and Xu, Sihan and Ji, Hua},
  journal={Briefings in Bioinformatics},
  volume={24},
  number={1},
  pages={bbac578},
  year={2023},
  publisher={Oxford University Press}
}
@inproceedings{schlichtkrull2018modeling,
  title={Modeling relational data with graph convolutional networks},
  author={Schlichtkrull, Michael and Kipf, Thomas N and Bloem, Peter and Van Den Berg, Rianne and Titov, Ivan and Welling, Max},
  booktitle={The semantic web: 15th international conference, ESWC 2018, Heraklion, Crete, Greece, June 3--7, 2018, proceedings 15},
  pages={593--607},
  year={2018},
  organization={Springer}
}
@inproceedings{wen2024unified,
  title={Unified Visual Preference Learning for User Intent Understanding},
  author={Wen, Yihua and Chen, Si and Tian, Yu and Guan, Wanxian and Wang, Pengjie and Deng, Hongbo and Xu, Jian and Zheng, Bo and Li, Zihao and Zou, Lixin and others},
  booktitle={Proceedings of the 17th ACM International Conference on Web Search and Data Mining},
  pages={816--825},
  year={2024}
}
@inproceedings{zheng2023exploiting,
  title={Exploiting high-order interaction relations to explore user intent (student abstract)},
  author={Zheng, Xiangping and Liang, Xun and Wu, Bo},
  booktitle={Proceedings of the AAAI Conference on Artificial Intelligence},
  volume={37},
  number={13},
  pages={16388--16389},
  year={2023}
}
@inproceedings{rasch2023going,
  title={Going, going, gone: Exploring intention communication for multi-user locomotion in virtual reality},
  author={Rasch, Julian and Rusakov, Vladislav Dmitrievic and Schmitz, Martin and M{\"u}ller, Florian},
  booktitle={Proceedings of the 2023 CHI Conference on Human Factors in Computing Systems},
  pages={1--13},
  year={2023}
}
@inproceedings{pan2023iui,
  title={IUI: Intent-Enhanced User Interest Modeling for Click-Through Rate Prediction},
  author={Pan, Mao and Yu, Tao and Zhou, Kun and Li, Zheng and Wang, Dongyue and Ding, Zhuoye and Zhao, Xiwei and Xu, Sulong},
  booktitle={Proceedings of the 32nd ACM International Conference on Information and Knowledge Management},
  pages={2003--2012},
  year={2023}
}
@inproceedings{chen2023disentangling,
  title={Disentangling User Intention for Sequential Recommendation with Dual Intention Decoupling Network},
  author={Chen, Liangliang and Chen, Guang},
  booktitle={International Conference on Database Systems for Advanced Applications},
  pages={38--53},
  year={2023},
  organization={Springer}
}
@inproceedings{wang2023intention,
  title={Intention-aware user modeling for personalized news recommendation},
  author={Wang, Rongyao and Wang, Shoujin and Lu, Wenpeng and Peng, Xueping and Zhang, Weiyu and Zheng, Chaoqun and Qiao, Xinxiao},
  booktitle={International Conference on Database Systems for Advanced Applications},
  pages={179--194},
  year={2023},
  organization={Springer}
}
@inproceedings{xu2023int,
  title={Int-GNN: A user intention aware graph neural network for session-based recommendation},
  author={Xu, Guangning and Yang, Jinyang and Guo, Jinjin and Huang, Zhichao and Zhang, Bowen},
  booktitle={ICASSP 2023-2023 IEEE International Conference on Acoustics, Speech and Signal Processing (ICASSP)},
  pages={1--5},
  year={2023},
  organization={IEEE}
}
@inproceedings{fogaras2005scaling,
  title={Scaling link-based similarity search},
  author={Fogaras, D{\'a}niel and R{\'a}cz, Bal{\'a}zs},
  booktitle={Proceedings of the 14th international conference on World Wide Web},
  pages={641--650},
  year={2005}
}