@article{guo2025deepseek,
  title={DeepSeek-R1: Incentivizing Reasoning Capability in LLMs via Reinforcement Learning},
  author={Guo, Daya and Yang, Dejian and Zhang, Haowei and Song, Junxiao and Zhang, Ruoyu and Xu, Runxin and Zhu, Qihao and Ma, Shirong and Wang, Peiyi and Bi, Xiao and others},
  journal={arXiv preprint arXiv:2501.12948},
  year={2025}
}

@article{jaech2024openai,
  title={Openai o1 system card},
  author={Jaech, Aaron and Kalai, Adam and Lerer, Adam and Richardson, Adam and El-Kishky, Ahmed and Low, Aiden and Helyar, Alec and Madry, Aleksander and Beutel, Alex and Carney, Alex and others},
  journal={arXiv preprint arXiv:2412.16720},
  year={2024}
}

@article{snell2024scaling,
  title={Scaling llm test-time compute optimally can be more effective than scaling model parameters},
  author={Snell, Charlie and Lee, Jaehoon and Xu, Kelvin and Kumar, Aviral},
  journal={arXiv preprint arXiv:2408.03314},
  year={2024}
}

@article{wang2022self,
  title={Self-consistency improves chain of thought reasoning in language models},
  author={Wang, Xuezhi and Wei, Jason and Schuurmans, Dale and Le, Quoc and Chi, Ed and Narang, Sharan and Chowdhery, Aakanksha and Zhou, Denny},
  journal={arXiv preprint arXiv:2203.11171},
  year={2022}
}

@article{chen2023universal,
  title={Universal self-consistency for large language model generation},
  author={Chen, Xinyun and Aksitov, Renat and Alon, Uri and Ren, Jie and Xiao, Kefan and Yin, Pengcheng and Prakash, Sushant and Sutton, Charles and Wang, Xuezhi and Zhou, Denny},
  journal={arXiv preprint arXiv:2311.17311},
  year={2023}
}

@article{luo2024sed,
  title={SED: Self-Evaluation Decoding Enhances Large Language Models for Better Generation},
  author={Luo, Ziqin and Han, Haixia and Zhao, Haokun and Jiang, Guochao and Du, Chengyu and Li, Tingyun and Liang, Jiaqing and Yang, Deqing and Xiao, Yanghua},
  journal={arXiv preprint arXiv:2405.16552},
  year={2024}
}

@software{zeroeval,
    author = {Lin, Bill Yuchen},
    month = jul,
    title = {{ZeroEval: A Unified Framework for Evaluating Language Models}},
    url = {https://github.com/WildEval/ZeroEval},
    year = {2024}
}

@article{gsm,
  title={Training verifiers to solve math word problems},
  author={Cobbe, Karl and Kosaraju, Vineet and Bavarian, Mohammad and Chen, Mark and Jun, Heewoo and Kaiser, Lukasz and Plappert, Matthias and Tworek, Jerry and Hilton, Jacob and Nakano, Reiichiro and others},
  journal={arXiv preprint arXiv:2110.14168},
  year={2021}
}

@article{MATH,
  title={Measuring mathematical problem solving with the math dataset},
  author={Hendrycks, Dan and Burns, Collin and Kadavath, Saurav and Arora, Akul and Basart, Steven and Tang, Eric and Song, Dawn and Steinhardt, Jacob},
  journal={arXiv preprint arXiv:2103.03874},
  year={2021}
}

@article{gu2024cruxeval,
  title={Cruxeval: A benchmark for code reasoning, understanding and execution},
  author={Gu, Alex and Rozi{\`e}re, Baptiste and Leather, Hugh and Solar-Lezama, Armando and Synnaeve, Gabriel and Wang, Sida I},
  journal={arXiv preprint arXiv:2401.03065},
  year={2024}
}

@article{jain2024livecodebench,
    title={LiveCodeBench: Holistic and Contamination Free Evaluation of Large Language Models for Code},
    author={Jain, Naman and Han, King and Gu, Alex and Li, Wen-Ding and Yan, Fanjia and Zhang, Tianjun and Wang, Sida and Solar-Lezama, Armando and Sen, Koushik and Stoica, Ion},
    journal={arXiv preprint arXiv:2403.07974},
    year={2024}
}

@article{white2024livebench,
  title={Livebench: A challenging, contamination-free llm benchmark},
  author={White, Colin and Dooley, Samuel and Roberts, Manley and Pal, Arka and Feuer, Ben and Jain, Siddhartha and Shwartz-Ziv, Ravid and Jain, Neel and Saifullah, Khalid and Naidu, Siddartha and others},
  journal={arXiv preprint arXiv:2406.19314},
  year={2024}
}

@article{cobbe2021training,
  title={Training verifiers to solve math word problems},
  author={Cobbe, Karl and Kosaraju, Vineet and Bavarian, Mohammad and Chen, Mark and Jun, Heewoo and Kaiser, Lukasz and Plappert, Matthias and Tworek, Jerry and Hilton, Jacob and Nakano, Reiichiro and others},
  journal={arXiv preprint arXiv:2110.14168},
  year={2021}
}

@article{lightman2023let,
  title={Let's verify step by step},
  author={Lightman, Hunter and Kosaraju, Vineet and Burda, Yura and Edwards, Harri and Baker, Bowen and Lee, Teddy and Leike, Jan and Schulman, John and Sutskever, Ilya and Cobbe, Karl},
  journal={arXiv preprint arXiv:2305.20050},
  year={2023}
}

@article{uesato2022solving,
  title={Solving math word problems with process-and outcome-based feedback},
  author={Uesato, Jonathan and Kushman, Nate and Kumar, Ramana and Song, Francis and Siegel, Noah and Wang, Lisa and Creswell, Antonia and Irving, Geoffrey and Higgins, Irina},
  journal={arXiv preprint arXiv:2211.14275},
  year={2022}
}

@inproceedings{wang2024math,
  title={Math-shepherd: Verify and reinforce llms step-by-step without human annotations},
  author={Wang, Peiyi and Li, Lei and Shao, Zhihong and Xu, Runxin and Dai, Damai and Li, Yifei and Chen, Deli and Wu, Yu and Sui, Zhifang},
  booktitle={Proceedings of the 62nd Annual Meeting of the Association for Computational Linguistics (Volume 1: Long Papers)},
  pages={9426--9439},
  year={2024}
}

@article{schulman2017proximal,
  title={Proximal policy optimization algorithms},
  author={Schulman, John and Wolski, Filip and Dhariwal, Prafulla and Radford, Alec and Klimov, Oleg},
  journal={arXiv preprint arXiv:1707.06347},
  year={2017}
}

@article{bai2022training,
  title={Training a helpful and harmless assistant with reinforcement learning from human feedback},
  author={Bai, Yuntao and Jones, Andy and Ndousse, Kamal and Askell, Amanda and Chen, Anna and DasSarma, Nova and Drain, Dawn and Fort, Stanislav and Ganguli, Deep and Henighan, Tom and others},
  journal={arXiv preprint arXiv:2204.05862},
  year={2022}
}

@article{ouyang2022training,
  title={Training language models to follow instructions with human feedback},
  author={Ouyang, Long and Wu, Jeffrey and Jiang, Xu and Almeida, Diogo and Wainwright, Carroll and Mishkin, Pamela and Zhang, Chong and Agarwal, Sandhini and Slama, Katarina and Ray, Alex and others},
  journal={Advances in neural information processing systems},
  volume={35},
  pages={27730--27744},
  year={2022}
}

@article{eisenstein2023helping,
  title={Helping or herding? reward model ensembles mitigate but do not eliminate reward hacking},
  author={Eisenstein, Jacob and Nagpal, Chirag and Agarwal, Alekh and Beirami, Ahmad and D'Amour, Alex and Dvijotham, DJ and Fisch, Adam and Heller, Katherine and Pfohl, Stephen and Ramachandran, Deepak and others},
  journal={arXiv preprint arXiv:2312.09244},
  year={2023}
}

@article{ho1994decision,
  title={Decision combination in multiple classifier systems},
  author={Ho, Tin Kam and Hull, Jonathan J. and Srihari, Sargur N.},
  journal={IEEE transactions on pattern analysis and machine intelligence},
  volume={16},
  number={1},
  pages={66--75},
  year={1994},
  publisher={IEEE}
}

@article{vaswani2017attention,
  title={Attention is all you need},
  author={Vaswani, A},
  journal={Advances in Neural Information Processing Systems},
  year={2017}
}

@article{liang2024internal,
  title={Internal consistency and self-feedback in large language models: A survey},
  author={Liang, Xun and Song, Shichao and Zheng, Zifan and Wang, Hanyu and Yu, Qingchen and Li, Xunkai and Li, Rong-Hua and Wang, Yi and Wang, Zhonghao and Xiong, Feiyu and others},
  journal={arXiv preprint arXiv:2407.14507},
  year={2024}
}

@article{hu2024can,
  title={Can Perplexity Reflect Large Language Model's Ability in Long Text Understanding?},
  author={Hu, Yutong and Huang, Quzhe and Tao, Mingxu and Zhang, Chen and Feng, Yansong},
  journal={arXiv preprint arXiv:2405.06105},
  year={2024}
}

@article{dubey2024llama,
  title={The llama 3 herd of models},
  author={Dubey, Abhimanyu and Jauhri, Abhinav and Pandey, Abhinav and Kadian, Abhishek and Al-Dahle, Ahmad and Letman, Aiesha and Mathur, Akhil and Schelten, Alan and Yang, Amy and Fan, Angela and others},
  journal={arXiv preprint arXiv:2407.21783},
  year={2024}
}

@article{wei2022chain,
  title={Chain-of-thought prompting elicits reasoning in large language models},
  author={Wei, Jason and Wang, Xuezhi and Schuurmans, Dale and Bosma, Maarten and Xia, Fei and Chi, Ed and Le, Quoc V and Zhou, Denny and others},
  journal={Advances in neural information processing systems},
  volume={35},
  pages={24824--24837},
  year={2022}
}

@article{hui2024qwen2,
  title={Qwen2. 5-coder technical report},
  author={Hui, Binyuan and Yang, Jian and Cui, Zeyu and Yang, Jiaxi and Liu, Dayiheng and Zhang, Lei and Liu, Tianyu and Zhang, Jiajun and Yu, Bowen and Lu, Keming and others},
  journal={arXiv preprint arXiv:2409.12186},
  year={2024}
}

@book{breiman2017classification,
  title={Classification and regression trees},
  author={Breiman, Leo},
  year={2017},
  publisher={Routledge}
}

@article{lecun2015deep,
  title={Deep learning},
  author={LeCun, Yann and Bengio, Yoshua and Hinton, Geoffrey},
  journal={nature},
  volume={521},
  number={7553},
  pages={436--444},
  year={2015},
  publisher={Nature Publishing Group UK London}
}

@inproceedings{ren2023self,
  title={Self-evaluation improves selective generation in large language models},
  author={Ren, Jie and Zhao, Yao and Vu, Tu and Liu, Peter J and Lakshminarayanan, Balaji},
  booktitle={Proceedings on},
  pages={49--64},
  year={2023},
  organization={PMLR}
}

@inproceedings{chen2024quantifying,
  title={Quantifying uncertainty in answers from any language model and enhancing their trustworthiness},
  author={Chen, Jiuhai and Mueller, Jonas},
  booktitle={Proceedings of the 62nd Annual Meeting of the Association for Computational Linguistics (Volume 1: Long Papers)},
  pages={5186--5200},
  year={2024}
}

@article{zheng2024trustscore,
  title={TrustScore: Reference-Free Evaluation of LLM Response Trustworthiness},
  author={Zheng, Danna and Liu, Danyang and Lapata, Mirella and Pan, Jeff Z},
  journal={arXiv preprint arXiv:2402.12545},
  year={2024}
}

@article{basu2020mirostat,
  title={Mirostat: A neural text decoding algorithm that directly controls perplexity},
  author={Basu, Sourya and Ramachandran, Govardana Sachitanandam and Keskar, Nitish Shirish and Varshney, Lav R},
  journal={arXiv preprint arXiv:2007.14966},
  year={2020}
}

@article{zhang2020trading,
  title={Trading off diversity and quality in natural language generation},
  author={Zhang, Hugh and Duckworth, Daniel and Ippolito, Daphne and Neelakantan, Arvind},
  journal={arXiv preprint arXiv:2004.10450},
  year={2020}
}

























@inproceedings{langley00,
 author    = {P. Langley},
 title     = {Crafting Papers on Machine Learning},
 year      = {2000},
 pages     = {1207--1216},
 editor    = {Pat Langley},
 booktitle     = {Proceedings of the 17th International Conference
              on Machine Learning (ICML 2000)},
 address   = {Stanford, CA},
 publisher = {Morgan Kaufmann}
}

@TechReport{mitchell80,
  author = 	 "T. M. Mitchell",
  title = 	 "The Need for Biases in Learning Generalizations",
  institution =  "Computer Science Department, Rutgers University",
  year = 	 "1980",
  address =	 "New Brunswick, MA",
}

@phdthesis{kearns89,
  author = {M. J. Kearns},
  title =  {Computational Complexity of Machine Learning},
  school = {Department of Computer Science, Harvard University},
  year =   {1989}
}

@Book{MachineLearningI,
  editor = 	 "R. S. Michalski and J. G. Carbonell and T.
		  M. Mitchell",
  title = 	 "Machine Learning: An Artificial Intelligence
		  Approach, Vol. I",
  publisher = 	 "Tioga",
  year = 	 "1983",
  address =	 "Palo Alto, CA"
}

@Book{DudaHart2nd,
  author =       "R. O. Duda and P. E. Hart and D. G. Stork",
  title =        "Pattern Classification",
  publisher =    "John Wiley and Sons",
  edition =      "2nd",
  year =         "2000"
}

@misc{anonymous,
  title= {Suppressed for Anonymity},
  author= {Author, N. N.},
  year= {2021}
}

@InCollection{Newell81,
  author =       "A. Newell and P. S. Rosenbloom",
  title =        "Mechanisms of Skill Acquisition and the Law of
                  Practice", 
  booktitle =    "Cognitive Skills and Their Acquisition",
  pages =        "1--51",
  publisher =    "Lawrence Erlbaum Associates, Inc.",
  year =         "1981",
  editor =       "J. R. Anderson",
  chapter =      "1",
  address =      "Hillsdale, NJ"
}


@Article{Samuel59,
  author = 	 "A. L. Samuel",
  title = 	 "Some Studies in Machine Learning Using the Game of
		  Checkers",
  journal =	 "IBM Journal of Research and Development",
  year =	 "1959",
  volume =	 "3",
  number =	 "3",
  pages =	 "211--229"
}

@article{xiang2025towards,
  title={Towards System 2 Reasoning in LLMs: Learning How to Think With Meta Chain-of-Though},
  author={Xiang, Violet and Snell, Charlie and Gandhi, Kanishk and Albalak, Alon and Singh, Anikait and Blagden, Chase and Phung, Duy and Rafailov, Rafael and Lile, Nathan and Mahan, Dakota and others},
  journal={arXiv preprint arXiv:2501.04682},
  year={2025}
}

@article{coste2023reward,
  title={Reward model ensembles help mitigate overoptimization},
  author={Coste, Thomas and Anwar, Usman and Kirk, Robert and Krueger, David},
  journal={arXiv preprint arXiv:2310.02743},
  year={2023}
}

@article{wu2024inference,
  title={Inference scaling laws: An empirical analysis of compute-optimal inference for problem-solving with language models},
  author={Wu, Yangzhen and Sun, Zhiqing and Li, Shanda and Welleck, Sean and Yang, Yiming},
  journal={arXiv preprint arXiv:2408.00724},
  year={2024}
}