@article{chen2023universal,
  title={Universal self-consistency for large language model generation},
  author={Chen, Xinyun and Aksitov, Renat and Alon, Uri and Ren, Jie and Xiao, Kefan and Yin, Pengcheng and Prakash, Sushant and Sutton, Charles and Wang, Xuezhi and Zhou, Denny},
  journal={arXiv preprint arXiv:2311.17311},
  year={2023}
}

@article{guo2025deepseek,
  title={DeepSeek-R1: Incentivizing Reasoning Capability in LLMs via Reinforcement Learning},
  author={Guo, Daya and Yang, Dejian and Zhang, Haowei and Song, Junxiao and Zhang, Ruoyu and Xu, Runxin and Zhu, Qihao and Ma, Shirong and Wang, Peiyi and Bi, Xiao and others},
  journal={arXiv preprint arXiv:2501.12948},
  year={2025}
}

@article{liang2024internal,
  title={Internal consistency and self-feedback in large language models: A survey},
  author={Liang, Xun and Song, Shichao and Zheng, Zifan and Wang, Hanyu and Yu, Qingchen and Li, Xunkai and Li, Rong-Hua and Wang, Yi and Wang, Zhonghao and Xiong, Feiyu and others},
  journal={arXiv preprint arXiv:2407.14507},
  year={2024}
}

@article{luo2024sed,
  title={SED: Self-Evaluation Decoding Enhances Large Language Models for Better Generation},
  author={Luo, Ziqin and Han, Haixia and Zhao, Haokun and Jiang, Guochao and Du, Chengyu and Li, Tingyun and Liang, Jiaqing and Yang, Deqing and Xiao, Yanghua},
  journal={arXiv preprint arXiv:2405.16552},
  year={2024}
}

@article{snell2024scaling,
  title={Scaling llm test-time compute optimally can be more effective than scaling model parameters},
  author={Snell, Charlie and Lee, Jaehoon and Xu, Kelvin and Kumar, Aviral},
  journal={arXiv preprint arXiv:2408.03314},
  year={2024}
}

@article{wang2022self,
  title={Self-consistency improves chain of thought reasoning in language models},
  author={Wang, Xuezhi and Wei, Jason and Schuurmans, Dale and Le, Quoc and Chi, Ed and Narang, Sharan and Chowdhery, Aakanksha and Zhou, Denny},
  journal={arXiv preprint arXiv:2203.11171},
  year={2022}
}

@inproceedings{wang2024math,
  title={Math-shepherd: Verify and reinforce llms step-by-step without human annotations},
  author={Wang, Peiyi and Li, Lei and Shao, Zhihong and Xu, Runxin and Dai, Damai and Li, Yifei and Chen, Deli and Wu, Yu and Sui, Zhifang},
  booktitle={Proceedings of the 62nd Annual Meeting of the Association for Computational Linguistics (Volume 1: Long Papers)},
  pages={9426--9439},
  year={2024}
}

