@inproceedings{khaled2020applying,
  title={Applying fast matrix multiplication to neural networks},
  author={Khaled, Ahmed and others},
  booktitle={Proc. 35th Annu. ACM Symp. on Appl. Comput.},
  pages={1034--1037},
  year={2020}
}

@inproceedings{sun2023accelerate,
  title={Accelerate Dense Matrix Multiplication on Heterogeneous-{GPU}s},
  author={Sun, Jianan and others},
  booktitle={2023 IEEE 29th Int. Conf. Parallel and Distrib. Syst. (ICPADS)},
  pages={2726--2729},
  year={2023},
}

@inproceedings{lai2013accelerating,
  title={Accelerating {S}trassen-{W}inograd's matrix multiplication algorithm on {GPU}s},
  author={Lai, Pai-Wei and others},
  booktitle={IEEE 20th Annu. Int. Conf. on High Perf. Comput},
  pages={139--148},
  year={2013},
}

@article{huang2020strassen,
  title={Strassen’s algorithm reloaded on {GPU}s},
  author={Huang, Jianyu and others},
  journal={ACM Trans. on Math. Softw. (TOMS)},
  volume={46},
  number={1},
  pages={1--22},
  year={2020},
}

@inproceedings{ballard2012communication,
  title={Communication-optimal parallel algorithm for {S}trassen's matrix multiplication},
  author={Ballard, Grey and others},
  booktitle={Proc. 24th Annu. ACM Symp. Parallelism Algorithms Archit.},
  pages={193--204},
  year={2012}
}

@ARTICLE{misra2022stark,
  title={Stark: Fast and Scalable {S}trassen’s Matrix Multiplication Using Apache Spark},
  author={Misra, Chandan and others},
  journal={IEEE Trans. Big Data},
  year={2022},
  volume={8},
  number={3},
  pages={699-710},
  }


@INPROCEEDINGS{krishnan2021multi,
  title={Multi-Stage Memory Efficient {S}trassen's Matrix Multiplication on {GPU}},
  author={Krishnan, Arjun Gopala and Goswami, Dhrubajyoti},
  booktitle={2021 IEEE 28th Int. Conf. on High Perform. Comput., Data, and Anal. (HiPC)},
  year={2021},
  volume={},
  number={},
  pages={212-221},
  }


@INPROCEEDINGS{lipshitz2012communication,
  title={Communication-Avoiding Parallel {S}trassen: Implementation and performance},
  author={Lipshitz, Benjamin and others},
  booktitle= {Proc. Int. Conf. High Perform. Comput. Netw. Storage Anal.},
  year={2012},
  volume={},
  number={},
  pages={1-11},
  }


@article{strassen1969gaussian,
  title={Gaussian elimination is not optimal},
  author={Strassen, Volker},
  journal={Numer. Math.},
  volume={13},
  number={4},
  pages={354--356},
  year={1969},
  publisher={Springer}
}

@article{winograd1971multiplication,
  title={On multiplication of 2$\times$ 2 matrices},
  author={Winograd, Shmuel},
  journal={Linear Algebra Appl.},
  volume={4},
  number={4},
  pages={381--388},
  year={1971}
}

@article{yuzuguler2023Scale,
title = {Scale-out Systolic Arrays},
author = {Y\"{u}z\"{u}g\"{u}ler, Ahmet Caner and others},
year = {2023},
issue_date = {June 2023},
volume = {20},
number = {2},
issn = {1544-3566},
journal = {ACM Trans. Archit. Code Optim.},
month = {mar},
articleno = {27},
numpages = {25},
}

@INPROCEEDINGS{kung2019maestro,
  title={Maestro: A Memory-on-Logic Architecture for Coordinated Parallel Use of Many Systolic Arrays},
  author={Kung, H. T. and others},
  booktitle={Proc. IEEE 32nd Int. Conf. Appl.-Specific Syst., Arch. Processors (ASAP)},
  year={2019},
  volume={2160-052X},
  number={},
  pages={42-50},
  }

@INPROCEEDINGS{leon2023accel,
  title={Acceleration of Fully Connected Layers on {FPGA} using the {S}trassen Matrix Multiplication},
  author={León-Vega, Luis G. and others},
  booktitle={Proc. IEEE 5th Int. Conf. BioInspired Processing (BIP)},
  year={2023},
  volume={},
  number={},
  pages={1-6},}


@article{elfimova2001fast,
  title={A fast algorithm for matrix multiplication and its efficient realization on systolic arrays},
  author={Elfimova, LD and Kapitonova, Yu V},
  journal={Cybern. Syst. Anal.},
  volume={37},
  number={1},
  month={Jan.},
  pages={109--121},
  year={2001},
  publisher={Springer}
}

@inproceedings{lavin2016fast,
        title={Fast Algorithms for Convolutional Neural Networks},
author={Lavin, Andrew and Gray, Scott},
        booktitle={Proc. IEEE Conf. Comput. Vision Pattern Recognit. (CVPR)},
        pages={4013--4021},
        year={2016}
}

@InProceedings{kaiming2016deep,
author = {He, Kaiming and others},
title = {Deep Residual Learning for Image Recognition},
booktitle = {Proc. IEEE Conf. Comput. Vision Pattern Recognit. (CVPR)},
  pages={770--778},
year = {2016}
}

@article{guo2019dl,
  title={[{DL}] A survey of {FPGA}-based neural network inference accelerators},
  author={Guo, Kaiyuan and others},
  journal={ACM Trans. Reconfigurable Technol. Syst.},
  volume={12},
  number={1},
  pages={1--26},
  year={2019},
}

@inproceedings{jouppi2017datacenter,
  title={In-datacenter performance analysis of a tensor processing unit},
  author={Jouppi, Norman P and others},
    booktitle={Proc. 44th Annu. Int. Symp. Comput. Archit. (ISCA)},
  pages={1--12},
  year={2017}
}

@ARTICLE{norrie2021design,
author={Norrie, Thomas and others},
journal={IEEE Micro},
title={The Design Process for {Google's} Training Chips: {TPUv2} and {TPUv3}},
year={2021},
volume={41},
number={2},
pages={56-63},
}

@inproceedings{jouppi2023tpu,
author = {Jouppi, Norm and others},
title = {{TPU} v4: An Optically Reconfigurable Supercomputer for Machine Learning with Hardware Support for Embeddings},
year = {2023},
    booktitle={Proc. 50th Annu. Int. Symp. Comput. Archit. (ISCA)},
pages={1--14},
}

@inproceedings{fuchs2019accelator,
  title={The accelerator wall: Limits of chip specialization},
  author={Fuchs, Adi and Wentzlaff, David},
  booktitle={Proc. IEEE Int. Symp. High Perform. Comput. Archit. (HPCA)},
  pages={1--14},
  year={2019},
}

@misc{sx-dev-kit,
title = {Intel {Arria 10 SoC} Development Kit},
year = {2024}
url = {https://www.intel.ca/content/www/ca/en/products/details/fpga/development-kits/arria/10-sx.html}
}


@software{ffip-source,
author = {Pogue, Trevor E. and Nicolici, Nicola},
title = {{FFIP} Accelerator Implementation},
url = {https://github.com/trevorpogue/algebraic-nnhw},
year = {2024}
}

@article{liu2022toward,
  title={Toward full-stack acceleration of deep convolutional neural networks on {FPGA}s},
  author={Liu, Shuanglong and others},
  journal={IEEE Trans. Neural Netw. Learn. Syst.},
  volume={33},
  number={8},
  pages={3974--3987},
  year={2022},
}

@article{fan2022fpga,
  title={{FPGA}-based Acceleration for Bayesian Convolutional Neural Networks},
  author={Fan, Hongxiang and others},
  journal={IEEE Trans. Comput.-Aided Design Integr. Circuits Syst.},
  volume={41},
  number={12},
  pages={5343--5356},
  year={2022},
}

@article{an2022opencl,
  title={An {OpenCL}-Based {FPGA} Accelerator for {Faster R-CNN}},
  author={An, Jianjing and others},
  journal={Entropy},
  volume={24},
  number={10},
  pages={1346},
  year={2022},
}

@inproceedings{liu2021winocnn,
  title={{WinoCNN}: Kernel sharing {Winograd} systolic array for efficient convolutional neural network acceleration on {FPGA}s},
  author={Liu, Xinheng and others},
  booktitle={Proc. IEEE 32nd Int. Conf. Appl.-Specific Syst., Arch. Processors (ASAP)},
  pages={258--265},
  year={2021},
}

@misc{intel-dsp,
title = {Intel {Arria} 10 Native Fixed Point {DSP IP} Core User Guide},
year = {2024},
url = {https://www.intel.com/content/www/us/en/docs/programmable/683583/current/intel-arria-native-fixed-point-dsp-ip.html}
}

@article{zhang2019caffeine,
  title={Caffeine: Toward uniformed representation and acceleration for deep convolutional neural networks},
  author={Zhang, Chen and others},
  journal={IEEE IEEE Trans. Comput.-Aided Design Integr. Circuits Syst.},
  volume={38},
  number={11},
  pages={2072--2085},
  year={2019},
}

@article{jain2021approxkarat,
title = {Approximate {K}aratsuba multiplier for error-resilient applications},
  journal={AEU - International Journal of Electronics and Communications},
volume = {130},
pages = {153579},
year = {2021},
issn = {1434-8411},
doi = {https://doi.org/10.1016/j.aeue.2020.153579},
author = {Riya Jain and Neeta Pandey},
}

@article{jain2021boothkarat,
  title={Booth-Encoded {Karatsuba}: A Novel Hardware-Efficient Multiplier},
  author={Jain, Riya and others},
  journal={Advances in Electrical and Electronic Engineering},
  volume={19},
  number={3},
  pages={272--281},
  year={2021}
}

@ARTICLE{Pekmestzi1999,
  author={Pekmestzi, K.Z.},
  journal={IEEE Trans. Comput.},
  title={Multiplexer-based array multipliers},
  year={1999},
  volume={48},
  number={1},
  pages={15-23},
		}

@ARTICLE{pogue2024fast,
  author={Pogue, Trevor E. and Nicolici, Nicola},
  journal={IEEE Trans. Comput.},
  title={Fast Inner-Product Algorithms and Architectures for Deep Neural Network Accelerators},
  year={2024},
  volume={73},
  number={2},
  pages={495-509},
  doi={10.1109/TC.2023.3334140}}


@ARTICLE{Lakshmi2022,
  author={Lakshmi, Vijaya and others},
  journal={IEEE Trans. Circuits Syst. I},
  title={A Novel In-Memory Wallace Tree Multiplier Architecture Using Majority Logic},
  year={2022},
  volume={69},
  number={3},
  pages={1148-1158},
  doi={10.1109/TCSI.2021.3129827}}

@book{parhami2010computer,
place={New York},
title={Computer arithmetic: Algorithms and hardware designs},
publisher={Oxford University Press},
author={Parhami, Behrooz},
year={2010}}

@book{hennessy2019computer,
place={Cambridge (Estados Unidos)},
title={Computer Architecture: A quantitative approach},
publisher={Morgan Kaufmann},
author={Hennessy, John L. and others},
year={2019}}




@article{kala2019high,
  title = {High-Performance {{CNN}} Accelerator on {{FPGA}} Using Unified {{Winograd-GEMM}} Architecture},
  author = {Kala, S. and others},
  year = {2019},
		journal={IEEE Trans. Very Large Scale Integr. (VLSI) Syst.},
  volume = {27},
  number = {12},
  pages = {2816--2828},
}

@article{li2021fpga,
  title = {An {{FPGA-based}} Energy-Efficient Reconfigurable Convolutional Neural Network Accelerator for Object Recognition Applications},
  author = {Li, Jixuan and others},
  year = {2021},
  journal={IEEE Trans. Circuits Syst. II},
  volume = {68},
  number = {9},
  pages = {3143--3147},
}

@article{kim2023agamotto,
  title = {Agamotto: A Performance Optimization Framework for {{CNN}} Accelerator with Row Stationary Dataflow},
  author = {Kim, Donghyuk and others},
  year = {2023},
  journal={IEEE Trans. Circuits Syst. I},
  volume={70},
  number={6},
  pages={2487--2496},
}

@article{huang2022fpga,
  title = {{{FPGA-based}} High-Throughput {{CNN}} Hardware Accelerator with High Computing Resource Utilization Ratio},
  author = {Huang, Wenjin and others},
  year = {2022},
  journal={IEEE Trans. Neural Netw. Learn. Syst.},
  volume = {33},
  number = {8},
  pages = {4069--4083},
}

@article{dai2024dcp,
  title={{DCP-CNN}: Efficient Acceleration of {CNNs} With Dynamic Computing Parallelism on {FPGA}},
  author={Dai, Kui and others},
  journal={IEEE Trans. Comput.-Aided Design Integr. Circuits Syst.},
  year={2024},
  publisher={IEEE}
}


@misc{amd-dsp,
title = {{UltraScale} Architecture {DSP} Slice},
year = {2024},
url = {https://docs.amd.com/v/u/en-US/ug579-ultrascale-dsp},
}