@inproceedings{ballard2012communication,
  title={Communication-optimal parallel algorithm for {S}trassen's matrix multiplication},
  author={Ballard, Grey and others},
  booktitle={Proc. 24th Annu. ACM Symp. Parallelism Algorithms Archit.},
  pages={193--204},
  year={2012}
}

@article{elfimova2001fast,
  title={A fast algorithm for matrix multiplication and its efficient realization on systolic arrays},
  author={Elfimova, LD and Kapitonova, Yu V},
  journal={Cybern. Syst. Anal.},
  volume={37},
  number={1},
  month={Jan.},
  pages={109--121},
  year={2001},
  publisher={Springer}
}

@article{huang2020strassen,
  title={Strassen’s algorithm reloaded on {GPU}s},
  author={Huang, Jianyu and others},
  journal={ACM Trans. on Math. Softw. (TOMS)},
  volume={46},
  number={1},
  pages={1--22},
  year={2020},
}

@inproceedings{khaled2020applying,
  title={Applying fast matrix multiplication to neural networks},
  author={Khaled, Ahmed and others},
  booktitle={Proc. 35th Annu. ACM Symp. on Appl. Comput.},
  pages={1034--1037},
  year={2020}
}

@INPROCEEDINGS{krishnan2021multi,
  title={Multi-Stage Memory Efficient {S}trassen's Matrix Multiplication on {GPU}},
  author={Krishnan, Arjun Gopala and Goswami, Dhrubajyoti},
  booktitle={2021 IEEE 28th Int. Conf. on High Perform. Comput., Data, and Anal. (HiPC)},
  year={2021},
  volume={},
  number={},
  pages={212-221},
  }

@INPROCEEDINGS{kung2019maestro,
  title={Maestro: A Memory-on-Logic Architecture for Coordinated Parallel Use of Many Systolic Arrays},
  author={Kung, H. T. and others},
  booktitle={Proc. IEEE 32nd Int. Conf. Appl.-Specific Syst., Arch. Processors (ASAP)},
  year={2019},
  volume={2160-052X},
  number={},
  pages={42-50},
  }

@inproceedings{lai2013accelerating,
  title={Accelerating {S}trassen-{W}inograd's matrix multiplication algorithm on {GPU}s},
  author={Lai, Pai-Wei and others},
  booktitle={IEEE 20th Annu. Int. Conf. on High Perf. Comput},
  pages={139--148},
  year={2013},
}

@INPROCEEDINGS{leon2023accel,
  title={Acceleration of Fully Connected Layers on {FPGA} using the {S}trassen Matrix Multiplication},
  author={León-Vega, Luis G. and others},
  booktitle={Proc. IEEE 5th Int. Conf. BioInspired Processing (BIP)},
  year={2023},
  volume={},
  number={},
  pages={1-6},}

@INPROCEEDINGS{lipshitz2012communication,
  title={Communication-Avoiding Parallel {S}trassen: Implementation and performance},
  author={Lipshitz, Benjamin and others},
  booktitle= {Proc. Int. Conf. High Perform. Comput. Netw. Storage Anal.},
  year={2012},
  volume={},
  number={},
  pages={1-11},
  }

@ARTICLE{misra2022stark,
  title={Stark: Fast and Scalable {S}trassen’s Matrix Multiplication Using Apache Spark},
  author={Misra, Chandan and others},
  journal={IEEE Trans. Big Data},
  year={2022},
  volume={8},
  number={3},
  pages={699-710},
  }

@ARTICLE{pogue2024fast,
  author={Pogue, Trevor E. and Nicolici, Nicola},
  journal={IEEE Trans. Comput.},
  title={Fast Inner-Product Algorithms and Architectures for Deep Neural Network Accelerators},
  year={2024},
  volume={73},
  number={2},
  pages={495-509},
  doi={10.1109/TC.2023.3334140}}

@article{strassen1969gaussian,
  title={Gaussian elimination is not optimal},
  author={Strassen, Volker},
  journal={Numer. Math.},
  volume={13},
  number={4},
  pages={354--356},
  year={1969},
  publisher={Springer}
}

@inproceedings{sun2023accelerate,
  title={Accelerate Dense Matrix Multiplication on Heterogeneous-{GPU}s},
  author={Sun, Jianan and others},
  booktitle={2023 IEEE 29th Int. Conf. Parallel and Distrib. Syst. (ICPADS)},
  pages={2726--2729},
  year={2023},
}

@article{winograd1971multiplication,
  title={On multiplication of 2$\times$ 2 matrices},
  author={Winograd, Shmuel},
  journal={Linear Algebra Appl.},
  volume={4},
  number={4},
  pages={381--388},
  year={1971}
}

@article{yuzuguler2023Scale,
title = {Scale-out Systolic Arrays},
author = {Y\"{u}z\"{u}g\"{u}ler, Ahmet Caner and others},
year = {2023},
issue_date = {June 2023},
volume = {20},
number = {2},
issn = {1544-3566},
journal = {ACM Trans. Archit. Code Optim.},
month = {mar},
articleno = {27},
numpages = {25},
}

@article{zhang2019caffeine,
  title={Caffeine: Toward uniformed representation and acceleration for deep convolutional neural networks},
  author={Zhang, Chen and others},
  journal={IEEE IEEE Trans. Comput.-Aided Design Integr. Circuits Syst.},
  volume={38},
  number={11},
  pages={2072--2085},
  year={2019},
}

