@article{apicella2021survey,
  title={A survey on modern trainable activation functions},
  author={Apicella, Andrea and Donnarumma, Francesco and Isgr{\`o}, Francesco and Prevete, Roberto},
  journal={Neural Networks},
  volume={138},
  pages={14--32},
  year={2021},
  publisher={Elsevier}
}

@article{brakerski2014leveled,
  title={(Leveled) fully homomorphic encryption without bootstrapping},
  author={Brakerski, Zvika and Gentry, Craig and Vaikuntanathan, Vinod},
  journal={ACM Transactions on Computation Theory (TOCT)},
  volume={6},
  number={3},
  pages={1--36},
  year={2014},
  publisher={ACM New York, NY, USA}
}

@article{cheng2019tree,
  title={Tree tensor networks for generative modeling},
  author={Cheng, Song and Wang, Lei and Xiang, Tao and Zhang, Pan},
  journal={Physical Review B},
  volume={99},
  number={15},
  pages={155131},
  year={2019},
  publisher={APS}
}

@article{cheng2024multilinear,
  title={Multilinear operator networks},
  author={Cheng, Yixin and Chrysos, Grigorios G and Georgopoulos, Markos and Cevher, Volkan},
  journal={arXiv preprint arXiv:2401.17992},
  year={2024}
}

@article{chrysos2021deep,
  title={Deep polynomial neural networks},
  author={Chrysos, Grigorios G and Moschoglou, Stylianos and Bouritsas, Giorgos and Deng, Jiankang and Panagakis, Yannis and Zafeiriou, Stefanos},
  journal={IEEE transactions on pattern analysis and machine intelligence},
  volume={44},
  number={8},
  pages={4021--4034},
  year={2021},
  publisher={IEEE}
}

@inproceedings{chrysos2023regularization,
  title={Regularization of polynomial networks for image recognition},
  author={Chrysos, Grigorios G and Wang, Bohan and Deng, Jiankang and Cevher, Volkan},
  booktitle={Proceedings of the IEEE/CVF Conference on Computer Vision and Pattern Recognition},
  pages={16123--16132},
  year={2023}
}

@article{gu2023mamba,
  title={Mamba: Linear-time sequence modeling with selective state spaces},
  author={Gu, Albert and Dao, Tri},
  journal={arXiv preprint arXiv:2312.00752},
  year={2023}
}

@article{hou2024conv2former,
  title={Conv2former: A simple transformer-style convnet for visual recognition},
  author={Hou, Qibin and Lu, Cheng-Ze and Cheng, Ming-Ming and Feng, Jiashi},
  journal={IEEE Transactions on Pattern Analysis and Machine Intelligence},
  year={2024},
  publisher={IEEE}
}

@article{huggins2019towards,
  title={Towards quantum machine learning with tensor networks},
  author={Huggins, William and Patil, Piyush and Mitchell, Bradley and Whaley, K Birgitta and Stoudenmire, E Miles},
  journal={Quantum Science and technology},
  volume={4},
  number={2},
  pages={024001},
  year={2019},
  publisher={IOP Publishing}
}

@article{liu2019machine,
  title={Machine learning by unitary tensor network of hierarchical tree structure},
  author={Liu, Ding and Ran, Shi-Ju and Wittek, Peter and Peng, Cheng and Garc{\'\i}a, Raul Bl{\'a}zquez and Su, Gang and Lewenstein, Maciej},
  journal={New Journal of Physics},
  volume={21},
  number={7},
  pages={073059},
  year={2019},
  publisher={IOP Publishing}
}

@article{meng2023residual,
  title={Residual matrix product state for machine learning},
  author={Meng, Ye-Ming and Zhang, Jing and Zhang, Peng and Gao, Chao and Ran, Shi-Ju},
  journal={SciPost Physics},
  volume={14},
  number={6},
  pages={142},
  year={2023}
}

@article{ran2023tensor,
  title={Tensor networks for interpretable and efficient quantum-inspired machine learning},
  author={Ran, Shi-Ju and Su, Gang},
  journal={Intelligent Computing},
  volume={2},
  pages={0061},
  year={2023},
  publisher={AAAS}
}

@inproceedings{ref31,
  title={Deep residual learning for image recognition},
  author={He, Kaiming and Zhang, Xiangyu and Ren, Shaoqing and Sun, Jian},
  booktitle={Proceedings of the IEEE conference on computer vision and pattern recognition},
  pages={770--778},
  year={2016}
}

@inproceedings{selvan2020tensor,
  title={Tensor networks for medical image classification},
  author={Selvan, Raghavendra and Dam, Erik B},
  booktitle={Medical imaging with deep learning},
  pages={721--732},
  year={2020},
  organization={PMLR}
}

@article{selvan2021patch,
  title={Patch-based medical image segmentation using matrix product state tensor networks},
  author={Selvan, Raghavendra and Dam, Erik B and Flensborg, S{\o}ren Alexander and Petersen, Jens},
  journal={arXiv preprint arXiv:2109.07138},
  year={2021}
}

@article{stoudenmire2016supervised,
  title={Supervised learning with tensor networks},
  author={Stoudenmire, Edwin and Schwab, David J},
  journal={Advances in neural information processing systems},
  volume={29},
  year={2016}
}

@article{tolstikhin2021mlp,
  title={Mlp-mixer: An all-mlp architecture for vision},
  author={Tolstikhin, Ilya O and Houlsby, Neil and Kolesnikov, Alexander and Beyer, Lucas and Zhai, Xiaohua and Unterthiner, Thomas and Yung, Jessica and Steiner, Andreas and Keysers, Daniel and Uszkoreit, Jakob and others},
  journal={Advances in neural information processing systems},
  volume={34},
  pages={24261--24272},
  year={2021}
}

@article{vaswani2017attention,
  title={Attention is all you need},
  author={Vaswani, A},
  journal={Advances in Neural Information Processing Systems},
  year={2017}
}

