@article{jiang2008accurate,
  title={Accurate determination of tensor network state of quantum lattice models in two dimensions},
  author={Jiang, Hong-Chen and Weng, Zheng-Yu and Xiang, Tao},
  journal={Physical review letters},
  volume={101},
  number={9},
  pages={090603},
  year={2008},
  publisher={APS}
}

@article{zhao2010renormalization,
  title={Renormalization of tensor-network states},
  author={Zhao, Hui-Hai and Xie, Zhi-Yuan and Chen, Qihong N and Wei, Zhong-Chao and Cai, Jianwei W and Xiang, Tao},
  journal={Physical Review Bâ€”Condensed Matter and Materials Physics},
  volume={81},
  number={17},
  pages={174411},
  year={2010},
  publisher={APS}
}

@article{ref1,
  title={Era of big data processing: A new approach via tensor networks and tensor decompositions},
  author={Cichocki, Andrzej},
  journal={arXiv preprint arXiv:1403.2048},
  year={2014}
}

@book{ref12,
  title={Tensor network contractions: methods and applications to quantum many-body systems},
  author={Ran, Shi-Ju and Tirrito, Emanuele and Peng, Cheng and Chen, Xi and Tagliacozzo, Luca and Su, Gang and Lewenstein, Maciej},
  year={2020},
  publisher={Springer Nature}
}
@article{cichocki2016tensor,
  title={Tensor networks for dimensionality reduction and large-scale optimization: Part 1 low-rank tensor decompositions},
  author={Cichocki, Andrzej and Lee, Namgil and Oseledets, Ivan and Phan, Anh-Huy and Zhao, Qibin and Mandic, Danilo P and others},
  journal={Foundations and Trends{\textregistered} in Machine Learning},
  volume={9},
  number={4-5},
  pages={249--429},
  year={2016},
  publisher={Now Publishers, Inc.}
}

@article{jaschke2018one,
  title={One-dimensional many-body entangled open quantum systems with tensor network methods},
  author={Jaschke, Daniel and Montangero, Simone and Carr, Lincoln D},
  journal={Quantum science and technology},
  volume={4},
  number={1},
  pages={013001},
  year={2018},
  publisher={IOP Publishing}
}

@article{huggins2019towards,
  title={Towards quantum machine learning with tensor networks},
  author={Huggins, William and Patil, Piyush and Mitchell, Bradley and Whaley, K Birgitta and Stoudenmire, E Miles},
  journal={Quantum Science and technology},
  volume={4},
  number={2},
  pages={024001},
  year={2019},
  publisher={IOP Publishing}
}

@article{ran2023tensor,
  title={Tensor networks for interpretable and efficient quantum-inspired machine learning},
  author={Ran, Shi-Ju and Su, Gang},
  journal={Intelligent Computing},
  volume={2},
  pages={0061},
  year={2023},
  publisher={AAAS}
}

@article{cirac2021matrix,
  title={Matrix product states and projected entangled pair states: Concepts, symmetries, theorems},
  author={Cirac, J Ignacio and Perez-Garcia, David and Schuch, Norbert and Verstraete, Frank},
  journal={Reviews of Modern Physics},
  volume={93},
  number={4},
  pages={045003},
  year={2021},
  publisher={APS}
}

@article{ref14,
  title={Tensor ring decomposition},
  author={Zhao, Qibin and Zhou, Guoxu and Xie, Shengli and Zhang, Liqing and Cichocki, Andrzej},
  journal={arXiv preprint arXiv:1606.05535},
  year={2016}
}
@article{cheng2019tree,
  title={Tree tensor networks for generative modeling},
  author={Cheng, Song and Wang, Lei and Xiang, Tao and Zhang, Pan},
  journal={Physical Review B},
  volume={99},
  number={15},
  pages={155131},
  year={2019},
  publisher={APS}
}

@article{reyes2020multi,
  title={A multi-scale tensor network architecture for classification and regression},
  author={Reyes, Justin and Stoudenmire, Miles},
  journal={arXiv preprint arXiv:2001.08286},
  year={2020}
}

@inproceedings{selvan2020tensor,
  title={Tensor networks for medical image classification},
  author={Selvan, Raghavendra and Dam, Erik B},
  booktitle={Medical imaging with deep learning},
  pages={721--732},
  year={2020},
  organization={PMLR}
}

@article{patra2024efficient,
  title={Efficient tensor network simulation of IBM's largest quantum processors},
  author={Patra, Siddhartha and Jahromi, Saeed S and Singh, Sukhbinder and Or{\'u}s, Rom{\'a}n},
  journal={Physical Review Research},
  volume={6},
  number={1},
  pages={013326},
  year={2024},
  publisher={APS}
}
@article{ref22,
  title={Tensor-train decomposition},
  author={Oseledets, Ivan V},
  journal={SIAM Journal on Scientific Computing},
  volume={33},
  number={5},
  pages={2295--2317},
  year={2011},
  publisher={SIAM}
}
@article{ref8,
  title={Adaptive tensor networks decomposition for high-order tensor recovery and compression},
  author={Nie, Chang and Wang, Huan and Zhao, Lu},
  journal={Information Sciences},
  volume={629},
  pages={667--684},
  year={2023},
  publisher={Elsevier}
}
@article{li2023hybrid,
  title={Hybrid fully connected tensorized compression network for hyperspectral image classification},
  author={Li, Heng-Chao and Lin, Zhi-Xin and Ma, Tian-Yu and Zhao, Xi-Le and Plaza, Antonio and Emery, William J},
  journal={IEEE Transactions on Geoscience and Remote Sensing},
  volume={61},
  pages={1--16},
  year={2023},
  publisher={IEEE}
}

@article{liang2024tensor,
  title={Tensor attention training: Provably efficient learning of higher-order transformers},
  author={Liang, Yingyu and Shi, Zhenmei and Song, Zhao and Zhou, Yufa},
  journal={arXiv preprint arXiv:2405.16411},
  year={2024}
}

@article{tolstikhin2021mlp,
  title={Mlp-mixer: An all-mlp architecture for vision},
  author={Tolstikhin, Ilya O and Houlsby, Neil and Kolesnikov, Alexander and Beyer, Lucas and Zhai, Xiaohua and Unterthiner, Thomas and Yung, Jessica and Steiner, Andreas and Keysers, Daniel and Uszkoreit, Jakob and others},
  journal={Advances in neural information processing systems},
  volume={34},
  pages={24261--24272},
  year={2021}
}

@article{chrysos2021deep,
  title={Deep polynomial neural networks},
  author={Chrysos, Grigorios G and Moschoglou, Stylianos and Bouritsas, Giorgos and Deng, Jiankang and Panagakis, Yannis and Zafeiriou, Stefanos},
  journal={IEEE transactions on pattern analysis and machine intelligence},
  volume={44},
  number={8},
  pages={4021--4034},
  year={2021},
  publisher={IEEE}
}
@inproceedings{chrysos2023regularization,
  title={Regularization of polynomial networks for image recognition},
  author={Chrysos, Grigorios G and Wang, Bohan and Deng, Jiankang and Cevher, Volkan},
  booktitle={Proceedings of the IEEE/CVF Conference on Computer Vision and Pattern Recognition},
  pages={16123--16132},
  year={2023}
}
@article{cheng2024multilinear,
  title={Multilinear operator networks},
  author={Cheng, Yixin and Chrysos, Grigorios G and Georgopoulos, Markos and Cevher, Volkan},
  journal={arXiv preprint arXiv:2401.17992},
  year={2024}
}

@article{xu2019understanding,
  title={Understanding and improving layer normalization},
  author={Xu, Jingjing and Sun, Xu and Zhang, Zhiyuan and Zhao, Guangxiang and Lin, Junyang},
  journal={Advances in neural information processing systems},
  volume={32},
  year={2019}
}

@article{stoudenmire2016supervised,
  title={Supervised learning with tensor networks},
  author={Stoudenmire, Edwin and Schwab, David J},
  journal={Advances in neural information processing systems},
  volume={29},
  year={2016}
}

@article{selvan2021patch,
  title={Patch-based medical image segmentation using matrix product state tensor networks},
  author={Selvan, Raghavendra and Dam, Erik B and Flensborg, S{\o}ren Alexander and Petersen, Jens},
  journal={arXiv preprint arXiv:2109.07138},
  year={2021}
}

@article{meng2023residual,
  title={Residual matrix product state for machine learning},
  author={Meng, Ye-Ming and Zhang, Jing and Zhang, Peng and Gao, Chao and Ran, Shi-Ju},
  journal={SciPost Physics},
  volume={14},
  number={6},
  pages={142},
  year={2023}
}


@article{liu2019machine,
  title={Machine learning by unitary tensor network of hierarchical tree structure},
  author={Liu, Ding and Ran, Shi-Ju and Wittek, Peter and Peng, Cheng and Garc{\'\i}a, Raul Bl{\'a}zquez and Su, Gang and Lewenstein, Maciej},
  journal={New Journal of Physics},
  volume={21},
  number={7},
  pages={073059},
  year={2019},
  publisher={IOP Publishing}
}

@inproceedings{ref31,
  title={Deep residual learning for image recognition},
  author={He, Kaiming and Zhang, Xiangyu and Ren, Shaoqing and Sun, Jian},
  booktitle={Proceedings of the IEEE conference on computer vision and pattern recognition},
  pages={770--778},
  year={2016}
}
@article{hou2024conv2former,
  title={Conv2former: A simple transformer-style convnet for visual recognition},
  author={Hou, Qibin and Lu, Cheng-Ze and Cheng, Ming-Ming and Feng, Jiashi},
  journal={IEEE Transactions on Pattern Analysis and Machine Intelligence},
  year={2024},
  publisher={IEEE}
}

@article{vaswani2017attention,
  title={Attention is all you need},
  author={Vaswani, A},
  journal={Advances in Neural Information Processing Systems},
  year={2017}
}

@article{gu2023mamba,
  title={Mamba: Linear-time sequence modeling with selective state spaces},
  author={Gu, Albert and Dao, Tri},
  journal={arXiv preprint arXiv:2312.00752},
  year={2023}
}
@article{apicella2021survey,
  title={A survey on modern trainable activation functions},
  author={Apicella, Andrea and Donnarumma, Francesco and Isgr{\`o}, Francesco and Prevete, Roberto},
  journal={Neural Networks},
  volume={138},
  pages={14--32},
  year={2021},
  publisher={Elsevier}
}

@article{brakerski2014leveled,
  title={(Leveled) fully homomorphic encryption without bootstrapping},
  author={Brakerski, Zvika and Gentry, Craig and Vaikuntanathan, Vinod},
  journal={ACM Transactions on Computation Theory (TOCT)},
  volume={6},
  number={3},
  pages={1--36},
  year={2014},
  publisher={ACM New York, NY, USA}
}

@inproceedings{ding2021repvgg,
  title={Repvgg: Making vgg-style convnets great again},
  author={Ding, Xiaohan and Zhang, Xiangyu and Ma, Ningning and Han, Jungong and Ding, Guiguang and Sun, Jian},
  booktitle={Proceedings of the IEEE/CVF conference on computer vision and pattern recognition},
  pages={13733--13742},
  year={2021}
}


@article{chen20182,
  title={A\^{} 2-nets: Double attention networks},
  author={Chen, Yunpeng and Kalantidis, Yannis and Li, Jianshu and Yan, Shuicheng and Feng, Jiashi},
  journal={Advances in neural information processing systems},
  volume={31},
  year={2018}
}

@inproceedings{bello2019attention,
  title={Attention augmented convolutional networks},
  author={Bello, Irwan and Zoph, Barret and Vaswani, Ashish and Shlens, Jonathon and Le, Quoc V},
  booktitle={Proceedings of the IEEE/CVF international conference on computer vision},
  pages={3286--3295},
  year={2019}
}

@inproceedings{touvron2021training,
  title={Training data-efficient image transformers \& distillation through attention},
  author={Touvron, Hugo and Cord, Matthieu and Douze, Matthijs and Massa, Francisco and Sablayrolles, Alexandre and J{\'e}gou, Herv{\'e}},
  booktitle={International conference on machine learning},
  pages={10347--10357},
  year={2021},
  organization={PMLR}
}
@article{dosovitskiy2020image,
  title={An image is worth 16x16 words: Transformers for image recognition at scale},
  author={Dosovitskiy, Alexey},
  journal={arXiv preprint arXiv:2010.11929},
  year={2020}
}
@inproceedings{liu2021swin,
  title={Swin transformer: Hierarchical vision transformer using shifted windows},
  author={Liu, Ze and Lin, Yutong and Cao, Yue and Hu, Han and Wei, Yixuan and Zhang, Zheng and Lin, Stephen and Guo, Baining},
  booktitle={Proceedings of the IEEE/CVF international conference on computer vision},
  pages={10012--10022},
  year={2021}
}
@inproceedings{guo2022hire,
  title={Hire-mlp: Vision mlp via hierarchical rearrangement},
  author={Guo, Jianyuan and Tang, Yehui and Han, Kai and Chen, Xinghao and Wu, Han and Xu, Chao and Xu, Chang and Wang, Yunhe},
  booktitle={Proceedings of the IEEE/CVF conference on computer vision and pattern recognition},
  pages={826--836},
  year={2022}
}

@article{chen2021cyclemlp,
  title={Cyclemlp: A mlp-like architecture for dense prediction},
  author={Chen, Shoufa and Xie, Enze and Ge, Chongjian and Chen, Runjian and Liang, Ding and Luo, Ping},
  journal={arXiv preprint arXiv:2107.10224},
  year={2021}
}

@article{touvron2022resmlp,
  title={Resmlp: Feedforward networks for image classification with data-efficient training},
  author={Touvron, Hugo and Bojanowski, Piotr and Caron, Mathilde and Cord, Matthieu and El-Nouby, Alaaeldin and Grave, Edouard and Izacard, Gautier and Joulin, Armand and Synnaeve, Gabriel and Verbeek, Jakob and others},
  journal={IEEE transactions on pattern analysis and machine intelligence},
  volume={45},
  number={4},
  pages={5314--5321},
  year={2022},
  publisher={IEEE}
}

@inproceedings{yu2022s2,
  title={S2-mlp: Spatial-shift mlp architecture for vision},
  author={Yu, Tan and Li, Xu and Cai, Yunfeng and Sun, Mingming and Li, Ping},
  booktitle={Proceedings of the IEEE/CVF winter conference on applications of computer vision},
  pages={297--306},
  year={2022}
}

@article{hou2022vision,
  title={Vision permutator: A permutable mlp-like architecture for visual recognition},
  author={Hou, Qibin and Jiang, Zihang and Yuan, Li and Cheng, Ming-Ming and Yan, Shuicheng and Feng, Jiashi},
  journal={IEEE transactions on pattern analysis and machine intelligence},
  volume={45},
  number={1},
  pages={1328--1334},
  year={2022},
  publisher={IEEE}
}
@inproceedings{huang2023adaptive,
  title={Adaptive frequency filters as efficient global token mixers},
  author={Huang, Zhipeng and Zhang, Zhizheng and Lan, Cuiling and Zha, Zheng-Jun and Lu, Yan and Guo, Baining},
  booktitle={Proceedings of the IEEE/CVF International Conference on Computer Vision},
  pages={6049--6059},
  year={2023}
}
@inproceedings{chrysos2022augmenting,
  title={Augmenting deep classifiers with polynomial neural networks},
  author={Chrysos, Grigorios G and Georgopoulos, Markos and Deng, Jiankang and Kossaifi, Jean and Panagakis, Yannis and Anandkumar, Anima},
  booktitle={European Conference on Computer Vision},
  pages={692--716},
  year={2022},
  organization={Springer}
}

@article{zhu2024vision,
  title={Vision mamba: Efficient visual representation learning with bidirectional state space model},
  author={Zhu, Lianghui and Liao, Bencheng and Zhang, Qian and Wang, Xinlong and Liu, Wenyu and Wang, Xinggang},
  journal={arXiv preprint arXiv:2401.09417},
  year={2024}
}

@article{krizhevsky2009learning,
  title={Learning multiple layers of features from tiny images},
  author={Krizhevsky, Alex and Hinton, Geoffrey and others},
  year={2009},
  publisher={Toronto, ON, Canada}
}
@article{russakovsky2015imagenet,
  title={Imagenet large scale visual recognition challenge},
  author={Russakovsky, Olga and Deng, Jia and Su, Hao and Krause, Jonathan and Satheesh, Sanjeev and Ma, Sean and Huang, Zhiheng and Karpathy, Andrej and Khosla, Aditya and Bernstein, Michael and others},
  journal={International journal of computer vision},
  volume={115},
  pages={211--252},
  year={2015},
  publisher={Springer}
}

@article{le2015tiny,
  title={Tiny imagenet visual recognition challenge},
  author={Le, Yann and Yang, Xuan},
  journal={CS 231N},
  volume={7},
  number={7},
  pages={3},
  year={2015}
}
@article{xiao2017fashion,
  title={Fashion-mnist: a novel image dataset for benchmarking machine learning algorithms},
  author={Xiao, H},
  journal={arXiv preprint arXiv:1708.07747},
  year={2017}
}
@inproceedings{yan2021dynamically,
  title={Der: Dynamically expandable representation for class incremental learning},
  author={Yan, Shipeng and Xie, Jiangwei and He, Xuming},
  booktitle={Proceedings of the IEEE/CVF conference on computer vision and pattern recognition},
  pages={3014--3023},
  year={2021}
}

@article{loshchilov2017decoupled,
  title={Decoupled weight decay regularization},
  author={Loshchilov, I},
  journal={arXiv preprint arXiv:1711.05101},
  year={2017}
}

@article{cheng2021supervised,
  title={Supervised learning with projected entangled pair states},
  author={Cheng, Song and Wang, Lei and Zhang, Pan},
  journal={Physical Review B},
  volume={103},
  number={12},
  pages={125117},
  year={2021},
  publisher={APS}
}
@inproceedings{kirillov2019panoptic,
  title={Panoptic feature pyramid networks},
  author={Kirillov, Alexander and Girshick, Ross and He, Kaiming and Doll{\'a}r, Piotr},
  booktitle={Proceedings of the IEEE/CVF conference on computer vision and pattern recognition},
  pages={6399--6408},
  year={2019}
}

@inproceedings{glorot2010understanding,
  title={Understanding the difficulty of training deep feedforward neural networks},
  author={Glorot, Xavier and Bengio, Yoshua},
  booktitle={Proceedings of the thirteenth international conference on artificial intelligence and statistics},
  pages={249--256},
  year={2010},
  organization={JMLR Workshop and Conference Proceedings}
}
@inproceedings{huang2019fibinet,
  title={FiBiNET: combining feature importance and bilinear feature interaction for click-through rate prediction},
  author={Huang, Tongwen and Zhang, Zhiqi and Zhang, Junlin},
  booktitle={Proceedings of the 13th ACM conference on recommender systems},
  pages={169--177},
  year={2019}
}
@inproceedings{wang2021dcn,
  title={Dcn v2: Improved deep \& cross network and practical lessons for web-scale learning to rank systems},
  author={Wang, Ruoxi and Shivanna, Rakesh and Cheng, Derek and Jain, Sagar and Lin, Dong and Hong, Lichan and Chi, Ed},
  booktitle={Proceedings of the web conference 2021},
  pages={1785--1797},
  year={2021}
}
@inproceedings{lian2018xdeepfm,
  title={xdeepfm: Combining explicit and implicit feature interactions for recommender systems},
  author={Lian, Jianxun and Zhou, Xiaohuan and Zhang, Fuzheng and Chen, Zhongxia and Xie, Xing and Sun, Guangzhong},
  booktitle={Proceedings of the 24th ACM SIGKDD international conference on knowledge discovery \& data mining},
  pages={1754--1763},
  year={2018}
}






































@article{ref4,
  title={A tensorized transformer for language modeling},
  author={Ma, Xindian and Zhang, Peng and Zhang, Shuai and Duan, Nan and Hou, Yuexian and Zhou, Ming and Song, Dawei},
  journal={Advances in neural information processing systems},
  volume={32},
  year={2019}
}



@article{ref5,
  title={Tensorgpt: Efficient compression of the embedding layer in llms based on the tensor-train decomposition},
  author={Xu, Mingxue and Xu, Yao Lei and Mandic, Danilo P},
  journal={arXiv preprint arXiv:2307.00526},
  year={2023}
}

@inproceedings{ref6,
  title={Alternating local enumeration (tnale): Solving tensor network structure search with fewer evaluations},
  author={Li, Chao and Zeng, Junhua and Li, Chunmei and Caiafa, Cesar F and Zhao, Qibin},
  booktitle={International Conference on Machine Learning},
  pages={20384--20411},
  year={2023},
  organization={PMLR}
}

@inproceedings{ref7,
  title={SVDinsTN: A Tensor Network Paradigm for Efficient Structure Search from Regularized Modeling Perspective},
  author={Zheng, Yu-Bang and Zhao, Xi-Le and Zeng, Junhua and Li, Chao and Zhao, Qibin and Li, Heng-Chao and Huang, Ting-Zhu},
  booktitle={Proceedings of the IEEE/CVF Conference on Computer Vision and Pattern Recognition},
  pages={26254--26263},
  year={2024}
}



@inproceedings{ref9,
  title={tnGPS: Discovering Unknown Tensor Network Structure Search Algorithms via Large Language Models (LLMs)},
  author={Zeng, Junhua and Li, Chao and Sun, Zhun and Zhao, Qibin and Zhou, Guoxu},
  year={2024},
  booktitle={Forty-first International Conference on Machine Learning}
}

@inproceedings{ref10,
  title={Permutation search of tensor network structures via local sampling},
  author={Li, Chao and Zeng, Junhua and Tao, Zerui and Zhao, Qibin},
  booktitle={International Conference on Machine Learning},
  pages={13106--13124},
  year={2022},
  organization={PMLR}
}

@article{ref11,
  title={Most tensor problems are NP-hard},
  author={Hillar, Christopher J and Lim, Lek-Heng},
  journal={Journal of the ACM (JACM)},
  volume={60},
  number={6},
  pages={1--39},
  year={2013},
  publisher={ACM New York, NY, USA}
}





@inproceedings{ref13,
  title={Evolutionary topology search for tensor network decomposition},
  author={Li, Chao and Sun, Zhun},
  booktitle={International Conference on Machine Learning},
  pages={5947--5957},
  year={2020},
  organization={PMLR}
}

@inproceedings{ref15,
  title={Adaptive Tensor Networks Decomposition.},
  author={Nie, Chang and Wang, Huan and Tian, Le},
  booktitle={BMVC},
  pages={148},
  year={2021}
}

@article{ref16,
  title={Backpropagation and stochastic gradient descent method},
  author={Amari, Shun-ichi},
  journal={Neurocomputing},
  volume={5},
  number={4-5},
  pages={185--196},
  year={1993},
  publisher={Elsevier}
}

@article{ref17,
  title={Convergence of descent methods for semi-algebraic and tame problems: proximal algorithms, forward--backward splitting, and regularized Gauss--Seidel methods},
  author={Attouch, Hedy and Bolte, J{\'e}r{\^o}me and Svaiter, Benar Fux},
  journal={Mathematical Programming},
  volume={137},
  number={1},
  pages={91--129},
  year={2013},
  publisher={Springer}
}

@inproceedings{ref18,
  title={Fully-connected tensor network decomposition and its application to higher-order tensor completion},
  author={Zheng, Yu-Bang and Huang, Ting-Zhu and Zhao, Xi-Le and Zhao, Qibin and Jiang, Tai-Xiang},
  booktitle={Proceedings of the AAAI conference on artificial intelligence},
  volume={35},
  number={12},
  pages={11071--11078},
  year={2021}
}

@inproceedings{ref19,
  title={Learning tensor low-rank prior for hyperspectral image reconstruction},
  author={Zhang, Shipeng and Wang, Lizhi and Zhang, Lei and Huang, Hua},
  booktitle={Proceedings of the IEEE/CVF conference on computer vision and pattern recognition},
  pages={12006--12015},
  year={2021}
}

@inproceedings{ref20,
  title={Stable low-rank tensor decomposition for compression of convolutional neural network},
  author={Phan, Anh-Huy and Sobolev, Konstantin and Sozykin, Konstantin and Ermilov, Dmitry and Gusak, Julia and Tichavsk{\`y}, Petr and Glukhov, Valeriy and Oseledets, Ivan and Cichocki, Andrzej},
  booktitle={Computer Vision--ECCV 2020: 16th European Conference, Glasgow, UK, August 23--28, 2020, Proceedings, Part XXIX 16},
  pages={522--539},
  year={2020},
  organization={Springer}
}

@article{ref21,
  title={Tensor decompositions and applications},
  author={Kolda, Tamara G and Bader, Brett W},
  journal={SIAM review},
  volume={51},
  number={3},
  pages={455--500},
  year={2009},
  publisher={SIAM}
}



@inproceedings{ref25,
  title={Monarch: Expressive structured matrices for efficient and accurate training},
  author={Dao, Tri and Chen, Beidi and Sohoni, Nimit S and Desai, Arjun and Poli, Michael and Grogan, Jessica and Liu, Alexander and Rao, Aniruddh and Rudra, Atri and R{\'e}, Christopher},
  booktitle={International Conference on Machine Learning},
  pages={4690--4721},
  year={2022},
  organization={PMLR}
}

@article{ref26,
  title={Tensor neural networks via circulant convolution},
  author={Nie, Chang and Wang, Huan},
  journal={Neurocomputing},
  volume={483},
  pages={22--31},
  year={2022},
  publisher={Elsevier}
}

@article{nie2022stn,
  title={STN: Scalable Tensorizing Networks via Structure-Aware Training and Adaptive Compression},
  author={Nie, Chang and Wang, Huan and Zhao, Lu},
  journal={arXiv preprint arXiv:2205.15198},
  year={2022}
}

è§£é‡Š


@article{ref27,
  title={Adaptive tensor learning with tensor networks},
  author={Hashemizadeh, Meraj and Liu, Michelle and Miller, Jacob and Rabusseau, Guillaume},
  journal={arXiv preprint arXiv:2008.05437},
  year={2020}
}

@article{ref29,
  title={Multi-tensor network representation for high-order tensor completion},
  author={Nie, Chang and Wang, Huan and Lai, Zhihui},
  journal={arXiv preprint arXiv:2109.04022},
  year={2021}
}

@inproceedings{ref28,
  author    = {Yuto Yamaguchi and Kohei Hayashi},
  title     = {Tensor Decomposition with Missing Indices},
  booktitle = {Proceedings of the Twenty-Sixth International Joint Conference on Artificial Intelligence, {IJCAI-17}},
  pages     = {3217--3223},
  year      = {2017},
  doi       = {10.24963/ijcai.2017/449},
  url       = {https://doi.org/10.24963/ijcai.2017/449},
}

@article{ref30,
title = {Low-rank sparse fully-connected tensor network for tensor completion},
journal = {Pattern Recognition},
volume = {158},
pages = {111000},
year = {2025},
issn = {0031-3203},
doi = {https://doi.org/10.1016/j.patcog.2024.111000},
url = {https://www.sciencedirect.com/science/article/pii/S0031320324007519},
author = {Jinshi Yu and Zhifu Li and Ge Ma and Jingwen Wang and Tao Zou and Guoxu Zhou}
}


@article{ref32,
  title={An overview of neural network compression},
  author={Neill, James O'},
  journal={arXiv preprint arXiv:2006.03669},
  year={2020}
}

@article{ref33,
  title={Artificial neural networks based optimization techniques: A review},
  author={Abdolrasol, Maher GM and Hussain, SM Suhail and Ustun, Taha Selim and Sarker, Mahidur R and Hannan, Mahammad A and Mohamed, Ramizi and Ali, Jamal Abd and Mekhilef, Saad and Milad, Abdalrhman},
  journal={Electronics},
  volume={10},
  number={21},
  pages={2689},
  year={2021},
  publisher={MDPI}
}


