@inproceedings{Morris+2020,
    title={TUDataset: A collection of benchmark datasets for learning with graphs},
    author={Christopher Morris and Nils M. Kriege and Franka Bause and Kristian Kersting and Petra Mutzel and Marion Neumann},
    booktitle={ICML 2020 Workshop on Graph Representation Learning and Beyond (GRL+ 2020)},
    archivePrefix={arXiv},
    eprint={2007.08663},
    url={www.graphlearning.io},
    year={2020}
}

@inproceedings{ahn2020learning,
  title={Learning what to defer for maximum independent sets},
  author={Ahn, Sungsoo and Seo, Younggyo and Shin, Jinwoo},
  booktitle={International conference on machine learning},
  pages={134--144},
  year={2020},
  organization={PMLR}
}

@article{akiba2016branch,
  title={Branch-and-reduce exponential/FPT algorithms in practice: A case study of vertex cover},
  author={Akiba, Takuya and Iwata, Yoichi},
  journal={Theoretical Computer Science},
  volume={609},
  pages={211--225},
  year={2016},
  publisher={Elsevier}
}

@article{alkhouri2024dataless,
  title={Dataless Quadratic Neural Networks for the Maximum Independent Set Problem},
  author={Alkhouri, Ismail and Denmat, Cedric Le and Li, Yingjie and Yu, Cunxi and Liu, Jia and Wang, Rongrong and Velasquez, Alvaro},
  journal={arXiv preprint arXiv:2406.19532},
  year={2024}
}

@article{andrade2012fast,
  title={Fast local search for the maximum independent set problem},
  author={Andrade, Diogo V and Resende, Mauricio GC and Werneck, Renato F},
  journal={Journal of Heuristics},
  volume={18},
  pages={525--547},
  year={2012},
  publisher={Springer}
}

@article{angelini2023modern,
  title={Modern graph neural networks do worse than classical greedy algorithms in solving combinatorial optimization problems like maximum independent set},
  author={Angelini, Maria Chiara and Ricci-Tersenghi, Federico},
  journal={Nature Machine Intelligence},
  volume={5},
  number={1},
  pages={29--31},
  year={2023},
  publisher={Nature Publishing Group UK London}
}

@inproceedings{back1994evolutionary,
  title={An evolutionary heuristic for the maximum independent set problem},
  author={Back, Thomas and Khuri, Sami},
  booktitle={Proceedings of the first IEEE conference on evolutionary computation. IEEE World Congress on Computational Intelligence},
  pages={531--535},
  year={1994},
  organization={IEEE}
}

@inproceedings{bansal2014approximating,
  title={Approximating independent sets in sparse graphs},
  author={Bansal, Nikhil},
  booktitle={Proceedings of the twenty-sixth annual ACM-SIAM symposium on Discrete algorithms},
  pages={1--8},
  year={2014},
  organization={SIAM}
}

@article{bengio2021flow,
  title={Flow network based generative models for non-iterative diverse candidate generation},
  author={Bengio, Emmanuel and Jain, Moksh and Korablyov, Maksym and Precup, Doina and Bengio, Yoshua},
  journal={Advances in Neural Information Processing Systems},
  volume={34},
  pages={27381--27394},
  year={2021}
}

@inproceedings{boether_dltreesearch_2022,
  author = {Böther, Maximilian and Kißig, Otto and Taraz, Martin and Cohen, Sarel and Seidel, Karen and Friedrich, Tobias},
  title = {What{\textquoteright}s Wrong with Deep Learning in Tree Search for Combinatorial Optimization},
  booktitle = {Proceedings of the International Conference on Learning Representations ({ICLR})},
  year = {2022}
}

@article{boppana1992approximating,
  title={Approximating maximum independent sets by excluding subgraphs},
  author={Boppana, Ravi and Halld{\'o}rsson, Magn{\'u}s M},
  journal={BIT Numerical Mathematics},
  volume={32},
  number={2},
  pages={180--196},
  year={1992},
  publisher={Springer}
}

@inproceedings{borisovsky2003experimental,
  title={Experimental comparison of two evolutionary algorithms for the independent set problem},
  author={Borisovsky, Pavel A and Zavolovskaya, Marina S},
  booktitle={Workshops on Applications of Evolutionary Computation},
  pages={154--164},
  year={2003},
  organization={Springer}
}

@inproceedings{butenko2002finding,
  title={Finding maximum independent sets in graphs arising from coding theory},
  author={Butenko, Sergiy and Pardalos, Panos and Sergienko, Ivan and Shylo, Vladimir and Stetsyuk, Petro},
  booktitle={Proceedings of the 2002 ACM symposium on Applied computing},
  pages={542--546},
  year={2002}
}

@inproceedings{dahlum2016accelerating,
  title={Accelerating local search for the maximum independent set problem},
  author={Dahlum, Jakob and Lamm, Sebastian and Sanders, Peter and Schulz, Christian and Strash, Darren and Werneck, Renato F},
  booktitle={Experimental Algorithms: 15th International Symposium, SEA 2016, St. Petersburg, Russia, June 5-8, 2016, Proceedings 15},
  pages={118--133},
  year={2016},
  organization={Springer}
}

@article{goemans1995improved,
  title={Improved approximation algorithms for maximum cut and satisfiability problems using semidefinite programming},
  author={Goemans, Michel X and Williamson, David P},
  journal={Journal of the ACM (JACM)},
  volume={42},
  number={6},
  pages={1115--1145},
  year={1995},
  publisher={ACM New York, NY, USA}
}

@misc{gurobi,
  author = {{Gurobi Optimization, LLC}},
  title = {{Gurobi Optimizer Reference Manual}},
  year = 2024,
  url = "https://www.gurobi.com"
}

@article{halperin2002improved,
  title={Improved approximation algorithms for the vertex cover problem in graphs and hypergraphs},
  author={Halperin, Eran},
  journal={SIAM Journal on Computing},
  volume={31},
  number={5},
  pages={1608--1623},
  year={2002},
  publisher={SIAM}
}

@article{hespe2019scalable,
  title={Scalable kernelization for maximum independent sets},
  author={Hespe, Demian and Schulz, Christian and Strash, Darren},
  journal={Journal of Experimental Algorithmics (JEA)},
  volume={24},
  pages={1--22},
  year={2019},
  publisher={ACM New York, NY, USA}
}

@article{ichikawa2023controlling,
  title={Controlling continuous relaxation for combinatorial optimization},
  author={Ichikawa, Yuma},
  journal={arXiv preprint arXiv:2309.16965},
  year={2023}
}

@article{karalias2020erdos,
  title={Erdos goes neural: an unsupervised learning framework for combinatorial optimization on graphs},
  author={Karalias, Nikolaos and Loukas, Andreas},
  journal={Advances in Neural Information Processing Systems},
  volume={33},
  pages={6659--6672},
  year={2020}
}

@article{khalil2017learning,
  title={Learning combinatorial optimization algorithms over graphs},
  author={Khalil, Elias and Dai, Hanjun and Zhang, Yuyu and Dilkina, Bistra and Song, Le},
  journal={Advances in neural information processing systems},
  volume={30},
  year={2017}
}

@inproceedings{lamm2015graph,
  title={Graph partitioning for independent sets},
  author={Lamm, Sebastian and Sanders, Peter and Schulz, Christian},
  booktitle={International Symposium on Experimental Algorithms},
  pages={68--81},
  year={2015},
  organization={Springer}
}

@article{lamm2017finding,
  title={Finding near-optimal independent sets at scale.},
  author={Lamm, Sebastian and Sanders, Peter and Schulz, Christian and Strash, Darren and Werneck, Renato},
  journal={Journal of Heuristics},
  volume={23},
  number={4},
  year={2017}
}

@article{laporte1992traveling,
  title={The traveling salesman problem: An overview of exact and approximate algorithms},
  author={Laporte, Gilbert},
  journal={European Journal of Operational Research},
  volume={59},
  number={2},
  pages={231--247},
  year={1992},
  publisher={Elsevier}
}

@article{li2018combinatorial,
  title={Combinatorial optimization with graph convolutional networks and guided tree search},
  author={Li, Zhuwen and Chen, Qifeng and Koltun, Vladlen},
  journal={Advances in neural information processing systems},
  volume={31},
  year={2018}
}

@article{li2024distribution,
  title={From distribution learning in training to gradient search in testing for combinatorial optimization},
  author={Li, Yang and Guo, Jinpei and Wang, Runzhong and Yan, Junchi},
  journal={Advances in Neural Information Processing Systems},
  volume={36},
  year={2024}
}

@article{nemhauser1975vertex,
  title={Vertex packings: structural properties and algorithms},
  author={Nemhauser, George L and Trotter Jr, Leslie E},
  journal={Mathematical Programming},
  volume={8},
  number={1},
  pages={232--248},
  year={1975},
  publisher={Springer}
}

@article{qiu2022dimes,
  title={Dimes: A differentiable meta solver for combinatorial optimization problems},
  author={Qiu, Ruizhong and Sun, Zhiqing and Yang, Yiming},
  journal={Advances in Neural Information Processing Systems},
  volume={35},
  pages={25531--25546},
  year={2022}
}

@article{sanokowski2023variational,
  title={Variational annealing on graphs for combinatorial optimization},
  author={Sanokowski, Sebastian and Berghammer, Wilhelm and Hochreiter, Sepp and Lehner, Sebastian},
  journal={Advances in Neural Information Processing Systems},
  volume={36},
  pages={63907--63930},
  year={2023}
}

@inproceedings{sanokowskidiffusion,
  title={A Diffusion Model Framework for Unsupervised Neural Combinatorial Optimization},
  author={Sanokowski, Sebastian and Hochreiter, Sepp and Lehner, Sebastian},
  booktitle={Forty-first International Conference on Machine Learning},
  year={2024}
}

@article{schuetz2022combinatorial,
  title={Combinatorial optimization with physics-inspired graph neural networks},
  author={Schuetz, Martin JA and Brubaker, J Kyle and Katzgraber, Helmut G},
  journal={Nature Machine Intelligence},
  volume={4},
  number={4},
  pages={367--377},
  year={2022},
  publisher={Nature Publishing Group UK London}
}

@inproceedings{sun2022annealed,
  title={Annealed Training for Combinatorial Optimization on Graphs},
  author={Sun, Haoran and Guha, Etash Kumar and Dai, Hanjun},
  booktitle={OPT 2022: Optimization for Machine Learning (NeurIPS 2022 Workshop)},
  year={2022}
}

@article{sun2023difusco,
  title={Difusco: Graph-based diffusion solvers for combinatorial optimization},
  author={Sun, Zhiqing and Yang, Yiming},
  journal={Advances in Neural Information Processing Systems},
  volume={36},
  pages={3706--3731},
  year={2023}
}

@inproceedings{sun2023revisiting,
  title={Revisiting sampling for combinatorial optimization},
  author={Sun, Haoran and Goshvadi, Katayoon and Nova, Azade and Schuurmans, Dale and Dai, Hanjun},
  booktitle={International Conference on Machine Learning},
  pages={32859--32874},
  year={2023},
  organization={PMLR}
}

@article{xiao2013confining,
  title={Confining sets and avoiding bottleneck cases: A simple maximum independent set algorithm in degree-3 graphs},
  author={Xiao, Mingyu and Nagamochi, Hiroshi},
  journal={Theoretical Computer Science},
  volume={469},
  pages={92--104},
  year={2013},
  publisher={Elsevier}
}

@inproceedings{yanardag2015deep,
  title={Deep graph kernels},
  author={Yanardag, Pinar and Vishwanathan, SVN},
  booktitle={Proceedings of the 21th ACM SIGKDD international conference on knowledge discovery and data mining},
  pages={1365--1374},
  year={2015}
}

@article{zhang2023let,
  title={Let the flows tell: Solving graph combinatorial problems with gflownets},
  author={Zhang, Dinghuai and Dai, Hanjun and Malkin, Nikolay and Courville, Aaron C and Bengio, Yoshua and Pan, Ling},
  journal={Advances in neural information processing systems},
  volume={36},
  pages={11952--11969},
  year={2023}
}

