@article{coja2015independent,
  title={On independent sets in random graphs},
  author={Coja-Oghlan, Amin and Efthymiou, Charilaos},
  journal={Random Structures \& Algorithms},
  volume={47},
  number={3},
  pages={436--486},
  year={2015},
  publisher={Wiley Online Library}
}

@inproceedings{grimmett1975colouring,
  title={On colouring random graphs},
  author={Grimmett, Geoffrey R and McDiarmid, Colin JH},
  booktitle={Mathematical Proceedings of the Cambridge Philosophical Society},
  volume={77},
  pages={313--324},
  year={1975},
  organization={Cambridge University Press}
}

@article{rahman2017local,
  title={Local algorithms for independent sets are half-optimal},
  author={Rahman, Mustazee and Vir{\'a}g, B{\'a}lint},
  journal={Annals of Probability},
  volume={45},
  number={3},
  year={2017},
  publisher={Institute of Mathematical Statistics}
}
@article{angelini2023modern,
  title={Modern graph neural networks do worse than classical greedy algorithms in solving combinatorial optimization problems like maximum independent set},
  author={Angelini, Maria Chiara and Ricci-Tersenghi, Federico},
  journal={Nature Machine Intelligence},
  volume={5},
  number={1},
  pages={29--31},
  year={2023},
  publisher={Nature Publishing Group UK London}
}

@article{lamm2017finding,
  title={Finding near-optimal independent sets at scale.},
  author={Lamm, Sebastian and Sanders, Peter and Schulz, Christian and Strash, Darren and Werneck, Renato},
  journal={Journal of Heuristics},
  volume={23},
  number={4},
  year={2017}
}
@inproceedings{dahlum2016accelerating,
  title={Accelerating local search for the maximum independent set problem},
  author={Dahlum, Jakob and Lamm, Sebastian and Sanders, Peter and Schulz, Christian and Strash, Darren and Werneck, Renato F},
  booktitle={Experimental Algorithms: 15th International Symposium, SEA 2016, St. Petersburg, Russia, June 5-8, 2016, Proceedings 15},
  pages={118--133},
  year={2016},
  organization={Springer}
}
@inproceedings{lamm2015graph,
  title={Graph partitioning for independent sets},
  author={Lamm, Sebastian and Sanders, Peter and Schulz, Christian},
  booktitle={International Symposium on Experimental Algorithms},
  pages={68--81},
  year={2015},
  organization={Springer}
}
@inproceedings{sun2023revisiting,
  title={Revisiting sampling for combinatorial optimization},
  author={Sun, Haoran and Goshvadi, Katayoon and Nova, Azade and Schuurmans, Dale and Dai, Hanjun},
  booktitle={International Conference on Machine Learning},
  pages={32859--32874},
  year={2023},
  organization={PMLR}
}
@inproceedings{sanokowskidiffusion,
  title={A Diffusion Model Framework for Unsupervised Neural Combinatorial Optimization},
  author={Sanokowski, Sebastian and Hochreiter, Sepp and Lehner, Sebastian},
  booktitle={Forty-first International Conference on Machine Learning},
  year={2024}
}
@article{gamarnik2023barriers,
  title={Barriers for the performance of graph neural networks (GNN) in discrete random structures},
  author={Gamarnik, David},
  journal={Proceedings of the National Academy of Sciences},
  volume={120},
  number={46},
  pages={e2314092120},
  year={2023},
  publisher={National Acad Sciences}
}
@article{bother2022s,
  title={What's wrong with deep learning in tree search for combinatorial optimization},
  author={B{\"o}ther, Maximilian and Ki{\ss}ig, Otto and Taraz, Martin and Cohen, Sarel and Seidel, Karen and Friedrich, Tobias},
  journal={arXiv preprint arXiv:2201.10494},
  year={2022}
}
@article{li2018combinatorial,
  title={Combinatorial optimization with graph convolutional networks and guided tree search},
  author={Li, Zhuwen and Chen, Qifeng and Koltun, Vladlen},
  journal={Advances in neural information processing systems},
  volume={31},
  year={2018}
}
@article{xu2000exact,
  title={Exact phase transitions in random constraint satisfaction problems},
  author={Xu, Ke and Li, Wei},
  journal={Journal of Artificial Intelligence Research},
  volume={12},
  pages={93--103},
  year={2000}
}
@article{frieze1994independence,
  title={On the independence number of random cubic graphs},
  author={Frieze, Alan and Suen, Stephen},
  journal={Random Structures \& Algorithms},
  volume={5},
  number={5},
  pages={649--664},
  year={1994},
  publisher={Wiley Online Library}
}
@inproceedings{barbier2013hard,
  title={The hard-core model on random graphs revisited},
  author={Barbier, Jean and Krzakala, Florent and Zdeborov{\'a}, Lenka and Zhang, Pan},
  booktitle={Journal of Physics: Conference Series},
  volume={473},
  pages={012021},
  year={2013},
  organization={IOP Publishing}
}
@article{ding2016maximum,
  title={Maximum independent sets on random regular graphs},
  author={Ding, Jian and Sly, Allan and Sun, Nike},
  journal={Acta Mathematica},
  volume={217},
  number={2},
  pages={263--340},
  year={2016},
  publisher={Springer Netherlands}
}
@misc{gurobi,
  author = {{Gurobi Optimization, LLC}},
  title = {{Gurobi Optimizer Reference Manual}},
  year = 2024,
  url = "https://www.gurobi.com"
}
@article{angelini2019monte,
  title={Monte Carlo algorithms are very effective in finding the largest independent set in sparse random graphs},
  author={Angelini, Maria Chiara and Ricci-Tersenghi, Federico},
  journal={Physical Review E},
  volume={100},
  number={1},
  pages={013302},
  year={2019},
  publisher={APS}
}
@article{gamarnik2021overlap,
  title={The overlap gap property: A topological barrier to optimizing over random structures},
  author={Gamarnik, David},
  journal={Proceedings of the National Academy of Sciences},
  volume={118},
  number={41},
  pages={e2108492118},
  year={2021},
  publisher={National Acad Sciences}
}
@article{sun2023difusco,
  title={Difusco: Graph-based diffusion solvers for combinatorial optimization},
  author={Sun, Zhiqing and Yang, Yiming},
  journal={Advances in Neural Information Processing Systems},
  volume={36},
  pages={3706--3731},
  year={2023}
}
@book{karp2010reducibility,
  title={Reducibility among combinatorial problems},
  author={Karp, Richard M},
  year={2010},
  publisher={Springer}
}

@article{schuetz2022combinatorial,
  title={Combinatorial optimization with physics-inspired graph neural networks},
  author={Schuetz, Martin JA and Brubaker, J Kyle and Katzgraber, Helmut G},
  journal={Nature Machine Intelligence},
  volume={4},
  number={4},
  pages={367--377},
  year={2022},
  publisher={Nature Publishing Group UK London}
}

@article{zhang2023let,
  title={Let the flows tell: Solving graph combinatorial problems with gflownets},
  author={Zhang, Dinghuai and Dai, Hanjun and Malkin, Nikolay and Courville, Aaron C and Bengio, Yoshua and Pan, Ling},
  journal={Advances in neural information processing systems},
  volume={36},
  pages={11952--11969},
  year={2023}
}

@article{bengio2023gflownet,
  title={Gflownet foundations},
  author={Bengio, Yoshua and Lahlou, Salem and Deleu, Tristan and Hu, Edward J and Tiwari, Mo and Bengio, Emmanuel},
  journal={The Journal of Machine Learning Research},
  volume={24},
  number={1},
  pages={10006--10060},
  year={2023},
  publisher={JMLRORG}
}
@article{wein2022optimal,
  title={Optimal low-degree hardness of maximum independent set},
  author={Wein, Alexander S},
  journal={Mathematical Statistics and Learning},
  volume={4},
  number={3},
  pages={221--251},
  year={2022}
}
@inproceedings{boether_dltreesearch_2022,
  author = {Böther, Maximilian and Kißig, Otto and Taraz, Martin and Cohen, Sarel and Seidel, Karen and Friedrich, Tobias},
  title = {What{\textquoteright}s Wrong with Deep Learning in Tree Search for Combinatorial Optimization},
  booktitle = {Proceedings of the International Conference on Learning Representations ({ICLR})},
  year = {2022}
}
@inproceedings{ahn2020learning,
  title={Learning what to defer for maximum independent sets},
  author={Ahn, Sungsoo and Seo, Younggyo and Shin, Jinwoo},
  booktitle={International conference on machine learning},
  pages={134--144},
  year={2020},
  organization={PMLR}
}
@inproceedings{Morris+2020,
    title={TUDataset: A collection of benchmark datasets for learning with graphs},
    author={Christopher Morris and Nils M. Kriege and Franka Bause and Kristian Kersting and Petra Mutzel and Marion Neumann},
    booktitle={ICML 2020 Workshop on Graph Representation Learning and Beyond (GRL+ 2020)},
    archivePrefix={arXiv},
    eprint={2007.08663},
    url={www.graphlearning.io},
    year={2020}
}
@book{du1998handbook,
  title={Handbook of combinatorial optimization},
  author={Du, Dingzhu and Pardalos, Panos M},
  volume={4},
  year={1998},
  publisher={Springer Science \& Business Media}
}
@article{zhong2021preface,
  title={Preface: Combinatorial optimization drives the future of Health Care},
  author={Zhong, Liwei and Tang, Guochun},
  journal={Journal of Combinatorial Optimization},
  volume={42},
  pages={675--676},
  year={2021},
  publisher={Springer}
}
@article{hoffman2000combinatorial,
  title={Combinatorial optimization: Current successes and directions for the future},
  author={Hoffman, Karla L},
  journal={Journal of computational and applied mathematics},
  volume={124},
  number={1-2},
  pages={341--360},
  year={2000},
  publisher={Elsevier}
}
@book{papadimitriou1998combinatorial,
  title={Combinatorial optimization: algorithms and complexity},
  author={Papadimitriou, Christos H and Steiglitz, Kenneth},
  year={1998},
  publisher={Courier Corporation}
}
@article{boppana1992approximating,
  title={Approximating maximum independent sets by excluding subgraphs},
  author={Boppana, Ravi and Halld{\'o}rsson, Magn{\'u}s M},
  journal={BIT Numerical Mathematics},
  volume={32},
  number={2},
  pages={180--196},
  year={1992},
  publisher={Springer}
}
@article{laporte1992traveling,
  title={The traveling salesman problem: An overview of exact and approximate algorithms},
  author={Laporte, Gilbert},
  journal={European Journal of Operational Research},
  volume={59},
  number={2},
  pages={231--247},
  year={1992},
  publisher={Elsevier}
}
@article{goemans1995improved,
  title={Improved approximation algorithms for maximum cut and satisfiability problems using semidefinite programming},
  author={Goemans, Michel X and Williamson, David P},
  journal={Journal of the ACM (JACM)},
  volume={42},
  number={6},
  pages={1115--1145},
  year={1995},
  publisher={ACM New York, NY, USA}
}

@article{zhang2021solving,
  title={Solving dynamic traveling salesman problems with deep reinforcement learning},
  author={Zhang, Zizhen and Liu, Hong and Zhou, MengChu and Wang, Jiahai},
  journal={IEEE Transactions on Neural Networks and Learning Systems},
  volume={34},
  number={4},
  pages={2119--2132},
  year={2021},
  publisher={IEEE}
}
@inproceedings{d2020learning,
  title={Learning 2-opt heuristics for the traveling salesman problem via deep reinforcement learning},
  author={d O Costa, Paulo R and Rhuggenaath, Jason and Zhang, Yingqian and Akcay, Alp},
  booktitle={Asian conference on machine learning},
  pages={465--480},
  year={2020},
  organization={PMLR}
}

@article{alkhouri2022differentiable,
  title={A differentiable approach to combinatorial optimization using dataless neural networks},
  author={Alkhouri, Ismail R and Atia, George K and Velasquez, Alvaro},
  journal={arXiv preprint arXiv:2203.08209},
  year={2022}
}
@article{wormald2003analysis,
  title={Analysis of greedy algorithms on graphs with bounded degrees},
  author={Wormald, Nicholas C},
  journal={Discrete Mathematics},
  volume={273},
  number={1-3},
  pages={235--260},
  year={2003},
  publisher={Elsevier}
}
@article{akiba2016branch,
  title={Branch-and-reduce exponential/FPT algorithms in practice: A case study of vertex cover},
  author={Akiba, Takuya and Iwata, Yoichi},
  journal={Theoretical Computer Science},
  volume={609},
  pages={211--225},
  year={2016},
  publisher={Elsevier}
}
@article{xiao2013confining,
  title={Confining sets and avoiding bottleneck cases: A simple maximum independent set algorithm in degree-3 graphs},
  author={Xiao, Mingyu and Nagamochi, Hiroshi},
  journal={Theoretical Computer Science},
  volume={469},
  pages={92--104},
  year={2013},
  publisher={Elsevier}
}
@article{bourgeois2012fast,
  title={Fast algorithms for max independent set},
  author={Bourgeois, Nicolas and Escoffier, Bruno and Paschos, Vangelis T and van Rooij, Johan MM},
  journal={Algorithmica},
  volume={62},
  pages={382--415},
  year={2012},
  publisher={Springer}
}
@inproceedings{butenko2002finding,
  title={Finding maximum independent sets in graphs arising from coding theory},
  author={Butenko, Sergiy and Pardalos, Panos and Sergienko, Ivan and Shylo, Vladimir and Stetsyuk, Petro},
  booktitle={Proceedings of the 2002 ACM symposium on Applied computing},
  pages={542--546},
  year={2002}
}
@article{andrade2012fast,
  title={Fast local search for the maximum independent set problem},
  author={Andrade, Diogo V and Resende, Mauricio GC and Werneck, Renato F},
  journal={Journal of Heuristics},
  volume={18},
  pages={525--547},
  year={2012},
  publisher={Springer}
}
@inproceedings{back1994evolutionary,
  title={An evolutionary heuristic for the maximum independent set problem},
  author={Back, Thomas and Khuri, Sami},
  booktitle={Proceedings of the first IEEE conference on evolutionary computation. IEEE World Congress on Computational Intelligence},
  pages={531--535},
  year={1994},
  organization={IEEE}
}
@inproceedings{borisovsky2003experimental,
  title={Experimental comparison of two evolutionary algorithms for the independent set problem},
  author={Borisovsky, Pavel A and Zavolovskaya, Marina S},
  booktitle={Workshops on Applications of Evolutionary Computation},
  pages={154--164},
  year={2003},
  organization={Springer}
}
@article{nemhauser1975vertex,
  title={Vertex packings: structural properties and algorithms},
  author={Nemhauser, George L and Trotter Jr, Leslie E},
  journal={Mathematical Programming},
  volume={8},
  number={1},
  pages={232--248},
  year={1975},
  publisher={Springer}
}
@article{halperin2002improved,
  title={Improved approximation algorithms for the vertex cover problem in graphs and hypergraphs},
  author={Halperin, Eran},
  journal={SIAM Journal on Computing},
  volume={31},
  number={5},
  pages={1608--1623},
  year={2002},
  publisher={SIAM}
}
@inproceedings{bansal2014approximating,
  title={Approximating independent sets in sparse graphs},
  author={Bansal, Nikhil},
  booktitle={Proceedings of the twenty-sixth annual ACM-SIAM symposium on Discrete algorithms},
  pages={1--8},
  year={2014},
  organization={SIAM}
}
@article{alkhouri2024dataless,
  title={Dataless Quadratic Neural Networks for the Maximum Independent Set Problem},
  author={Alkhouri, Ismail and Denmat, Cedric Le and Li, Yingjie and Yu, Cunxi and Liu, Jia and Wang, Rongrong and Velasquez, Alvaro},
  journal={arXiv preprint arXiv:2406.19532},
  year={2024}
}
@article{khalil2017learning,
  title={Learning combinatorial optimization algorithms over graphs},
  author={Khalil, Elias and Dai, Hanjun and Zhang, Yuyu and Dilkina, Bistra and Song, Le},
  journal={Advances in neural information processing systems},
  volume={30},
  year={2017}
}
@article{qiu2022dimes,
  title={Dimes: A differentiable meta solver for combinatorial optimization problems},
  author={Qiu, Ruizhong and Sun, Zhiqing and Yang, Yiming},
  journal={Advances in Neural Information Processing Systems},
  volume={35},
  pages={25531--25546},
  year={2022}
}
@inproceedings{sun2022annealed,
  title={Annealed Training for Combinatorial Optimization on Graphs},
  author={Sun, Haoran and Guha, Etash Kumar and Dai, Hanjun},
  booktitle={OPT 2022: Optimization for Machine Learning (NeurIPS 2022 Workshop)},
  year={2022}
}
@article{sanokowski2023variational,
  title={Variational annealing on graphs for combinatorial optimization},
  author={Sanokowski, Sebastian and Berghammer, Wilhelm and Hochreiter, Sepp and Lehner, Sebastian},
  journal={Advances in Neural Information Processing Systems},
  volume={36},
  pages={63907--63930},
  year={2023}
}
@article{karalias2020erdos,
  title={Erdos goes neural: an unsupervised learning framework for combinatorial optimization on graphs},
  author={Karalias, Nikolaos and Loukas, Andreas},
  journal={Advances in Neural Information Processing Systems},
  volume={33},
  pages={6659--6672},
  year={2020}
}
@article{li2024distribution,
  title={From distribution learning in training to gradient search in testing for combinatorial optimization},
  author={Li, Yang and Guo, Jinpei and Wang, Runzhong and Yan, Junchi},
  journal={Advances in Neural Information Processing Systems},
  volume={36},
  year={2024}
}
@article{kool2018attention,
  title={Attention, learn to solve routing problems!},
  author={Kool, Wouter and Van Hoof, Herke and Welling, Max},
  journal={arXiv preprint arXiv:1803.08475},
  year={2018}
}
@inproceedings{zheng2021combining,
  title={Combining reinforcement learning with Lin-Kernighan-Helsgaun algorithm for the traveling salesman problem},
  author={Zheng, Jiongzhi and He, Kun and Zhou, Jianrong and Jin, Yan and Li, Chu-Min},
  booktitle={Proceedings of the AAAI conference on artificial intelligence},
  volume={35},
  pages={12445--12452},
  year={2021}
}
@article{li2021deep,
  title={Deep reinforcement learning for combinatorial optimization: Covering salesman problems},
  author={Li, Kaiwen and Zhang, Tao and Wang, Rui and Wang, Yuheng and Han, Yi and Wang, Ling},
  journal={IEEE transactions on cybernetics},
  volume={52},
  number={12},
  pages={13142--13155},
  year={2021},
  publisher={IEEE}
}
@article{ye2024deepaco,
  title={DeepACO: neural-enhanced ant systems for combinatorial optimization},
  author={Ye, Haoran and Wang, Jiarui and Cao, Zhiguang and Liang, Helan and Li, Yong},
  journal={Advances in Neural Information Processing Systems},
  volume={36},
  year={2024}
}
@article{chen2019learning,
  title={Learning to perform local rewriting for combinatorial optimization},
  author={Chen, Xinyun and Tian, Yuandong},
  journal={Advances in neural information processing systems},
  volume={32},
  year={2019}
}
@article{delarue2020reinforcement,
  title={Reinforcement learning with combinatorial actions: An application to vehicle routing},
  author={Delarue, Arthur and Anderson, Ross and Tjandraatmadja, Christian},
  journal={Advances in Neural Information Processing Systems},
  volume={33},
  pages={609--620},
  year={2020}
}
@article{lin2019smart,
  title={Smart manufacturing scheduling with edge computing using multiclass deep Q network},
  author={Lin, Chun-Cheng and Deng, Der-Jiunn and Chih, Yen-Ling and Chiu, Hsin-Ting},
  journal={IEEE Transactions on Industrial Informatics},
  volume={15},
  number={7},
  pages={4276--4284},
  year={2019},
  publisher={IEEE}
}
@inproceedings{baer2019multi,
  title={Multi-agent reinforcement learning for job shop scheduling in flexible manufacturing systems},
  author={Baer, Schirin and Bakakeu, Jupiter and Meyes, Richard and Meisen, Tobias},
  booktitle={2019 Second International Conference on Artificial Intelligence for Industries (AI4I)},
  pages={22--25},
  year={2019},
  organization={IEEE}
}
@article{zhang2020learning,
  title={Learning to dispatch for job shop scheduling via deep reinforcement learning},
  author={Zhang, Cong and Song, Wen and Cao, Zhiguang and Zhang, Jie and Tan, Puay Siew and Chi, Xu},
  journal={Advances in neural information processing systems},
  volume={33},
  pages={1621--1632},
  year={2020}
}
@inproceedings{amizadeh2019learning,
  title={Learning to solve circuit-sat: An unsupervised differentiable approach},
  author={Amizadeh, Saeed and Matusevych, Sergiy and Weimer, Markus},
  booktitle={International Conference on Learning Representations},
  year={2019}
}
@article{you2019g2sat,
  title={G2sat: Learning to generate sat formulas},
  author={You, Jiaxuan and Wu, Haoze and Barrett, Clark and Ramanujan, Raghuram and Leskovec, Jure},
  journal={Advances in neural information processing systems},
  volume={32},
  year={2019}
}
@article{kurin2020can,
  title={Can q-learning with graph networks learn a generalizable branching heuristic for a sat solver?},
  author={Kurin, Vitaly and Godil, Saad and Whiteson, Shimon and Catanzaro, Bryan},
  journal={Advances in Neural Information Processing Systems},
  volume={33},
  pages={9608--9621},
  year={2020}
}
@article{li2022nsnet,
  title={NSNet: A general neural probabilistic framework for satisfiability problems},
  author={Li, Zhaoyu and Si, Xujie},
  journal={Advances in Neural Information Processing Systems},
  volume={35},
  pages={25573--25585},
  year={2022}
}
@inproceedings{li2023hardsatgen,
  title={Hardsatgen: Understanding the difficulty of hard sat formula generation and a strong structure-hardness-aware baseline},
  author={Li, Yang and Chen, Xinyan and Guo, Wenxuan and Li, Xijun and Luo, Wanqian and Huang, Junhua and Zhen, Hui-Ling and Yuan, Mingxuan and Yan, Junchi},
  booktitle={Proceedings of the 29th ACM SIGKDD Conference on Knowledge Discovery and Data Mining},
  pages={4414--4425},
  year={2023}
}
@article{zheng2018dags,
  title={Dags with no tears: Continuous optimization for structure learning},
  author={Zheng, Xun and Aragam, Bryon and Ravikumar, Pradeep K and Xing, Eric P},
  journal={Advances in neural information processing systems},
  volume={31},
  year={2018}
}
@inproceedings{zhu2020causal,
  title={Causal Discovery with Reinforcement Learning},
  author={Zhu, Shengyu and Ng, Ignavier and Chen, Zhitang},
  booktitle={International Conference on Learning Representations},
  year={2020}
}
@article{sanchez2022diffusion,
  title={Diffusion models for causal discovery via topological ordering},
  author={Sanchez, Pedro and Liu, Xiao and O'Neil, Alison Q and Tsaftaris, Sotirios A},
  journal={arXiv preprint arXiv:2210.06201},
  year={2022}
}
@article{ichikawa2023controlling,
  title={Controlling continuous relaxation for combinatorial optimization},
  author={Ichikawa, Yuma},
  journal={arXiv preprint arXiv:2309.16965},
  year={2023}
}
@article{bengio2021machine,
  title={Machine learning for combinatorial optimization: a methodological tour d’horizon},
  author={Bengio, Yoshua and Lodi, Andrea and Prouvost, Antoine},
  journal={European Journal of Operational Research},
  volume={290},
  number={2},
  pages={405--421},
  year={2021},
  publisher={Elsevier}
}
@article{cappart2023combinatorial,
  title={Combinatorial optimization and reasoning with graph neural networks},
  author={Cappart, Quentin and Ch{\'e}telat, Didier and Khalil, Elias B and Lodi, Andrea and Morris, Christopher and Veli{\v{c}}kovi{\'c}, Petar},
  journal={Journal of Machine Learning Research},
  volume={24},
  number={130},
  pages={1--61},
  year={2023}
}
@book{lewis2011network,
  title={Network science: Theory and applications},
  author={Lewis, Ted G},
  year={2011},
  publisher={John Wiley \& Sons}
}
@book{bollobas1998random,
  title={Random graphs},
  author={Bollob{\'a}s, B{\'e}la and Bollob{\'a}s, B{\'e}la},
  year={1998},
  publisher={Springer}
}
@article{albert2002statistical,
  title={Statistical mechanics of complex networks},
  author={Albert, R{\'e}ka and Barab{\'a}si, Albert-L{\'a}szl{\'o}},
  journal={Reviews of modern physics},
  volume={74},
  number={1},
  pages={47},
  year={2002},
  publisher={APS}
}
@article{radicchi2011citation,
  title={Citation networks},
  author={Radicchi, Filippo and Fortunato, Santo and Vespignani, Alessandro},
  journal={Models of science dynamics: Encounters between complexity theory and information sciences},
  pages={233--257},
  year={2011},
  publisher={Springer}
}
@article{erdos59a,
  added-at = {2010-05-05T00:38:27.000+0200},
  author = {Erd\"{o}s, P. and R\'{e}nyi, A.},
  journal = {Publicationes Mathematicae Debrecen},
  pages = 290,
  title = {On Random Graphs I},
  volume = 6,
  year = 1959
}
@inproceedings{yanardag2015deep,
  title={Deep graph kernels},
  author={Yanardag, Pinar and Vishwanathan, SVN},
  booktitle={Proceedings of the 21th ACM SIGKDD international conference on knowledge discovery and data mining},
  pages={1365--1374},
  year={2015}
}
@article{wormald1999differential,
  title={The differential equation method for random graph processes and greedy algorithms},
  author={Wormald, Nicholas C and others},
  journal={Lectures on approximation and randomized algorithms},
  volume={73},
  number={155},
  pages={0943--05073},
  year={1999},
  publisher={Citeseer}
}
@inproceedings{gamarnik2014limits,
  title={Limits of local algorithms over sparse random graphs},
  author={Gamarnik, David and Sudan, Madhu},
  booktitle={Proceedings of the 5th conference on Innovations in theoretical computer science},
  pages={369--376},
  year={2014}
}
@article{bengio2021flow,
  title={Flow network based generative models for non-iterative diverse candidate generation},
  author={Bengio, Emmanuel and Jain, Moksh and Korablyov, Maksym and Precup, Doina and Bengio, Yoshua},
  journal={Advances in Neural Information Processing Systems},
  volume={34},
  pages={27381--27394},
  year={2021}
}
@article{goshvadi2024discs,
  title={DISCS: a benchmark for discrete sampling},
  author={Goshvadi, Katayoon and Sun, Haoran and Liu, Xingchao and Nova, Azade and Zhang, Ruqi and Grathwohl, Will and Schuurmans, Dale and Dai, Hanjun},
  journal={Advances in Neural Information Processing Systems},
  volume={36},
  year={2024}
}
@article{hespe2019scalable,
  title={Scalable kernelization for maximum independent sets},
  author={Hespe, Demian and Schulz, Christian and Strash, Darren},
  journal={Journal of Experimental Algorithmics (JEA)},
  volume={24},
  pages={1--22},
  year={2019},
  publisher={ACM New York, NY, USA}
}