@article{bajwa2018health,
  title={The health of workers in the global gig economy},
  author={Bajwa, Uttam and Gastaldo, Denise and Di Ruggiero, Erica and Knorr, Lilian},
  journal={Globalization and health},
  volume={14},
  pages={1--4},
  year={2018},
  publisher={Springer}
}

@article{barrios2022launching,
  title={Launching with a parachute: The gig economy and new business formation},
  author={Barrios, John M and Hochberg, Yael V and Yi, Hanyi},
  journal={Journal of Financial Economics},
  volume={144},
  number={1},
  pages={22--43},
  year={2022},
  publisher={Elsevier}
}

@article{berg2015income,
  title={Income security in the on-demand economy: Findings and policy lessons from a survey of crowdworkers},
  author={Berg, Janine},
  journal={Comp. Lab. L. \& Pol'y J.},
  volume={37},
  pages={543},
  year={2015},
  publisher={HeinOnline}
}

@article{berger2019uber,
  title={Uber happy? Work and well-being in the ‘gig economy’},
  author={Berger, Thor and Frey, Carl Benedikt and Levin, Guy and Danda, Santosh Rao},
  journal={Economic Policy},
  volume={34},
  number={99},
  pages={429--477},
  year={2019},
  publisher={Oxford University Press}
}

@techreport{brown2024driving,
  title={Driving to Opportunity? Work and Car Access Among Low-Income Ride-Hail and Delivery Drivers},
  author={Brown, Anne},
  year={2024},
  institution={Center for Open Science}
}

@article{cao2021optimization,
  title={The optimization model of ride-sharing route for ride hailing considering both system optimization and user fairness},
  author={Cao, Yi and Wang, Shan and Li, Jinyang},
  journal={Sustainability},
  volume={13},
  number={2},
  pages={902},
  year={2021},
  publisher={MDPI}
}

@article{chen2019value,
  title={The value of flexible work: Evidence from Uber drivers},
  author={Chen, M Keith and Rossi, Peter E and Chevalier, Judith A and Oehlsen, Emily},
  journal={Journal of political economy},
  volume={127},
  number={6},
  pages={2735--2794},
  year={2019},
  publisher={The University of Chicago Press Chicago, IL}
}

@article{cook2021gender,
  title={The gender earnings gap in the gig economy: Evidence from over a million rideshare drivers},
  author={Cook, Cody and Diamond, Rebecca and Hall, Jonathan V and List, John A and Oyer, Paul},
  journal={The Review of Economic Studies},
  volume={88},
  number={5},
  pages={2210--2238},
  year={2021},
  publisher={Oxford University Press}
}

@article{cramer2016disruptive,
  title={Disruptive change in the taxi business: The case of Uber},
  author={Cramer, Judd and Krueger, Alan B},
  journal={American Economic Review},
  volume={106},
  number={5},
  pages={177--182},
  year={2016},
  publisher={American Economic Association 2014 Broadway, Suite 305, Nashville, TN 37203}
}

@article{de2015rise,
  title={The rise of the just-in-time workforce: On-demand work, crowdwork, and labor protection in the gig-economy},
  author={De Stefano, Valerio},
  journal={Comp. Lab. L. \& Pol'y J.},
  volume={37},
  pages={471},
  year={2015},
  publisher={HeinOnline}
}

@article{de2024ridesourcing,
  title={Ridesourcing platforms thrive on socio-economic inequality},
  author={de Ruijter, Arjan and Cats, Oded and van Lint, Hans},
  journal={Scientific Reports},
  volume={14},
  number={1},
  pages={7371},
  year={2024},
  publisher={Nature Publishing Group UK London}
}

@article{di2013optimization,
  title={Optimization of dynamic ridesharing systems},
  author={Di Febbraro, Angela and Gattorna, Enrico and Sacco, Nicola},
  journal={Transportation research record},
  volume={2359},
  number={1},
  pages={44--50},
  year={2013},
  publisher={SAGE Publications Sage CA: Los Angeles, CA}
}

@article{duggan2020algorithmic,
  title={Algorithmic management and app-work in the gig economy: A research agenda for employment relations and HRM},
  author={Duggan, James and Sherman, Ultan and Carbery, Ronan and McDonnell, Anthony},
  journal={Human Resource Management Journal},
  volume={30},
  number={1},
  pages={114--132},
  year={2020},
  publisher={Wiley Online Library}
}

@article{hall2018analysis,
  title={An analysis of the labor market for Uber’s driver-partners in the United States},
  author={Hall, Jonathan V and Krueger, Alan B},
  journal={Ilr Review},
  volume={71},
  number={3},
  pages={705--732},
  year={2018},
  publisher={SAGE Publications Sage CA: Los Angeles, CA}
}

@article{kadolkar2024algorithmic,
  title={Algorithmic management in the gig economy: A systematic review and research integration},
  author={Kadolkar, Imran and Kepes, Sven and Subramony, Mahesh},
  journal={Journal of Organizational Behavior},
  year={2024},
  publisher={Wiley Online Library}
}

@article{kloostra2022algorithmic,
  title={Algorithmic pricing: A concern for platform workers?},
  author={Kloostra, Jorn},
  journal={European Labour Law Journal},
  volume={13},
  number={1},
  pages={108--126},
  year={2022},
  publisher={SAGE Publications Sage UK: London, England}
}

@article{kucharski2022simulating,
  title={Simulating two-sided mobility platforms with MaaSSim},
  author={Kucharski, Rafa{\l} and Cats, Oded},
  journal={Plos one},
  volume={17},
  number={6},
  pages={e0269682},
  year={2022},
  publisher={Public Library of Science San Francisco, CA USA}
}

@inproceedings{lee2015working,
  title={Working with machines: The impact of algorithmic and data-driven management on human workers},
  author={Lee, Min Kyung and Kusbit, Daniel and Metsky, Evan and Dabbish, Laura},
  booktitle={Proceedings of the 33rd annual ACM conference on human factors in computing systems},
  pages={1603--1612},
  year={2015}
}

@article{lobel2017gig,
  title={The gig economy \& the future of employment and labor law},
  author={Lobel, Orly},
  journal={USFL Rev.},
  volume={51},
  pages={51},
  year={2017},
  publisher={HeinOnline}
}

@article{mishel2018uber,
  title={Uber and the labor market: Uber drivers’ compensation, wages, and the scale of Uber and the gig economy},
  author={Mishel, Lawrence},
  year={2018},
  publisher={Economic Policy Institute}
}

@inproceedings{nanda2020balancing,
  title={Balancing the tradeoff between profit and fairness in rideshare platforms during high-demand hours},
  author={Nanda, Vedant and Xu, Pan and Sankararaman, Karthik Abhinav and Dickerson, John and Srinivasan, Aravind},
  booktitle={Proceedings of the AAAI conference on artificial intelligence},
  volume={34},
  number={02},
  pages={2210--2217},
  year={2020}
}

@article{rosenblat2016algorithmic,
  title={Algorithmic labor and information asymmetries: A case study of Uber’s drivers},
  author={Rosenblat, Alex and Stark, Luke},
  journal={International journal of communication},
  volume={10},
  pages={27},
  year={2016}
}

@book{rosenblat2018uberland,
  title={Uberland: How algorithms are rewriting the rules of work},
  author={Rosenblat, Alex},
  year={2018},
  publisher={Univ of California Press}
}

@article{ruch2020quantifying,
  title={Quantifying the efficiency of ride sharing},
  author={Ruch, Claudio and Lu, ChengQi and Sieber, Lukas and Frazzoli, Emilio},
  journal={IEEE Transactions on Intelligent Transportation Systems},
  volume={22},
  number={9},
  pages={5811--5816},
  year={2020},
  publisher={IEEE}
}

@article{schreieck2016matching,
  title={A matching algorithm for dynamic ridesharing},
  author={Schreieck, Maximilian and Safetli, Hazem and Siddiqui, Sajjad Ali and Pfl{\"u}gler, Christoph and Wiesche, Manuel and Krcmar, Helmut},
  journal={Transportation Research Procedia},
  volume={19},
  pages={272--285},
  year={2016},
  publisher={Elsevier}
}

@article{shapiro2020dynamic,
  title={Dynamic exploits: calculative asymmetries in the on-demand economy},
  author={Shapiro, Aaron},
  journal={New Technology, Work and Employment},
  volume={35},
  number={2},
  pages={162--177},
  year={2020},
  publisher={Wiley Online Library}
}

@article{tan2021ethical,
  title={The ethical debate about the gig economy: A review and critical analysis},
  author={Tan, Zhi Ming and Aggarwal, Nikita and Cowls, Josh and Morley, Jessica and Taddeo, Mariarosaria and Floridi, Luciano},
  journal={Technology in Society},
  volume={65},
  pages={101594},
  year={2021},
  publisher={Elsevier}
}

@article{van2020wage,
  title={From a wage to a wager: Dynamic pricing in the gig economy},
  author={Van Doorn, Niels and others},
  journal={Platform Equality},
  year={2020}
}

@article{wood2019good,
  title={Good gig, bad gig: autonomy and algorithmic control in the global gig economy},
  author={Wood, Alex J and Graham, Mark and Lehdonvirta, Vili and Hjorth, Isis},
  journal={Work, employment and society},
  volume={33},
  number={1},
  pages={56--75},
  year={2019},
  publisher={Sage Publications Sage UK: London, England}
}

@article{zhang2020pricing,
  title={Pricing and allocation algorithm designs in dynamic ridesharing system},
  author={Zhang, Chaoli and Xie, Jiapeng and Wu, Fan and Gao, Xiaofeng and Chen, Guihai},
  journal={Theoretical Computer Science},
  volume={803},
  pages={94--104},
  year={2020},
  publisher={Elsevier}
}

@inproceedings{zhang2022algorithmic,
  title={Algorithmic management reimagined for workers and by workers: Centering worker well-being in gig work},
  author={Zhang, Angie and Boltz, Alexander and Wang, Chun Wei and Lee, Min Kyung},
  booktitle={Proceedings of the 2022 CHI conference on human factors in computing systems},
  pages={1--20},
  year={2022}
}

@article{zhu2024gig,
  title={Gig to the left, algorithms to the right: A case study of the dark sides in the gig economy},
  author={Zhu, Guowei and Huang, Jing and Lu, Jinfeng and Luo, Yingyu and Zhu, Tingyu},
  journal={Technological Forecasting and Social Change},
  volume={199},
  pages={123018},
  year={2024},
  publisher={Elsevier}
}

