@article{ref:biderman2024lora,
title={Lo{RA} Learns Less and Forgets Less},
author={Dan Biderman and Jacob Portes and Jose Javier Gonzalez Ortiz and Mansheej Paul and Philip Greengard and Connor Jennings and Daniel King and Sam Havens and Vitaliy Chiley and Jonathan Frankle and Cody Blakeney and John Patrick Cunningham},
journal={Transactions on Machine Learning Research},
issn={2835-8856},
year={2024},
url={https://openreview.net/forum?id=aloEru2qCG},
note={Featured Certification}
}

@inproceedings{ref:dong2023abilities,
    title = "How Abilities in Large Language Models are Affected by Supervised Fine-tuning Data Composition",
    author = "Dong, Guanting  and
      Yuan, Hongyi  and
      Lu, Keming  and
      Li, Chengpeng  and
      Xue, Mingfeng  and
      Liu, Dayiheng  and
      Wang, Wei  and
      Yuan, Zheng  and
      Zhou, Chang  and
      Zhou, Jingren",
    editor = "Ku, Lun-Wei  and
      Martins, Andre  and
      Srikumar, Vivek",
    booktitle = "Proceedings of the 62nd Annual Meeting of the Association for Computational Linguistics (Volume 1: Long Papers)",
    month = aug,
    year = "2024",
    address = "Bangkok, Thailand",
    publisher = "Association for Computational Linguistics",
    url = "https://aclanthology.org/2024.acl-long.12/",
    doi = "10.18653/v1/2024.acl-long.12",
    pages = "177--198",
}

@inproceedings{ref:kim2024aapl,
  title={AAPL: Adding Attributes to Prompt Learning for Vision-Language Models},
  author={Kim, Gahyeon and Kim, Sohee and Lee, Seokju},
  booktitle={Proceedings of the IEEE/CVF Conference on Computer Vision and Pattern Recognition},
  pages={1572--1582},
  year={2024}
}

@inproceedings{ref:kotha2024understanding,
title={Understanding Catastrophic Forgetting in Language Models via Implicit Inference},
author={Suhas Kotha and Jacob Mitchell Springer and Aditi Raghunathan},
booktitle={The Twelfth International Conference on Learning Representations},
year={2024},
url={https://openreview.net/forum?id=VrHiF2hsrm}
}

@inproceedings{ref:li2021prefix,
    title = "Prefix-Tuning: Optimizing Continuous Prompts for Generation",
    author = "Li, Xiang Lisa  and
      Liang, Percy",
    editor = "Zong, Chengqing  and
      Xia, Fei  and
      Li, Wenjie  and
      Navigli, Roberto",
    booktitle = "Proceedings of the 59th Annual Meeting of the Association for Computational Linguistics and the 11th International Joint Conference on Natural Language Processing (Volume 1: Long Papers)",
    month = aug,
    year = "2021",
    address = "Online",
    publisher = "Association for Computational Linguistics",
    url = "https://aclanthology.org/2021.acl-long.353/",
    doi = "10.18653/v1/2021.acl-long.353",
    pages = "4582--4597",
}

@inproceedings{ref:liu2023hierarchical,
  title={Hierarchical prompt learning for multi-task learning},
  author={Liu, Yajing and Lu, Yuning and Liu, Hao and An, Yaozu and Xu, Zhuoran and Yao, Zhuokun and Zhang, Baofeng and Xiong, Zhiwei and Gui, Chenguang},
  booktitle={Proceedings of the IEEE/CVF Conference on Computer Vision and Pattern Recognition},
  pages={10888--10898},
  year={2023}
}

@inproceedings{ref:liu2024mftcoder,
  title={Mftcoder: Boosting code llms with multitask fine-tuning},
  author={Liu, Bingchang and Chen, Chaoyu and Gong, Zi and Liao, Cong and Wang, Huan and Lei, Zhichao and Liang, Ming and Chen, Dajun and Shen, Min and Zhou, Hailian and others},
  booktitle={Proceedings of the 30th ACM SIGKDD Conference on Knowledge Discovery and Data Mining},
  pages={5430--5441},
  year={2024}
}

@article{ref:ouyang2022training,
  title={Training language models to follow instructions with human feedback},
  author={Ouyang, Long and Wu, Jeffrey and Jiang, Xu and Almeida, Diogo and Wainwright, Carroll and Mishkin, Pamela and Zhang, Chong and Agarwal, Sandhini and Slama, Katarina and Ray, Alex and others},
  journal={Advances in neural information processing systems},
  volume={35},
  pages={27730--27744},
  year={2022}
}

@inproceedings{ref:prasad2023grips,
    title = "{G}r{IPS}: Gradient-free, Edit-based Instruction Search for Prompting Large Language Models",
    author = "Prasad, Archiki  and
      Hase, Peter  and
      Zhou, Xiang  and
      Bansal, Mohit",
    editor = "Vlachos, Andreas  and
      Augenstein, Isabelle",
    booktitle = "Proceedings of the 17th Conference of the European Chapter of the Association for Computational Linguistics",
    month = may,
    year = "2023",
    address = "Dubrovnik, Croatia",
    publisher = "Association for Computational Linguistics",
    url = "https://aclanthology.org/2023.eacl-main.277/",
    doi = "10.18653/v1/2023.eacl-main.277",
    pages = "3845--3864",
}

@inproceedings{ref:qin2021learning,
    title = "Learning How to Ask: Querying {LM}s with Mixtures of Soft Prompts",
    author = "Qin, Guanghui  and
      Eisner, Jason",
    editor = "Toutanova, Kristina  and
      Rumshisky, Anna  and
      Zettlemoyer, Luke  and
      Hakkani-Tur, Dilek  and
      Beltagy, Iz  and
      Bethard, Steven  and
      Cotterell, Ryan  and
      Chakraborty, Tanmoy  and
      Zhou, Yichao",
    booktitle = "Proceedings of the 2021 Conference of the North American Chapter of the Association for Computational Linguistics: Human Language Technologies",
    month = jun,
    year = "2021",
    address = "Online",
    publisher = "Association for Computational Linguistics",
    url = "https://aclanthology.org/2021.naacl-main.410/",
    doi = "10.18653/v1/2021.naacl-main.410",
    pages = "5203--5212",
}

@article{ref:rafailov2024direct,
  title={Direct preference optimization: Your language model is secretly a reward model},
  author={Rafailov, Rafael and Sharma, Archit and Mitchell, Eric and Manning, Christopher D and Ermon, Stefano and Finn, Chelsea},
  journal={Advances in Neural Information Processing Systems},
  volume={36},
  year={2024}
}

@inproceedings{ref:tian2024argue,
  title={ArGue: Attribute-Guided Prompt Tuning for Vision-Language Models},
  author={Tian, Xinyu and Zou, Shu and Yang, Zhaoyuan and Zhang, Jing},
  booktitle={Proceedings of the IEEE/CVF Conference on Computer Vision and Pattern Recognition},
  pages={28578--28587},
  year={2024}
}

@inproceedings{ref:wang2024arithmetic,
    title = "Arithmetic Control of {LLM}s for Diverse User Preferences: Directional Preference Alignment with Multi-Objective Rewards",
    author = "Wang, Haoxiang  and
      Lin, Yong  and
      Xiong, Wei  and
      Yang, Rui  and
      Diao, Shizhe  and
      Qiu, Shuang  and
      Zhao, Han  and
      Zhang, Tong",
    editor = "Ku, Lun-Wei  and
      Martins, Andre  and
      Srikumar, Vivek",
    booktitle = "Proceedings of the 62nd Annual Meeting of the Association for Computational Linguistics (Volume 1: Long Papers)",
    month = aug,
    year = "2024",
    address = "Bangkok, Thailand",
    publisher = "Association for Computational Linguistics",
    url = "https://aclanthology.org/2024.acl-long.468/",
    doi = "10.18653/v1/2024.acl-long.468",
    pages = "8642--8655",
}

@inproceedings{ref:wang2024interpretable,
    title = "Interpretable Preferences via Multi-Objective Reward Modeling and Mixture-of-Experts",
    author = "Wang, Haoxiang  and
      Xiong, Wei  and
      Xie, Tengyang  and
      Zhao, Han  and
      Zhang, Tong",
    editor = "Al-Onaizan, Yaser  and
      Bansal, Mohit  and
      Chen, Yun-Nung",
    booktitle = "Findings of the Association for Computational Linguistics: EMNLP 2024",
    month = nov,
    year = "2024",
    address = "Miami, Florida, USA",
    publisher = "Association for Computational Linguistics",
    url = "https://aclanthology.org/2024.findings-emnlp.620/",
    doi = "10.18653/v1/2024.findings-emnlp.620",
    pages = "10582--10592",
}

@inproceedings{ref:wu2023finegrained,
title={Fine-Grained Human Feedback Gives Better Rewards for Language Model Training},
author={Zeqiu Wu and Yushi Hu and Weijia Shi and Nouha Dziri and Alane Suhr and Prithviraj Ammanabrolu and Noah A. Smith and Mari Ostendorf and Hannaneh Hajishirzi},
booktitle={Thirty-seventh Conference on Neural Information Processing Systems},
year={2023},
url={https://openreview.net/forum?id=CSbGXyCswu}
}

@misc{ref:xu2025mixture,
      title={Mixture-of-Instructions: Aligning Large Language Models via Mixture Prompting}, 
      author={Bowen Xu and Shaoyu Wu and Kai Liu and Lulu Hu},
      year={2025},
      eprint={2404.18410},
      archivePrefix={arXiv},
      primaryClass={cs.CL},
      url={https://arxiv.org/abs/2404.18410}, 
}

@inproceedings{ref:yang2024metaaligner,
  title={Metaaligner: Towards generalizable multi-objective alignment of language models},
  author={Yang, Kailai and Liu, Zhiwei and Xie, Qianqian and Huang, Jimin and Zhang, Tianlin and Ananiadou, Sophia},
  booktitle={The Thirty-eighth Annual Conference on Neural Information Processing Systems},
  year={2024}
}

@article{ref:yang2024rewards,
  title={Rewards-in-Context: Multi-objective Alignment of Foundation Models with Dynamic Preference Adjustment},
  author={Yang, Rui and Pan, Xiaoman and Luo, Feng and Qiu, Shuang and Zhong, Han and Yu, Dong and Chen, Jianshu},
  journal={International Conference on Machine Learning},
  year={2024}
}

@inproceedings{ref:zhang2024bi,
    title={Bi-Factorial Preference Optimization: Balancing Safety-Helpfulness in Language Models},
    author={Wenxuan Zhang and Philip Torr and Mohamed Elhoseiny and Adel Bibi},
    booktitle={The Thirteenth International Conference on Learning Representations},
    year={2025},
    url={https://openreview.net/forum?id=GjM61KRiTG}
}

