@article{9395690,
  author={Koskinopoulou, Maria and Raptopoulos, Fredy and Papadopoulos, George and Mavrakis, Nikitas and Maniadakis, Michail},
  journal={IEEE Robotics and Automation Magazine}, 
  title={Robotic Waste Sorting Technology: Toward a Vision-Based Categorization System for the Industrial Robotic Separation of Recyclable Waste}, 
  year={2021},
  volume={28},
  number={2},
  pages={50-60},
  keywords={Robots;Service robots;Waste management;Optical sensors;Optical imaging;Computer vision},
  doi={10.1109/MRA.2021.3066040}}

@inproceedings{adeyinka2019deep,
  title={A deep convolutional encoder-decoder architecture for retinal blood vessels segmentation},
  author={Adeyinka, Adegun Adekanmi and Adebiyi, Marion Olubunmi and Akande, Noah Oluwatobi and Ogundokun, Roseline Oluwaseun and Kayode, Anthonia Aderonke and Oladele, Tinuke Omolewa},
  booktitle={Computational Science and Its Applications--ICCSA 2019: 19th International Conference, Saint Petersburg, Russia, July 1--4, 2019, Proceedings, Part V 19},
  pages={180--189},
  year={2019},
  organization={Springer}
}

@inproceedings{bashkirova2022zerowaste,
  title={Zerowaste dataset: Towards deformable object segmentation in cluttered scenes},
  author={Bashkirova, Dina and Abdelfattah, Mohamed and Zhu, Ziliang and Akl, James and Alladkani, Fadi and Hu, Ping and Ablavsky, Vitaly and Calli, Berk and Bargal, Sarah Adel and Saenko, Kate},
  booktitle={Proceedings of the IEEE/CVF Conference on Computer Vision and Pattern Recognition},
  pages={21147--21157},
  year={2022}
}

@article{belharbi2023colo,
  title={Colo-cam: Class activation mapping for object co-localization in weakly-labeled unconstrained videos},
  author={Belharbi, Soufiane and Murtaza, Shakeeb and Pedersoli, Marco and Ayed, Ismail Ben and McCaffrey, Luke and Granger, Eric},
  journal={arXiv preprint arXiv:2303.09044},
  year={2023}
}

@inproceedings{belharbi2023tcam,
  title={TCAM: Temporal class activation maps for object localization in weakly-labeled unconstrained videos},
  author={Belharbi, Soufiane and Ben Ayed, Ismail and McCaffrey, Luke and Granger, Eric},
  booktitle={Proceedings of the IEEE/CVF Winter Conference on Applications of Computer Vision},
  pages={137--146},
  year={2023}
}

@inproceedings{caesar2016region,
  title={Region-based semantic segmentation with end-to-end training},
  author={Caesar, Holger and Uijlings, Jasper and Ferrari, Vittorio},
  booktitle={Computer Vision--ECCV 2016: 14th European Conference, Amsterdam, The Netherlands, October 11--14, 2016, Proceedings, Part I 14},
  pages={381--397},
  year={2016},
  organization={Springer}
}

@inproceedings{chen2018encoder,
  title={Encoder-decoder with atrous separable convolution for semantic image segmentation},
  author={Chen, Liang-Chieh and Zhu, Yukun and Papandreou, George and Schroff, Florian and Adam, Hartwig},
  booktitle={Proceedings of the European conference on computer vision (ECCV)},
  pages={801--818},
  year={2018}
}

@inproceedings{dai2015boxsup,
  title={Boxsup: Exploiting bounding boxes to supervise convolutional networks for semantic segmentation},
  author={Dai, Jifeng and He, Kaiming and Sun, Jian},
  booktitle={Proceedings of the IEEE international conference on computer vision},
  pages={1635--1643},
  year={2015}
}

@inproceedings{dai2015convolutional,
  title={Convolutional feature masking for joint object and stuff segmentation},
  author={Dai, Jifeng and He, Kaiming and Sun, Jian},
  booktitle={Proceedings of the IEEE conference on computer vision and pattern recognition},
  pages={3992--4000},
  year={2015}
}

@inproceedings{girshick2014rich,
  title={Rich feature hierarchies for accurate object detection and semantic segmentation},
  author={Girshick, Ross and Donahue, Jeff and Darrell, Trevor and Malik, Jitendra},
  booktitle={Proceedings of the IEEE conference on computer vision and pattern recognition},
  pages={580--587},
  year={2014}
}

@inproceedings{hariharan2014simultaneous,
  title={Simultaneous detection and segmentation},
  author={Hariharan, Bharath and Arbel{\'a}ez, Pablo and Girshick, Ross and Malik, Jitendra},
  booktitle={Computer Vision--ECCV 2014: 13th European Conference, Zurich, Switzerland, September 6-12, 2014, Proceedings, Part VII 13},
  pages={297--312},
  year={2014},
  organization={Springer}
}

@article{hong2020trashcan,
  title={TrashCan 1.0 An Instance-Segmentation Labeled Dataset of Trash Observations},
  author={Hong, Jungseok and Fulton, Michael S and Sattar, Junaed},
  year={2020}
}

@article{hou2018self,
  title={Self-erasing network for integral object attention},
  author={Hou, Qibin and Jiang, PengTao and Wei, Yunchao and Cheng, Ming-Ming},
  journal={Advances in neural information processing systems},
  volume={31},
  year={2018}
}

@inproceedings{huang2018weakly,
  title={Weakly-supervised semantic segmentation network with deep seeded region growing},
  author={Huang, Zilong and Wang, Xinggang and Wang, Jiasi and Liu, Wenyu and Wang, Jingdong},
  booktitle={Proceedings of the IEEE conference on computer vision and pattern recognition},
  pages={7014--7023},
  year={2018}
}

@inproceedings{jin2017webly,
  title={Webly supervised semantic segmentation},
  author={Jin, Bin and Ortiz Segovia, Maria V and Susstrunk, Sabine},
  booktitle={Proceedings of the IEEE Conference on Computer Vision and Pattern Recognition},
  pages={3626--3635},
  year={2017}
}

@inproceedings{jo2021puzzle,
  title={Puzzle-cam: Improved localization via matching partial and full features},
  author={Jo, Sanghyun and Yu, In-Jae},
  booktitle={2021 IEEE international conference on image processing (ICIP)},
  pages={639--643},
  year={2021},
  organization={IEEE}
}

@inproceedings{khoreva2017simple,
  title={Simple does it: Weakly supervised instance and semantic segmentation},
  author={Khoreva, Anna and Benenson, Rodrigo and Hosang, Jan and Hein, Matthias and Schiele, Bernt},
  booktitle={Proceedings of the IEEE conference on computer vision and pattern recognition},
  pages={876--885},
  year={2017}
}

@inproceedings{kolesnikov2016seed,
  title={Seed, expand and constrain: Three principles for weakly-supervised image segmentation},
  author={Kolesnikov, Alexander and Lampert, Christoph H},
  booktitle={Computer Vision--ECCV 2016: 14th European Conference, Amsterdam, The Netherlands, October 11--14, 2016, Proceedings, Part IV 14},
  pages={695--711},
  year={2016},
  organization={Springer}
}

@inproceedings{kumsetty2022trashbox,
  title={Trashbox: trash detection and classification using quantum transfer learning},
  author={Kumsetty, Nikhil Venkat and Nekkare, Amith Bhat and Kamath, Sowmya and others},
  booktitle={2022 31st Conference of Open Innovations Association (FRUCT)},
  pages={125--130},
  year={2022},
  organization={IEEE}
}

@inproceedings{lee2019ficklenet,
  title={Ficklenet: Weakly and semi-supervised semantic image segmentation using stochastic inference},
  author={Lee, Jungbeom and Kim, Eunji and Lee, Sungmin and Lee, Jangho and Yoon, Sungroh},
  booktitle={Proceedings of the IEEE/CVF conference on computer vision and pattern recognition},
  pages={5267--5276},
  year={2019}
}

@inproceedings{lee2019frame,
  title={Frame-to-frame aggregation of active regions in web videos for weakly supervised semantic segmentation},
  author={Lee, Jungbeom and Kim, Eunji and Lee, Sungmin and Lee, Jangho and Yoon, Sungroh},
  booktitle={Proceedings of the IEEE/CVF International Conference on Computer Vision},
  pages={6808--6818},
  year={2019}
}

@inproceedings{lin2016scribblesup,
  title={Scribblesup: Scribble-supervised convolutional networks for semantic segmentation},
  author={Lin, Di and Dai, Jifeng and Jia, Jiaya and He, Kaiming and Sun, Jian},
  booktitle={Proceedings of the IEEE conference on computer vision and pattern recognition},
  pages={3159--3167},
  year={2016}
}

@inproceedings{noh2015learning,
  title={Learning deconvolution network for semantic segmentation},
  author={Noh, Hyeonwoo and Hong, Seunghoon and Han, Bohyung},
  booktitle={Proceedings of the IEEE international conference on computer vision},
  pages={1520--1528},
  year={2015}
}

@inproceedings{papandreou2015weakly,
  title={Weakly-and semi-supervised learning of a deep convolutional network for semantic image segmentation},
  author={Papandreou, George and Chen, Liang-Chieh and Murphy, Kevin P and Yuille, Alan L},
  booktitle={Proceedings of the IEEE international conference on computer vision},
  pages={1742--1750},
  year={2015}
}

@article{proencca2020taco,
  title={Taco: Trash annotations in context for litter detection},
  author={Proen{\c{c}}a, Pedro F and Simoes, Pedro},
  journal={arXiv preprint arXiv:2003.06975},
  year={2020}
}

@inproceedings{sanchez2022cleansea,
  title={The CleanSea set: a benchmark corpus for underwater debris detection and recognition},
  author={S{\'a}nchez-Ferrer, Alejandro and Gallego, Antonio Javier and Valero-Mas, Jose J and Calvo-Zaragoza, Jorge},
  booktitle={Iberian Conference on Pattern Recognition and Image Analysis},
  pages={616--628},
  year={2022},
  organization={Springer}
}

@inproceedings{selvaraju2017grad,
  title={Grad-cam: Visual explanations from deep networks via gradient-based localization},
  author={Selvaraju, Ramprasaath R and Cogswell, Michael and Das, Abhishek and Vedantam, Ramakrishna and Parikh, Devi and Batra, Dhruv},
  booktitle={Proceedings of the IEEE international conference on computer vision},
  pages={618--626},
  year={2017}
}

@article{shen2020ranet,
  title={Ranet: Region attention network for semantic segmentation},
  author={Shen, Dingguo and Ji, Yuanfeng and Li, Ping and Wang, Yi and Lin, Di},
  journal={Advances in Neural Information Processing Systems},
  volume={33},
  pages={13927--13938},
  year={2020}
}

@inproceedings{shimoda2019self,
  title={Self-supervised difference detection for weakly-supervised semantic segmentation},
  author={Shimoda, Wataru and Yanai, Keiji},
  booktitle={Proceedings of the IEEE/CVF international conference on computer vision},
  pages={5208--5217},
  year={2019}
}

@inproceedings{song2019box,
  title={Box-driven class-wise region masking and filling rate guided loss for weakly supervised semantic segmentation},
  author={Song, Chunfeng and Huang, Yan and Ouyang, Wanli and Wang, Liang},
  booktitle={Proceedings of the IEEE/CVF Conference on Computer Vision and Pattern Recognition},
  pages={3136--3145},
  year={2019}
}

@inproceedings{sun2020mining,
  title={Mining cross-image semantics for weakly supervised semantic segmentation},
  author={Sun, Guolei and Wang, Wenguan and Dai, Jifeng and Van Gool, Luc},
  booktitle={Computer Vision--ECCV 2020: 16th European Conference, Glasgow, UK, August 23--28, 2020, Proceedings, Part II 16},
  pages={347--365},
  year={2020},
  organization={Springer}
}

@inproceedings{tang2018normalized,
  title={Normalized cut loss for weakly-supervised cnn segmentation},
  author={Tang, Meng and Djelouah, Abdelaziz and Perazzi, Federico and Boykov, Yuri and Schroers, Christopher},
  booktitle={Proceedings of the IEEE conference on computer vision and pattern recognition},
  pages={1818--1827},
  year={2018}
}

@inproceedings{vernaza2017learning,
  title={Learning random-walk label propagation for weakly-supervised semantic segmentation},
  author={Vernaza, Paul and Chandraker, Manmohan},
  booktitle={Proceedings of the IEEE conference on computer vision and pattern recognition},
  pages={7158--7166},
  year={2017}
}

@article{wang2020multi,
  title={A multi-level approach to waste object segmentation},
  author={Wang, Tao and Cai, Yuanzheng and Liang, Lingyu and Ye, Dongyi},
  journal={Sensors},
  volume={20},
  number={14},
  pages={3816},
  year={2020},
  publisher={MDPI}
}

@inproceedings{wei2017object,
  title={Object region mining with adversarial erasing: A simple classification to semantic segmentation approach},
  author={Wei, Yunchao and Feng, Jiashi and Liang, Xiaodan and Cheng, Ming-Ming and Zhao, Yao and Yan, Shuicheng},
  booktitle={Proceedings of the IEEE conference on computer vision and pattern recognition},
  pages={1568--1576},
  year={2017}
}

@inproceedings{wei2018revisiting,
  title={Revisiting dilated convolution: A simple approach for weakly-and semi-supervised semantic segmentation},
  author={Wei, Yunchao and Xiao, Huaxin and Shi, Honghui and Jie, Zequn and Feng, Jiashi and Huang, Thomas S},
  booktitle={Proceedings of the IEEE conference on computer vision and pattern recognition},
  pages={7268--7277},
  year={2018}
}

@article{xie2021segformer,
  title={SegFormer: Simple and efficient design for semantic segmentation with transformers},
  author={Xie, Enze and Wang, Wenhai and Yu, Zhiding and Anandkumar, Anima and Alvarez, Jose M and Luo, Ping},
  journal={Advances in neural information processing systems},
  volume={34},
  pages={12077--12090},
  year={2021}
}

@article{yang2016classification,
  title={Classification of trash for recyclability status},
  author={Yang, Mindy and Thung, Gary},
  journal={CS229 project report},
  volume={2016},
  number={1},
  pages={3},
  year={2016}
}

@inproceedings{zhang2018adversarial,
  title={Adversarial complementary learning for weakly supervised object localization},
  author={Zhang, Xiaolin and Wei, Yunchao and Feng, Jiashi and Yang, Yi and Huang, Thomas S},
  booktitle={Proceedings of the IEEE conference on computer vision and pattern recognition},
  pages={1325--1334},
  year={2018}
}

@inproceedings{zhang2018exfuse,
  title={Exfuse: Enhancing feature fusion for semantic segmentation},
  author={Zhang, Zhenli and Zhang, Xiangyu and Peng, Chao and Xue, Xiangyang and Sun, Jian},
  booktitle={Proceedings of the European conference on computer vision (ECCV)},
  pages={269--284},
  year={2018}
}

@inproceedings{zhou2016learning,
  title={Learning deep features for discriminative localization},
  author={Zhou, Bolei and Khosla, Aditya and Lapedriza, Agata and Oliva, Aude and Torralba, Antonio},
  booktitle={Proceedings of the IEEE conference on computer vision and pattern recognition},
  pages={2921--2929},
  year={2016}
}

