% Long form of conference & journal abbreviations -- especially for camera ready
@String(PAMI  = {IEEE Trans. Pattern Anal. Mach. Intell.})
@String(IJCV  = {Int. J. Comput. Vis.})
@String(CVPR  = {IEEE Conf. Comput. Vis. Pattern Recog.})
@String(ICCV  = {Int. Conf. Comput. Vis.})
@String(ECCV  = {Eur. Conf. Comput. Vis.})
@String(NeurIPS = {Adv. Neural Inform. Process. Syst.})
@String(ICML  = {Int. Conf. Mach. Learn.})
@String(ICLR  = {Int. Conf. Learn. Represent.})
@String(ACCV  = {Asian Conf. Comput. Vis.})
@String(BMVC  = {Brit. Mach. Vis. Conf.})
@String(CVPRW = {IEEE Conf. Comput. Vis. Pattern Recog. Worksh.})
@String(AAAI  = {AAAI})
@String(IJCAI = {IJCAI})
@String(ICIP  = {IEEE Int. Conf. Image Process.})
@String(ICPR  = {Int. Conf. Pattern Recog.})
@String(ICASSP=	{ICASSP})
@String(ICME  = {Int. Conf. Multimedia and Expo})
@String(JMLR  = {J. Mach. Learn. Res.})
@String(TMLR  = {Trans. Mach. Learn Res.})
@String(TOG   = {ACM Trans. Graph.})
@String(TIP   = {IEEE Trans. Image Process.})
@String(TVCG  = {IEEE Trans. Vis. Comput. Graph.})
@String(TCSVT = {IEEE Trans. Circuit Syst. Video Technol.})
@String(TMM   = {IEEE Trans. Multimedia})
@String(ACMMM = {ACM Int. Conf. Multimedia})
@String(PR    = {Pattern Recognition})

@String(MNI	  = {Nature Mach. Intell.})
@String(SPL	  = {IEEE Sign. Process. Letters})
@String(VR    = {Vis. Res.})
@String(JOV	  = {J. Vis.})
@String(TVC   = {The Vis. Comput.})
@String(JCST  = {J. Comput. Sci. Tech.})
@String(CGF   = {Comput. Graph. Forum})
@String(CVM   = {Computational Visual Media})


% Short form of conference & journal abbreviations -- especially for submission version
% if desired, remove these macros in favor of the above ones
@String(PAMI  = {IEEE TPAMI})
@String(IJCV  = {IJCV})
@String(CVPR  = {CVPR})
@String(ICCV  = {ICCV})
@String(ECCV  = {ECCV})
@String(NeurIPS = {NeurIPS})
@String(ICML  = {ICML})
@String(ICLR  = {ICLR})
@String(ACCV  = {ACCV})
@String(BMVC  =	{BMVC})
@String(CVPRW = {CVPRW})
@String(AAAI  = {AAAI})
@String(IJCAI = {IJCAI})
@String(ICIP  = {ICIP})
@String(ICPR  = {ICPR})
@String(ICASSP=	{ICASSP})
@String(ICME  =	{ICME})
@String(JMLR  = {JMLR})
@String(TMLR  = {TMLR})
@String(TOG   = {ACM TOG})
@String(TIP   = {IEEE TIP})
@String(TVCG  = {IEEE TVCG})
@String(TCSVT = {IEEE TCSVT})
@String(TMM   =	{IEEE TMM})
@String(ACMMM = {ACM MM})
@String(PR    = {PR})



@misc{Anonymous24,
 author = {Anonymous},
 title = {The frobnicatable foo filter},
 note = {{ECCV} submission ID 00324, supplied as supplemental material {\tt 00324.pdf}},
 year = 2024
}

@misc{Anonymous24b,
 author = {Anonymous},
 title = {Frobnication tutorial},
 note = {Supplied as supplemental material {\tt tr.pdf}},
 year = 2024
}

@article{Alpher02,
author = {FirstName Alpher},
title = {Frobnication},
journal = PAMI,
volume = 12,
number = 1,
pages = {234--778},
year = 2002
}

@article{Alpher03,
author = {FirstName Alpher and FirstName Fotheringham-Smythe},
title = {Frobnication revisited},
journal = {Journal of Foo},
volume = 13,
number = 1,
pages = {234--778},
year = 2003
}

@article{Alpher04,
author = {FirstName Alpher and FirstName Fotheringham-Smythe and FirstName Gamow},
title = {Can a machine frobnicate?},
journal = {Journal of Foo},
volume = 14,
number = 1,
pages = {234--778},
year = 2004
}

@inproceedings{Alpher05,
author = {FirstName Alpher and FirstName Gamow},
title = {Can a computer frobnicate?},
booktitle = CVPR,
pages = {234--778},
year = 2005
}

@book{ECCV2022,
    editor = {Shai Avidan and Gabriel Brostow and Moustapha Cissé and Giovanni Maria Farinella and Tal Hassner},
    title = {Computer Vision -- ECCV 2022},
    year = {2022},
    publisher = {Springer},
    doi = {10.1007/978-3-031-19769-7}
}

@inproceedings{bashkirova2022zerowaste,
  title={Zerowaste dataset: Towards deformable object segmentation in cluttered scenes},
  author={Bashkirova, Dina and Abdelfattah, Mohamed and Zhu, Ziliang and Akl, James and Alladkani, Fadi and Hu, Ping and Ablavsky, Vitaly and Calli, Berk and Bargal, Sarah Adel and Saenko, Kate},
  booktitle={Proceedings of the IEEE/CVF Conference on Computer Vision and Pattern Recognition},
  pages={21147--21157},
  year={2022}
}


@online{UNEP2024,
  author       = {UNEP and International Association},
  title        = {Global waste management outlook 2024: beyond an age of waste, turning rubbish into a resource},
  year         = {2024},
  organization = {UNEP},
  address      = {Kenya},
  url          = {https://policycommons.net/artifacts/11771202/1398482_en/12664321/},
  urldate      = {2024-05-24},
  note         = {CID: 20.500.12592/0gb5st8}
}

@article{ijerph120201216,
author = {Triassi, Maria and Alfano, Rossella and Illario, Maddalena and Nardone, Antonio and Caporale, Oreste and Montuori, Paolo},
title = {Environmental Pollution from Illegal Waste Disposal and Health Effects: A Review on the “Triangle of Death”},
journal = {International Journal of Environmental Research and Public Health},
volume = {12},
year = {2015},
number = {2},
pages = {1216--1236},
url = {https://www.mdpi.com/1660-4601/12/2/1216},
PubMedID = {25622140},
issn = {1660-4601},
doi = {10.3390/ijerph120201216}
}

@article{GUNDUPALLI201756,
title = {A review on automated sorting of source-separated municipal solid waste for recycling},
journal = {Waste Management},
volume = {60},
pages = {56-74},
year = {2017},
note = {Special Thematic Issue: Urban Mining and Circular Economy},
issn = {0956-053X},
doi = {https://doi.org/10.1016/j.wasman.2016.09.015},
url = {https://www.sciencedirect.com/science/article/pii/S0956053X16305189},
author = {Sathish Paulraj Gundupalli and Subrata Hait and Atul Thakur},
keywords = {Source-separated municipal solid waste, Automated waste sorting, Recycling, Waste recovery, Sensors, Robotics},
}



@article{s23073646,
AUTHOR = {Fan, Jinhao and Cui, Lizhi and Fei, Shumin},
TITLE = {Waste Detection System Based on Data Augmentation and YOLO EC},
JOURNAL = {Sensors},
VOLUME = {23},
YEAR = {2023},
NUMBER = {7},
ARTICLE-NUMBER = {3646},
URL = {https://www.mdpi.com/1424-8220/23/7/3646},
PubMedID = {37050706},
ISSN = {1424-8220},
DOI = {10.3390/s23073646}
}


@article{hong2020trashcan,
  title={TrashCan 1.0 An Instance-Segmentation Labeled Dataset of Trash Observations},
  author={Hong, Jungseok and Fulton, Michael S and Sattar, Junaed},
  year={2020}
}

@article{9395690,
  author={Koskinopoulou, Maria and Raptopoulos, Fredy and Papadopoulos, George and Mavrakis, Nikitas and Maniadakis, Michail},
  journal={IEEE Robotics and Automation Magazine}, 
  title={Robotic Waste Sorting Technology: Toward a Vision-Based Categorization System for the Industrial Robotic Separation of Recyclable Waste}, 
  year={2021},
  volume={28},
  number={2},
  pages={50-60},
  keywords={Robots;Service robots;Waste management;Optical sensors;Optical imaging;Computer vision},
  doi={10.1109/MRA.2021.3066040}}

@inproceedings{sanchez2022cleansea,
  title={The CleanSea set: a benchmark corpus for underwater debris detection and recognition},
  author={S{\'a}nchez-Ferrer, Alejandro and Gallego, Antonio Javier and Valero-Mas, Jose J and Calvo-Zaragoza, Jorge},
  booktitle={Iberian Conference on Pattern Recognition and Image Analysis},
  pages={616--628},
  year={2022},
  organization={Springer}
}

@article{wang2020multi,
  title={A multi-level approach to waste object segmentation},
  author={Wang, Tao and Cai, Yuanzheng and Liang, Lingyu and Ye, Dongyi},
  journal={Sensors},
  volume={20},
  number={14},
  pages={3816},
  year={2020},
  publisher={MDPI}
}

@article{proencca2020taco,
  title={Taco: Trash annotations in context for litter detection},
  author={Proen{\c{c}}a, Pedro F and Simoes, Pedro},
  journal={arXiv preprint arXiv:2003.06975},
  year={2020}
}

@article{yang2016classification,
  title={Classification of trash for recyclability status},
  author={Yang, Mindy and Thung, Gary},
  journal={CS229 project report},
  volume={2016},
  number={1},
  pages={3},
  year={2016}
}

@inproceedings{kumsetty2022trashbox,
  title={Trashbox: trash detection and classification using quantum transfer learning},
  author={Kumsetty, Nikhil Venkat and Nekkare, Amith Bhat and Kamath, Sowmya and others},
  booktitle={2022 31st Conference of Open Innovations Association (FRUCT)},
  pages={125--130},
  year={2022},
  organization={IEEE}
}


@inproceedings{dai2015boxsup,
  title={Boxsup: Exploiting bounding boxes to supervise convolutional networks for semantic segmentation},
  author={Dai, Jifeng and He, Kaiming and Sun, Jian},
  booktitle={Proceedings of the IEEE international conference on computer vision},
  pages={1635--1643},
  year={2015}
}


@inproceedings{papandreou2015weakly,
  title={Weakly-and semi-supervised learning of a deep convolutional network for semantic image segmentation},
  author={Papandreou, George and Chen, Liang-Chieh and Murphy, Kevin P and Yuille, Alan L},
  booktitle={Proceedings of the IEEE international conference on computer vision},
  pages={1742--1750},
  year={2015}
}

@inproceedings{khoreva2017simple,
  title={Simple does it: Weakly supervised instance and semantic segmentation},
  author={Khoreva, Anna and Benenson, Rodrigo and Hosang, Jan and Hein, Matthias and Schiele, Bernt},
  booktitle={Proceedings of the IEEE conference on computer vision and pattern recognition},
  pages={876--885},
  year={2017}
}

@inproceedings{song2019box,
  title={Box-driven class-wise region masking and filling rate guided loss for weakly supervised semantic segmentation},
  author={Song, Chunfeng and Huang, Yan and Ouyang, Wanli and Wang, Liang},
  booktitle={Proceedings of the IEEE/CVF Conference on Computer Vision and Pattern Recognition},
  pages={3136--3145},
  year={2019}
}

@inproceedings{lin2016scribblesup,
  title={Scribblesup: Scribble-supervised convolutional networks for semantic segmentation},
  author={Lin, Di and Dai, Jifeng and Jia, Jiaya and He, Kaiming and Sun, Jian},
  booktitle={Proceedings of the IEEE conference on computer vision and pattern recognition},
  pages={3159--3167},
  year={2016}
}


@inproceedings{vernaza2017learning,
  title={Learning random-walk label propagation for weakly-supervised semantic segmentation},
  author={Vernaza, Paul and Chandraker, Manmohan},
  booktitle={Proceedings of the IEEE conference on computer vision and pattern recognition},
  pages={7158--7166},
  year={2017}
}

@inproceedings{kolesnikov2016seed,
  title={Seed, expand and constrain: Three principles for weakly-supervised image segmentation},
  author={Kolesnikov, Alexander and Lampert, Christoph H},
  booktitle={Computer Vision--ECCV 2016: 14th European Conference, Amsterdam, The Netherlands, October 11--14, 2016, Proceedings, Part IV 14},
  pages={695--711},
  year={2016},
  organization={Springer}
}


@inproceedings{jin2017webly,
  title={Webly supervised semantic segmentation},
  author={Jin, Bin and Ortiz Segovia, Maria V and Susstrunk, Sabine},
  booktitle={Proceedings of the IEEE Conference on Computer Vision and Pattern Recognition},
  pages={3626--3635},
  year={2017}
}

@article{hou2018self,
  title={Self-erasing network for integral object attention},
  author={Hou, Qibin and Jiang, PengTao and Wei, Yunchao and Cheng, Ming-Ming},
  journal={Advances in neural information processing systems},
  volume={31},
  year={2018}
}

@inproceedings{wei2018revisiting,
  title={Revisiting dilated convolution: A simple approach for weakly-and semi-supervised semantic segmentation},
  author={Wei, Yunchao and Xiao, Huaxin and Shi, Honghui and Jie, Zequn and Feng, Jiashi and Huang, Thomas S},
  booktitle={Proceedings of the IEEE conference on computer vision and pattern recognition},
  pages={7268--7277},
  year={2018}
}


@inproceedings{huang2018weakly,
  title={Weakly-supervised semantic segmentation network with deep seeded region growing},
  author={Huang, Zilong and Wang, Xinggang and Wang, Jiasi and Liu, Wenyu and Wang, Jingdong},
  booktitle={Proceedings of the IEEE conference on computer vision and pattern recognition},
  pages={7014--7023},
  year={2018}
}

@inproceedings{lee2019ficklenet,
  title={Ficklenet: Weakly and semi-supervised semantic image segmentation using stochastic inference},
  author={Lee, Jungbeom and Kim, Eunji and Lee, Sungmin and Lee, Jangho and Yoon, Sungroh},
  booktitle={Proceedings of the IEEE/CVF conference on computer vision and pattern recognition},
  pages={5267--5276},
  year={2019}
}


@inproceedings{shimoda2019self,
  title={Self-supervised difference detection for weakly-supervised semantic segmentation},
  author={Shimoda, Wataru and Yanai, Keiji},
  booktitle={Proceedings of the IEEE/CVF international conference on computer vision},
  pages={5208--5217},
  year={2019}
}


@inproceedings{sun2020mining,
  title={Mining cross-image semantics for weakly supervised semantic segmentation},
  author={Sun, Guolei and Wang, Wenguan and Dai, Jifeng and Van Gool, Luc},
  booktitle={Computer Vision--ECCV 2020: 16th European Conference, Glasgow, UK, August 23--28, 2020, Proceedings, Part II 16},
  pages={347--365},
  year={2020},
  organization={Springer}
}

@inproceedings{tang2018normalized,
  title={Normalized cut loss for weakly-supervised cnn segmentation},
  author={Tang, Meng and Djelouah, Abdelaziz and Perazzi, Federico and Boykov, Yuri and Schroers, Christopher},
  booktitle={Proceedings of the IEEE conference on computer vision and pattern recognition},
  pages={1818--1827},
  year={2018}
}

@inproceedings{lee2019frame,
  title={Frame-to-frame aggregation of active regions in web videos for weakly supervised semantic segmentation},
  author={Lee, Jungbeom and Kim, Eunji and Lee, Sungmin and Lee, Jangho and Yoon, Sungroh},
  booktitle={Proceedings of the IEEE/CVF International Conference on Computer Vision},
  pages={6808--6818},
  year={2019}
}

@inproceedings{zhou2016learning,
  title={Learning deep features for discriminative localization},
  author={Zhou, Bolei and Khosla, Aditya and Lapedriza, Agata and Oliva, Aude and Torralba, Antonio},
  booktitle={Proceedings of the IEEE conference on computer vision and pattern recognition},
  pages={2921--2929},
  year={2016}
}

@inproceedings{jo2021puzzle,
  title={Puzzle-cam: Improved localization via matching partial and full features},
  author={Jo, Sanghyun and Yu, In-Jae},
  booktitle={2021 IEEE international conference on image processing (ICIP)},
  pages={639--643},
  year={2021},
  organization={IEEE}
}

@article{yan2020video,
  title={Video scene parsing: An overview of deep learning methods and datasets},
  author={Yan, Xiyu and Gong, Huihui and Jiang, Yong and Xia, Shu-Tao and Zheng, Feng and You, Xinge and Shao, Ling},
  journal={Computer Vision and Image Understanding},
  volume={201},
  pages={103077},
  year={2020},
  publisher={Elsevier}
}

@inproceedings{ilg2017flownet,
  title={Flownet 2.0: Evolution of optical flow estimation with deep networks},
  author={Ilg, Eddy and Mayer, Nikolaus and Saikia, Tonmoy and Keuper, Margret and Dosovitskiy, Alexey and Brox, Thomas},
  booktitle={Proceedings of the IEEE conference on computer vision and pattern recognition},
  pages={2462--2470},
  year={2017}
}

@inproceedings{li2018low,
  title={Low-latency video semantic segmentation},
  author={Li, Yule and Shi, Jianping and Lin, Dahua},
  booktitle={Proceedings of the IEEE conference on Computer Vision and Pattern Recognition},
  pages={5997--6005},
  year={2018}
}

@inproceedings{xu2018dynamic,
  title={Dynamic video segmentation network},
  author={Xu, Yu-Syuan and Fu, Tsu-Jui and Yang, Hsuan-Kung and Lee, Chun-Yi},
  booktitle={Proceedings of the IEEE conference on computer vision and pattern recognition},
  pages={6556--6565},
  year={2018}
}

@inproceedings{zhu2017deep,
  title={Deep feature flow for video recognition},
  author={Zhu, Xizhou and Xiong, Yuwen and Dai, Jifeng and Yuan, Lu and Wei, Yichen},
  booktitle={Proceedings of the IEEE conference on computer vision and pattern recognition},
  pages={2349--2358},
  year={2017}
}

@inproceedings{gadde2017semantic,
  title={Semantic video cnns through representation warping},
  author={Gadde, Raghudeep and Jampani, Varun and Gehler, Peter V},
  booktitle={Proceedings of the IEEE International Conference on Computer Vision},
  pages={4453--4462},
  year={2017}
}

@inproceedings{belharbi2023tcam,
  title={TCAM: Temporal class activation maps for object localization in weakly-labeled unconstrained videos},
  author={Belharbi, Soufiane and Ben Ayed, Ismail and McCaffrey, Luke and Granger, Eric},
  booktitle={Proceedings of the IEEE/CVF Winter Conference on Applications of Computer Vision},
  pages={137--146},
  year={2023}
}

@article{belharbi2023colo,
  title={Colo-cam: Class activation mapping for object co-localization in weakly-labeled unconstrained videos},
  author={Belharbi, Soufiane and Murtaza, Shakeeb and Pedersoli, Marco and Ayed, Ismail Ben and McCaffrey, Luke and Granger, Eric},
  journal={arXiv preprint arXiv:2303.09044},
  year={2023}
}

@inproceedings{girshick2014rich,
  title={Rich feature hierarchies for accurate object detection and semantic segmentation},
  author={Girshick, Ross and Donahue, Jeff and Darrell, Trevor and Malik, Jitendra},
  booktitle={Proceedings of the IEEE conference on computer vision and pattern recognition},
  pages={580--587},
  year={2014}
}

@inproceedings{hariharan2014simultaneous,
  title={Simultaneous detection and segmentation},
  author={Hariharan, Bharath and Arbel{\'a}ez, Pablo and Girshick, Ross and Malik, Jitendra},
  booktitle={Computer Vision--ECCV 2014: 13th European Conference, Zurich, Switzerland, September 6-12, 2014, Proceedings, Part VII 13},
  pages={297--312},
  year={2014},
  organization={Springer}
}

@inproceedings{dai2015convolutional,
  title={Convolutional feature masking for joint object and stuff segmentation},
  author={Dai, Jifeng and He, Kaiming and Sun, Jian},
  booktitle={Proceedings of the IEEE conference on computer vision and pattern recognition},
  pages={3992--4000},
  year={2015}
}

@inproceedings{caesar2016region,
  title={Region-based semantic segmentation with end-to-end training},
  author={Caesar, Holger and Uijlings, Jasper and Ferrari, Vittorio},
  booktitle={Computer Vision--ECCV 2016: 14th European Conference, Amsterdam, The Netherlands, October 11--14, 2016, Proceedings, Part I 14},
  pages={381--397},
  year={2016},
  organization={Springer}
}

@article{shen2020ranet,
  title={Ranet: Region attention network for semantic segmentation},
  author={Shen, Dingguo and Ji, Yuanfeng and Li, Ping and Wang, Yi and Lin, Di},
  journal={Advances in Neural Information Processing Systems},
  volume={33},
  pages={13927--13938},
  year={2020}
}

@inproceedings{noh2015learning,
  title={Learning deconvolution network for semantic segmentation},
  author={Noh, Hyeonwoo and Hong, Seunghoon and Han, Bohyung},
  booktitle={Proceedings of the IEEE international conference on computer vision},
  pages={1520--1528},
  year={2015}
}


@inproceedings{chen2018encoder,
  title={Encoder-decoder with atrous separable convolution for semantic image segmentation},
  author={Chen, Liang-Chieh and Zhu, Yukun and Papandreou, George and Schroff, Florian and Adam, Hartwig},
  booktitle={Proceedings of the European conference on computer vision (ECCV)},
  pages={801--818},
  year={2018}
}

@inproceedings{adeyinka2019deep,
  title={A deep convolutional encoder-decoder architecture for retinal blood vessels segmentation},
  author={Adeyinka, Adegun Adekanmi and Adebiyi, Marion Olubunmi and Akande, Noah Oluwatobi and Ogundokun, Roseline Oluwaseun and Kayode, Anthonia Aderonke and Oladele, Tinuke Omolewa},
  booktitle={Computational Science and Its Applications--ICCSA 2019: 19th International Conference, Saint Petersburg, Russia, July 1--4, 2019, Proceedings, Part V 19},
  pages={180--189},
  year={2019},
  organization={Springer}
}

@inproceedings{zhang2018exfuse,
  title={Exfuse: Enhancing feature fusion for semantic segmentation},
  author={Zhang, Zhenli and Zhang, Xiangyu and Peng, Chao and Xue, Xiangyang and Sun, Jian},
  booktitle={Proceedings of the European conference on computer vision (ECCV)},
  pages={269--284},
  year={2018}
}



@article{xie2021segformer,
  title={SegFormer: Simple and efficient design for semantic segmentation with transformers},
  author={Xie, Enze and Wang, Wenhai and Yu, Zhiding and Anandkumar, Anima and Alvarez, Jose M and Luo, Ping},
  journal={Advances in neural information processing systems},
  volume={34},
  pages={12077--12090},
  year={2021}
}

@inproceedings{kirillov2023segment,
  title={Segment anything},
  author={Kirillov, Alexander and Mintun, Eric and Ravi, Nikhila and Mao, Hanzi and Rolland, Chloe and Gustafson, Laura and Xiao, Tete and Whitehead, Spencer and Berg, Alexander C and Lo, Wan-Yen and others},
  booktitle={Proceedings of the IEEE/CVF International Conference on Computer Vision},
  pages={4015--4026},
  year={2023}
}

@inproceedings{zou2018unsupervised,
  title={Unsupervised domain adaptation for semantic segmentation via class-balanced self-training},
  author={Zou, Yang and Yu, Zhiding and Kumar, BVK and Wang, Jinsong},
  booktitle={Proceedings of the European conference on computer vision (ECCV)},
  pages={289--305},
  year={2018}
}

@inproceedings{tranheden2021dacs,
  title={Dacs: Domain adaptation via cross-domain mixed sampling},
  author={Tranheden, Wilhelm and Olsson, Viktor and Pinto, Juliano and Svensson, Lennart},
  booktitle={Proceedings of the IEEE/CVF Winter Conference on Applications of Computer Vision},
  pages={1379--1389},
  year={2021}
}

@inproceedings{wang2022continual,
  title={Continual test-time domain adaptation},
  author={Wang, Qin and Fink, Olga and Van Gool, Luc and Dai, Dengxin},
  booktitle={Proceedings of the IEEE/CVF Conference on Computer Vision and Pattern Recognition},
  pages={7201--7211},
  year={2022}
}

@inproceedings{hoyer2022daformer,
  title={Daformer: Improving network architectures and training strategies for domain-adaptive semantic segmentation},
  author={Hoyer, Lukas and Dai, Dengxin and Van Gool, Luc},
  booktitle={Proceedings of the IEEE/CVF Conference on Computer Vision and Pattern Recognition},
  pages={9924--9935},
  year={2022}
}


@inproceedings{wei2017object,
  title={Object region mining with adversarial erasing: A simple classification to semantic segmentation approach},
  author={Wei, Yunchao and Feng, Jiashi and Liang, Xiaodan and Cheng, Ming-Ming and Zhao, Yao and Yan, Shuicheng},
  booktitle={Proceedings of the IEEE conference on computer vision and pattern recognition},
  pages={1568--1576},
  year={2017}
}

@inproceedings{zhang2018adversarial,
  title={Adversarial complementary learning for weakly supervised object localization},
  author={Zhang, Xiaolin and Wei, Yunchao and Feng, Jiashi and Yang, Yi and Huang, Thomas S},
  booktitle={Proceedings of the IEEE conference on computer vision and pattern recognition},
  pages={1325--1334},
  year={2018}
}


@inproceedings{selvaraju2017grad,
  title={Grad-cam: Visual explanations from deep networks via gradient-based localization},
  author={Selvaraju, Ramprasaath R and Cogswell, Michael and Das, Abhishek and Vedantam, Ramakrishna and Parikh, Devi and Batra, Dhruv},
  booktitle={Proceedings of the IEEE international conference on computer vision},
  pages={618--626},
  year={2017}
}

@article{wang2020displacement,
  title={Displacement-invariant matching cost learning for accurate optical flow estimation},
  author={Wang, Jianyuan and Zhong, Yiran and Dai, Yuchao and Zhang, Kaihao and Ji, Pan and Li, Hongdong},
  journal={Advances in Neural Information Processing Systems},
  volume={33},
  pages={15220--15231},
  year={2020}
}
