@Inproceedings{AWT2021,
  author        = "Sahar Abdelnabi and Mario Fritz",
  title         = "Adversarial watermarking transformer: Towards tracing text provenance with data hiding",
  booktitle     = "Proceedings of the 2021 IEEE Symposium on Security and Privacy (SP)",
  pages         = "121--140",
  year          = 2021,
}

@Inproceedings{Adaptive2024,
  author        = "Yepeng Liu and Yuheng Bu",
  title         = "Adaptive Text Watermark for Large Language Models",
  booktitle     = "Proceedings of the 41st International Conference on Machine Learning (ICML)",
  year          = 2024,
}

@Inproceedings{COLOR2024,
  author        = "KiYoon Yoo and Wonhyuk Ahn and Nojun Kwak",
  title         = "Advancing Beyond Identification: Multi-bit Watermark for Large Language Models",
  booktitle     = "Proceedings of the 2024 Conference of the North American Chapter of the Association for Computational Linguistics",
  pages         = "4031--4055",
  year          = 2024,
}

@Inproceedings{CTWL2024,
  author        = "Lean Wang and Wenkai Yang and Deli Chen and Hao Zhou and Yankai Lin and Fandong Meng and Jie Zhou and Xu Sun",
  title         = "Towards Codable Watermarking for Injecting Multi-bits Information to LLMs",
  booktitle     = "Proceedings of the Twelfth International Conference on Learning Representations (ICLR)",
  year          = 2024,
}

@Inproceedings{Context-aware2022,
  author        = "Xi Yang and Jie Zhang and Kejiang Chen and Weiming Zhang and Zehua Ma and Feng Wang and Nenghai Yu",
  title         = "Tracing text provenance via context-aware lexical substitution",
  booktitle     = "Proceedings of the AAAI Conference on Artificial Intelligence",
  volume        = 36,
  pages         = "11613--11621",
  year          = 2022,
}

@inproceedings{Fu2024,
  author    = {Yu Fu and Deyi Xiong and Yue Dong},
  title     = {Watermarking Conditional Text Generation for AI Detection: Unveiling Challenges and a Semantic-Aware Watermark Remedy},
  booktitle = {Proceedings of the Thirty-Eighth AAAI Conference on Artificial Intelligence (AAAI)},
  year      = {2024}
}

@Article{GLM42024,
  author        = "Aohan Zeng and Bin Xu and Bowen Wang and Chenhui Zhang and Da Yin and Dan Zhang and Diego Rojas and Guanyu Feng and Hanlin Zhao and Hanyu Lai and others",
  title         = "ChatGLM: A Family of Large Language Models from GLM-130B to GLM-4 All Tools",
  journal       = "arXiv preprint",
  articleno     = "arXiv:2406.12793",
  year          = 2024,
}

@Inproceedings{He2024,
  author        = "Zhiwei He and Binglin Zhou and Hongkun Hao and Aiwei Liu and Xing Wang and Zhaopeng Tu and Zhuosheng Zhang and Rui Wang",
  title         = "Can Watermarks Survive Translation? On the Cross-lingual Consistency of Text Watermark for Large Language Models",
  booktitle     = "Proceedings of the 62nd Annual Meeting of the Association for Computational Linguistics (Volume 1: Long Papers)",
  pages         = "4115--4129",
  year          = 2024,
}

@Inproceedings{KGW2023,
  author        = "John Kirchenbauer and Jonas Geiping and Yuxin Wen and Jonathan Katz and Ian Miers and Tom Goldstein",
  title         = "A Watermark for Large Language Models",
  booktitle     = "Proceedings of the 40th International Conference on Machine Learning (ICML)",
  pages         = "17061--17084",
  year          = 2023,
}

@article{LLaMA22023,
  author    = {Hugo Touvron and Louis Martin and Kevin Stone and Peter Albert and Amjad Almahairi and Yasmine Babaei and Nikolay Bashlykov and Soumya Batra and Prajjwal Bhargava and Shruti Bhosale and Dan Bikel and Lukas Blecher and Cristian Canton Ferrer and Moya Chen and Guillem Cucurull and David Esiobu and Jude Fernandes and Jeremy Fu and Wenyin Fu and Brian Fuller and Cynthia Gao and Vedanuj Goswami and Naman Goyal and Anthony Hartshorn and Saghar Hosseini and et al,},
  title     = {Llama 2: Open Foundation and Fine-Tuned Chat Models},
  journal   = {arXiv preprint arXiv:2307.09288},
  year      = {2023}
}

@Article{NSW2023,
  author        = "Yuki Takezawa and Ryoma Sato and Han Bao and Kenta Niwa and Makoto Yamada",
  title         = "Necessary and sufficient watermark for large language models",
  journal       = "arXiv preprint",
  articleno     = "arXiv:2310.00833",
  year          = 2023,
}

@Article{PRMW2024,
  author        = "Wenjie Qu and Dong Yin and Zixin He and Wei Zou and Tianyang Tao and Jinyuan Jia and Jiaheng Zhang",
  title         = "Provably Robust Multi-bit Watermarking for AI-generated Text via Error Correction Code",
  journal       = "arXiv preprint",
  articleno     = "arXiv:2401.16820",
  year          = 2024,
}

@Inproceedings{Robust_Multi-bit2023,
  author        = "KiYoon Yoo and Wonhyuk Ahn and Jiho Jang and Nojun Kwak",
  title         = "Robust multi-bit natural language watermarking through invariant features",
  booktitle     = "Proceedings of the 61st Annual Meeting of the Association for Computational Linguistics (Volume 1: Long Papers)",
  pages         = "2092--2115",
  year          = 2023,
}

@Inproceedings{SWEET2024,
  author        = "Taehyun Lee and Seokhee Hong and Jaewoo Ahn and Ilgee Hong and Hwaran Lee and Sangdoo Yun and Jamin Shin and Gunhee Kim",
  title         = "Who Wrote this Code? Watermarking for Code Generation",
  booktitle     = "Proceedings of the 62nd Annual Meeting of the Association for Computational Linguistics (Volume 1: Long Papers)",
  pages         = "4890--4911",
  year          = 2024,
}

@Inproceedings{Undetectable2024,
  author        = "Miranda Christ and Sam Gunn and Or Zamir",
  title         = "Undetectable Watermarks for Language Models",
  booktitle     = "Proceedings of the 37th Annual Conference on Learning Theory",
  volume        = 196,
  pages         = "1--15",
  year          = 2024,
}

@Inproceedings{Unicode2016,
  author        = "Stefano Giovanni Rizzo and Flavio Bertini and Danilo Montesi",
  title         = "Content-preserving text watermarking through unicode homoglyph substitution",
  booktitle     = "Proceedings of the 20th International Database Engineering \& Applications Symposium",
  pages         = "97--104",
  year          = 2016,
}

