@article{3d_diffusion_policy,
  author       = {Tsung{-}Wei Ke and
                  Nikolaos Gkanatsios and
                  Katerina Fragkiadaki},
  title        = {3D Diffuser Actor: Policy Diffusion with 3D Scene Representations},
  journal      = {CoRR},
  volume       = {abs/2402.10885},
  year         = {2024},
  url          = {https://doi.org/10.48550/arXiv.2402.10885},
  doi          = {10.48550/ARXIV.2402.10885},
  eprinttype    = {arXiv},
  eprint       = {2402.10885},
  timestamp    = {Mon, 26 Feb 2024 16:52:48 +0100},
  biburl       = {https://dblp.org/rec/journals/corr/abs-2402-10885.bib},
  bibsource    = {dblp computer science bibliography, https://dblp.org}
}

@inproceedings{agent_agnostic_policy,
  author       = {Wenlong Huang and
                  Igor Mordatch and
                  Deepak Pathak},
  title        = {One Policy to Control Them All: Shared Modular Policies for Agent-Agnostic
                  Control},
  booktitle    = {Proceedings of the 37th International Conference on Machine Learning,
                  {ICML} 2020, 13-18 July 2020, Virtual Event},
  series       = {Proceedings of Machine Learning Research},
  volume       = {119},
  pages        = {4455--4464},
  publisher    = {{PMLR}},
  year         = {2020},
  url          = {http://proceedings.mlr.press/v119/huang20d.html},
  timestamp    = {Tue, 15 Dec 2020 17:40:19 +0100},
  biburl       = {https://dblp.org/rec/conf/icml/HuangMP20.bib},
  bibsource    = {dblp computer science bibliography, https://dblp.org}
}

@inproceedings{attention,
  author       = {Ashish Vaswani and
                  Noam Shazeer and
                  Niki Parmar and
                  Jakob Uszkoreit and
                  Llion Jones and
                  Aidan N. Gomez and
                  Lukasz Kaiser and
                  Illia Polosukhin},
  editor       = {Isabelle Guyon and
                  Ulrike von Luxburg and
                  Samy Bengio and
                  Hanna M. Wallach and
                  Rob Fergus and
                  S. V. N. Vishwanathan and
                  Roman Garnett},
  title        = {Attention is All you Need},
  booktitle    = {Advances in Neural Information Processing Systems 30: Annual Conference
                  on Neural Information Processing Systems 2017, December 4-9, 2017,
                  Long Beach, CA, {USA}},
  pages        = {5998--6008},
  year         = {2017},
  url          = {https://proceedings.neurips.cc/paper/2017/hash/3f5ee243547dee91fbd053c1c4a845aa-Abstract.html},
  timestamp    = {Thu, 21 Jan 2021 15:15:21 +0100},
  biburl       = {https://dblp.org/rec/conf/nips/VaswaniSPUJGKP17.bib},
  bibsource    = {dblp computer science bibliography, https://dblp.org}
}

@article{audio_diffusion,
  author       = {Chenshuang Zhang and
                  Chaoning Zhang and
                  Sheng Zheng and
                  Mengchun Zhang and
                  Maryam Qamar and
                  Sung{-}Ho Bae and
                  In So Kweon},
  title        = {A Survey on Audio Diffusion Models: Text To Speech Synthesis and Enhancement
                  in Generative {AI}},
  journal      = {CoRR},
  volume       = {abs/2303.13336},
  year         = {2023},
  url          = {https://doi.org/10.48550/arXiv.2303.13336},
  doi          = {10.48550/ARXIV.2303.13336},
  eprinttype    = {arXiv},
  eprint       = {2303.13336},
  timestamp    = {Tue, 07 May 2024 20:16:22 +0200},
  biburl       = {https://dblp.org/rec/journals/corr/abs-2303-13336.bib},
  bibsource    = {dblp computer science bibliography, https://dblp.org}
}

@article{cross_former,
  author       = {Ria Doshi and
                  Homer Walke and
                  Oier Mees and
                  Sudeep Dasari and
                  Sergey Levine},
  title        = {Scaling Cross-Embodied Learning: One Policy for Manipulation, Navigation,
                  Locomotion and Aviation},
  journal      = {CoRR},
  volume       = {abs/2408.11812},
  year         = {2024},
  url          = {https://doi.org/10.48550/arXiv.2408.11812},
  doi          = {10.48550/ARXIV.2408.11812},
  eprinttype    = {arXiv},
  eprint       = {2408.11812},
  timestamp    = {Sat, 28 Sep 2024 18:01:36 +0200},
  biburl       = {https://dblp.org/rec/journals/corr/abs-2408-11812.bib},
  bibsource    = {dblp computer science bibliography, https://dblp.org}
}

@inproceedings{diffuser,
  author       = {Michael Janner and
                  Yilun Du and
                  Joshua B. Tenenbaum and
                  Sergey Levine},
  editor       = {Kamalika Chaudhuri and
                  Stefanie Jegelka and
                  Le Song and
                  Csaba Szepesv{\'{a}}ri and
                  Gang Niu and
                  Sivan Sabato},
  title        = {Planning with Diffusion for Flexible Behavior Synthesis},
  booktitle    = {International Conference on Machine Learning, {ICML} 2022, 17-23 July
                  2022, Baltimore, Maryland, {USA}},
  series       = {Proceedings of Machine Learning Research},
  volume       = {162},
  pages        = {9902--9915},
  publisher    = {{PMLR}},
  year         = {2022},
  url          = {https://proceedings.mlr.press/v162/janner22a.html},
  timestamp    = {Tue, 12 Jul 2022 17:36:52 +0200},
  biburl       = {https://dblp.org/rec/conf/icml/JannerDTL22.bib},
  bibsource    = {dblp computer science bibliography, https://dblp.org}
}

@inproceedings{diffusion_policy,
  author       = {Cheng Chi and
                  Siyuan Feng and
                  Yilun Du and
                  Zhenjia Xu and
                  Eric Cousineau and
                  Benjamin Burchfiel and
                  Shuran Song},
  editor       = {Kostas E. Bekris and
                  Kris Hauser and
                  Sylvia L. Herbert and
                  Jingjin Yu},
  title        = {Diffusion Policy: Visuomotor Policy Learning via Action Diffusion},
  booktitle    = {Robotics: Science and Systems XIX, Daegu, Republic of Korea, July
                  10-14, 2023},
  year         = {2023},
  url          = {https://doi.org/10.15607/RSS.2023.XIX.026},
  doi          = {10.15607/RSS.2023.XIX.026},
  timestamp    = {Mon, 29 Apr 2024 21:28:50 +0200},
  biburl       = {https://dblp.org/rec/conf/rss/ChiFDXCBS23.bib},
  bibsource    = {dblp computer science bibliography, https://dblp.org}
}

@article{droid,
  author       = {Alexander Khazatsky and
                  Karl Pertsch and
                  Suraj Nair and
                  Ashwin Balakrishna and
                  Sudeep Dasari and
                  Siddharth Karamcheti and
                  Soroush Nasiriany and
                  Mohan Kumar Srirama and
                  Lawrence Yunliang Chen and
                  Kirsty Ellis and
                  Peter David Fagan and
                  Joey Hejna and
                  Masha Itkina and
                  Marion Lepert and
                  Yecheng Jason Ma and
                  Patrick Tree Miller and
                  Jimmy Wu and
                  Suneel Belkhale and
                  Shivin Dass and
                  Huy Ha and
                  Arhan Jain and
                  Abraham Lee and
                  Youngwoon Lee and
                  Marius Memmel and
                  Sungjae Park and
                  Ilija Radosavovic and
                  Kaiyuan Wang and
                  Albert Zhan and
                  Kevin Black and
                  Cheng Chi and
                  Kyle Beltran Hatch and
                  Shan Lin and
                  Jingpei Lu and
                  Jean Mercat and
                  Abdul Rehman and
                  Pannag R. Sanketi and
                  Archit Sharma and
                  Cody Simpson and
                  Quan Vuong and
                  Homer Rich Walke and
                  Blake Wulfe and
                  Ted Xiao and
                  Jonathan Heewon Yang and
                  Arefeh Yavary and
                  Tony Z. Zhao and
                  Christopher Agia and
                  Rohan Baijal and
                  Mateo Guaman Castro and
                  Daphne Chen and
                  Qiuyu Chen and
                  Trinity Chung and
                  Jaimyn Drake and
                  Ethan Paul Foster and
                  et al.},
  title        = {{DROID:} {A} Large-Scale In-The-Wild Robot Manipulation Dataset},
  journal      = {CoRR},
  volume       = {abs/2403.12945},
  year         = {2024},
  url          = {https://doi.org/10.48550/arXiv.2403.12945},
  doi          = {10.48550/ARXIV.2403.12945},
  eprinttype    = {arXiv},
  eprint       = {2403.12945},
  timestamp    = {Mon, 08 Apr 2024 18:24:51 +0200},
  biburl       = {https://dblp.org/rec/journals/corr/abs-2403-12945.bib},
  bibsource    = {dblp computer science bibliography, https://dblp.org}
}

@article{fm_seq_decision_making,
  author       = {Sherry Yang and
                  Ofir Nachum and
                  Yilun Du and
                  Jason Wei and
                  Pieter Abbeel and
                  Dale Schuurmans},
  title        = {Foundation Models for Decision Making: Problems, Methods, and Opportunities},
  journal      = {CoRR},
  volume       = {abs/2303.04129},
  year         = {2023},
  url          = {https://doi.org/10.48550/arXiv.2303.04129},
  doi          = {10.48550/ARXIV.2303.04129},
  eprinttype    = {arXiv},
  eprint       = {2303.04129},
  timestamp    = {Fri, 06 Sep 2024 13:01:01 +0200},
  biburl       = {https://dblp.org/rec/journals/corr/abs-2303-04129.bib},
  bibsource    = {dblp computer science bibliography, https://dblp.org}
}

@article{gato,
  author       = {Scott E. Reed and
                  Konrad Zolna and
                  Emilio Parisotto and
                  Sergio G{\'{o}}mez Colmenarejo and
                  Alexander Novikov and
                  Gabriel Barth{-}Maron and
                  Mai Gimenez and
                  Yury Sulsky and
                  Jackie Kay and
                  Jost Tobias Springenberg and
                  Tom Eccles and
                  Jake Bruce and
                  Ali Razavi and
                  Ashley Edwards and
                  Nicolas Heess and
                  Yutian Chen and
                  Raia Hadsell and
                  Oriol Vinyals and
                  Mahyar Bordbar and
                  Nando de Freitas},
  title        = {A Generalist Agent},
  journal      = {Trans. Mach. Learn. Res.},
  volume       = {2022},
  year         = {2022},
  url          = {https://openreview.net/forum?id=1ikK0kHjvj},
  timestamp    = {Thu, 18 Jul 2024 08:28:31 +0200},
  biburl       = {https://dblp.org/rec/journals/tmlr/ReedZPCNBGSKSEBREHCHVBF22.bib},
  bibsource    = {dblp computer science bibliography, https://dblp.org}
}

@article{gpt_4,
  author       = {OpenAI},
  title        = {{GPT-4} Technical Report},
  journal      = {CoRR},
  volume       = {abs/2303.08774},
  year         = {2023},
  url          = {https://doi.org/10.48550/arXiv.2303.08774},
  doi          = {10.48550/ARXIV.2303.08774},
  eprinttype    = {arXiv},
  eprint       = {2303.08774},
  timestamp    = {Mon, 28 Aug 2023 21:26:19 +0200},
  biburl       = {https://dblp.org/rec/journals/corr/abs-2303-08774.bib},
  bibsource    = {dblp computer science bibliography, https://dblp.org}
}

@inproceedings{imagen,
  author       = {Chitwan Saharia and
                  William Chan and
                  Saurabh Saxena and
                  Lala Li and
                  Jay Whang and
                  Emily L. Denton and
                  Seyed Kamyar Seyed Ghasemipour and
                  Raphael Gontijo Lopes and
                  Burcu Karagol Ayan and
                  Tim Salimans and
                  Jonathan Ho and
                  David J. Fleet and
                  Mohammad Norouzi},
  editor       = {Sanmi Koyejo and
                  S. Mohamed and
                  A. Agarwal and
                  Danielle Belgrave and
                  K. Cho and
                  A. Oh},
  title        = {Photorealistic Text-to-Image Diffusion Models with Deep Language Understanding},
  booktitle    = {Advances in Neural Information Processing Systems 35: Annual Conference
                  on Neural Information Processing Systems 2022, NeurIPS 2022, New Orleans,
                  LA, USA, November 28 - December 9, 2022},
  year         = {2022},
  url          = {http://papers.nips.cc/paper\_files/paper/2022/hash/ec795aeadae0b7d230fa35cbaf04c041-Abstract-Conference.html},
  timestamp    = {Mon, 08 Jan 2024 16:31:36 +0100},
  biburl       = {https://dblp.org/rec/conf/nips/SahariaCSLWDGLA22.bib},
  bibsource    = {dblp computer science bibliography, https://dblp.org}
}

@article{imagen_video,
  author       = {Jonathan Ho and
                  William Chan and
                  Chitwan Saharia and
                  Jay Whang and
                  Ruiqi Gao and
                  Alexey A. Gritsenko and
                  Diederik P. Kingma and
                  Ben Poole and
                  Mohammad Norouzi and
                  David J. Fleet and
                  Tim Salimans},
  title        = {Imagen Video: High Definition Video Generation with Diffusion Models},
  journal      = {CoRR},
  volume       = {abs/2210.02303},
  year         = {2022},
  url          = {https://doi.org/10.48550/arXiv.2210.02303},
  doi          = {10.48550/ARXIV.2210.02303},
  eprinttype    = {arXiv},
  eprint       = {2210.02303},
  timestamp    = {Fri, 07 Oct 2022 15:24:59 +0200},
  biburl       = {https://dblp.org/rec/journals/corr/abs-2210-02303.bib},
  bibsource    = {dblp computer science bibliography, https://dblp.org}
}

@article{language_table,
  author       = {Corey Lynch and
                  Ayzaan Wahid and
                  Jonathan Tompson and
                  Tianli Ding and
                  James Betker and
                  Robert Baruch and
                  Travis Armstrong and
                  Pete Florence},
  title        = {Interactive Language: Talking to Robots in Real Time},
  journal      = {CoRR},
  volume       = {abs/2210.06407},
  year         = {2022},
  url          = {https://doi.org/10.48550/arXiv.2210.06407},
  doi          = {10.48550/ARXIV.2210.06407},
  eprinttype    = {arXiv},
  eprint       = {2210.06407},
  timestamp    = {Tue, 18 Oct 2022 15:06:52 +0200},
  biburl       = {https://dblp.org/rec/journals/corr/abs-2210-06407.bib},
  bibsource    = {dblp computer science bibliography, https://dblp.org}
}

@article{latent_space_alignment,
  author       = {Tianyu Wang and
                  Dwait Bhatt and
                  Xiaolong Wang and
                  Nikolay Atanasov},
  title        = {Cross-Embodiment Robot Manipulation Skill Transfer using Latent Space
                  Alignment},
  journal      = {CoRR},
  volume       = {abs/2406.01968},
  year         = {2024},
  url          = {https://doi.org/10.48550/arXiv.2406.01968},
  doi          = {10.48550/ARXIV.2406.01968},
  eprinttype    = {arXiv},
  eprint       = {2406.01968},
  timestamp    = {Thu, 04 Jul 2024 12:24:28 +0200},
  biburl       = {https://dblp.org/rec/journals/corr/abs-2406-01968.bib},
  bibsource    = {dblp computer science bibliography, https://dblp.org}
}

@inproceedings{ldm,
  author       = {Robin Rombach and
                  Andreas Blattmann and
                  Dominik Lorenz and
                  Patrick Esser and
                  Bj{\"{o}}rn Ommer},
  title        = {High-Resolution Image Synthesis with Latent Diffusion Models},
  booktitle    = {{IEEE/CVF} Conference on Computer Vision and Pattern Recognition,
                  {CVPR} 2022, New Orleans, LA, USA, June 18-24, 2022},
  pages        = {10674--10685},
  publisher    = {{IEEE}},
  year         = {2022},
  url          = {https://doi.org/10.1109/CVPR52688.2022.01042},
  doi          = {10.1109/CVPR52688.2022.01042},
  timestamp    = {Wed, 05 Oct 2022 16:31:19 +0200},
  biburl       = {https://dblp.org/rec/conf/cvpr/RombachBLEO22.bib},
  bibsource    = {dblp computer science bibliography, https://dblp.org}
}

@article{learning_human_data1,
  title={Learning to Transfer Human Hand Skills for Robot Manipulations},
  author={Park, Sungjae and Lee, Seungho and Choi, Mingi and Lee, Jiye and Kim, Jeonghwan and Kim, Jisoo and Joo, Hanbyul},
  journal={arXiv preprint arXiv:2501.04169},
  year={2025}
}

@article{octo_policy,
  author       = {Octo Model Team and
                  Dibya Ghosh and
                  Homer Walke and
                  Karl Pertsch and
                  Kevin Black and
                  Oier Mees and
                  Sudeep Dasari and
                  Joey Hejna and
                  Tobias Kreiman and
                  Charles Xu and
                  Jianlan Luo and
                  You Liang Tan and
                  Lawrence Yunliang Chen and
                  Pannag Sanketi and
                  Quan Vuong and
                  Ted Xiao and
                  Dorsa Sadigh and
                  Chelsea Finn and
                  Sergey Levine},
  title        = {Octo: An Open-Source Generalist Robot Policy},
  journal      = {CoRR},
  volume       = {abs/2405.12213},
  year         = {2024},
  url          = {https://doi.org/10.48550/arXiv.2405.12213},
  doi          = {10.48550/ARXIV.2405.12213},
  eprinttype    = {arXiv},
  eprint       = {2405.12213},
  timestamp    = {Wed, 19 Jun 2024 11:53:12 +0200},
  biburl       = {https://dblp.org/rec/journals/corr/abs-2405-12213.bib},
  bibsource    = {dblp computer science bibliography, https://dblp.org}
}

@inproceedings{open_e_dataset,
  author       = {Abby O'Neill and
                  Abdul Rehman and
                  Abhiram Maddukuri and
                  Abhishek Gupta and
                  Abhishek Padalkar and
                  Abraham Lee and
                  Acorn Pooley and
                  Agrim Gupta and
                  Ajay Mandlekar and
                  Ajinkya Jain and
                  Albert Tung and
                  Alex Bewley and
                  Alexander Herzog and
                  Alex Irpan and
                  Alexander Khazatsky and
                  Anant Rai and
                  Anchit Gupta and
                  Andrew Wang and
                  Anikait Singh and
                  Animesh Garg and
                  Aniruddha Kembhavi and
                  Annie Xie and
                  Anthony Brohan and
                  Antonin Raffin and
                  Archit Sharma and
                  Arefeh Yavary and
                  Arhan Jain and
                  Ashwin Balakrishna and
                  Ayzaan Wahid and
                  Ben Burgess{-}Limerick and
                  Beomjoon Kim and
                  Bernhard Sch{\"{o}}lkopf and
                  Blake Wulfe and
                  Brian Ichter and
                  Cewu Lu and
                  Charles Xu and
                  Charlotte Le and
                  Chelsea Finn and
                  Chen Wang and
                  Chenfeng Xu and
                  Cheng Chi and
                  Chenguang Huang and
                  Christine Chan and
                  Christopher Agia and
                  Chuer Pan and
                  Chuyuan Fu and
                  Coline Devin and
                  Danfei Xu and
                  Daniel Morton and
                  Danny Driess and
                  Daphne Chen and
                  Deepak Pathak and
                  Dhruv Shah and
                  Dieter B{\"{u}}chler and
                  Dinesh Jayaraman and
                  Dmitry Kalashnikov and
                  Dorsa Sadigh and
                  Edward Johns and
                  Ethan Paul Foster and
                  Fangchen Liu and
                  Federico Ceola and
                  Fei Xia and
                  Feiyu Zhao and
                  Freek Stulp and
                  Gaoyue Zhou and
                  Gaurav S. Sukhatme and
                  Gautam Salhotra and
                  Ge Yan and
                  Gilbert Feng and
                  Giulio Schiavi and
                  Glen Berseth and
                  Gregory Kahn and
                  Guanzhi Wang and
                  Hao Su and
                  Haoshu Fang and
                  Haochen Shi and
                  Henghui Bao and
                  Heni Ben Amor and
                  Henrik I. Christensen and
                  Hiroki Furuta and
                  Homer Walke and
                  Hongjie Fang and
                  Huy Ha and
                  Igor Mordatch and
                  Ilija Radosavovic and
                  Isabel Leal and
                  Jacky Liang and
                  Jad Abou{-}Chakra and
                  Jaehyung Kim and
                  Jaimyn Drake and
                  Jan Peters and
                  Jan Schneider and
                  Jasmine Hsu and
                  Jeannette Bohg and
                  Jeffrey Bingham and
                  Jeffrey Wu and
                  Jensen Gao and
                  Jiaheng Hu and
                  Jiajun Wu and
                  Jialin Wu and
                  Jiankai Sun and
                  Jianlan Luo and
                  Jiayuan Gu and
                  Jie Tan and
                  Jihoon Oh and
                  Jimmy Wu and
                  Jingpei Lu and
                  Jingyun Yang and
                  Jitendra Malik and
                  Jo{\~{a}}o Silv{\'{e}}rio and
                  Joey Hejna and
                  Jonathan Booher and
                  Jonathan Tompson and
                  Jonathan Yang and
                  Jordi Salvador and
                  Joseph J. Lim and
                  Junhyek Han and
                  Kaiyuan Wang and
                  Kanishka Rao and
                  Karl Pertsch and
                  Karol Hausman and
                  Keegan Go and
                  Keerthana Gopalakrishnan and
                  Ken Goldberg and
                  Kendra Byrne and
                  Kenneth Oslund and
                  Kento Kawaharazuka and
                  Kevin Black and
                  Kevin Lin and
                  Kevin Zhang and
                  Kiana Ehsani and
                  Kiran Lekkala and
                  Kirsty Ellis and
                  Krishan Rana and
                  Krishnan Srinivasan and
                  Kuan Fang and
                  Kunal Pratap Singh and
                  Kuo{-}Hao Zeng and
                  Kyle Hatch and
                  Kyle Hsu and
                  Laurent Itti and
                  Lawrence Yunliang Chen and
                  Lerrel Pinto and
                  Li Fei{-}Fei and
                  Liam Tan and
                  Linxi Jim Fan and
                  Lionel Ott and
                  Lisa Lee and
                  Luca Weihs and
                  Magnum Chen and
                  Marion Lepert and
                  Marius Memmel and
                  Masayoshi Tomizuka and
                  Masha Itkina and
                  Mateo Guaman Castro and
                  Max Spero and
                  Maximilian Du and
                  Michael Ahn and
                  Michael C. Yip and
                  Mingtong Zhang and
                  Mingyu Ding and
                  Minho Heo and
                  Mohan Kumar Srirama and
                  Mohit Sharma and
                  Moo Jin Kim and
                  Naoaki Kanazawa and
                  Nicklas Hansen and
                  Nicolas Heess and
                  Nikhil J. Joshi and
                  Niko S{\"{u}}nderhauf and
                  Ning Liu and
                  Norman Di Palo and
                  Nur Muhammad (Mahi) Shafiullah and
                  Oier Mees and
                  Oliver Kroemer and
                  Osbert Bastani and
                  Pannag R. Sanketi and
                  Patrick Tree Miller and
                  Patrick Yin and
                  Paul Wohlhart and
                  Peng Xu and
                  Peter David Fagan and
                  Peter Mitrano and
                  Pierre Sermanet and
                  Pieter Abbeel and
                  Priya Sundaresan and
                  Qiuyu Chen and
                  Quan Vuong and
                  Rafael Rafailov and
                  Ran Tian and
                  Ria Doshi and
                  Roberto Mart{\'{\i}}n{-}Mart{\'{\i}}n and
                  Rohan Baijal and
                  Rosario Scalise and
                  Rose Hendrix and
                  Roy Lin and
                  Runjia Qian and
                  Ruohan Zhang and
                  Russell Mendonca and
                  Rutav Shah and
                  Ryan Hoque and
                  Ryan Julian and
                  Samuel Bustamante and
                  Sean Kirmani and
                  Sergey Levine and
                  Shan Lin and
                  Sherry Moore and
                  Shikhar Bahl and
                  Shivin Dass and
                  Shubham D. Sonawani and
                  Shuran Song and
                  Sichun Xu and
                  Siddhant Haldar and
                  Siddharth Karamcheti and
                  Simeon Adebola and
                  Simon Guist and
                  Soroush Nasiriany and
                  Stefan Schaal and
                  Stefan Welker and
                  Stephen Tian and
                  Subramanian Ramamoorthy and
                  Sudeep Dasari and
                  Suneel Belkhale and
                  Sungjae Park and
                  Suraj Nair and
                  Suvir Mirchandani and
                  Takayuki Osa and
                  Tanmay Gupta and
                  Tatsuya Harada and
                  Tatsuya Matsushima and
                  Ted Xiao and
                  Thomas Kollar and
                  Tianhe Yu and
                  Tianli Ding and
                  Todor Davchev and
                  Tony Z. Zhao and
                  Travis Armstrong and
                  Trevor Darrell and
                  Trinity Chung and
                  Vidhi Jain and
                  Vincent Vanhoucke and
                  Wei Zhan and
                  Wenxuan Zhou and
                  Wolfram Burgard and
                  Xi Chen and
                  Xiaolong Wang and
                  Xinghao Zhu and
                  Xinyang Geng and
                  Xiyuan Liu and
                  Liangwei Xu and
                  Xuanlin Li and
                  Yao Lu and
                  Yecheng Jason Ma and
                  Yejin Kim and
                  Yevgen Chebotar and
                  Yifan Zhou and
                  Yifeng Zhu and
                  Yilin Wu and
                  Ying Xu and
                  Yixuan Wang and
                  Yonatan Bisk and
                  Yoonyoung Cho and
                  Youngwoon Lee and
                  Yuchen Cui and
                  Yue Cao and
                  Yueh{-}Hua Wu and
                  Yujin Tang and
                  Yuke Zhu and
                  Yunchu Zhang and
                  Yunfan Jiang and
                  Yunshuang Li and
                  Yunzhu Li and
                  Yusuke Iwasawa and
                  Yutaka Matsuo and
                  Zehan Ma and
                  Zhuo Xu and
                  Zichen Jeff Cui and
                  Zichen Zhang and
                  Zipeng Lin},
  title        = {Open X-Embodiment: Robotic Learning Datasets and {RT-X} Models : Open
                  X-Embodiment Collaboration},
  booktitle    = {{IEEE} International Conference on Robotics and Automation, {ICRA}
                  2024, Yokohama, Japan, May 13-17, 2024},
  pages        = {6892--6903},
  publisher    = {{IEEE}},
  year         = {2024},
  url          = {https://doi.org/10.1109/ICRA57147.2024.10611477},
  doi          = {10.1109/ICRA57147.2024.10611477},
  timestamp    = {Tue, 20 Aug 2024 14:27:10 +0200},
  biburl       = {https://dblp.org/rec/conf/icra/ONeillRMGPLPGMJ24.bib},
  bibsource    = {dblp computer science bibliography, https://dblp.org}
}

@article{pali_x,
  author       = {Xi Chen and
                  Josip Djolonga and
                  Piotr Padlewski and
                  Basil Mustafa and
                  Soravit Changpinyo and
                  Jialin Wu and
                  Carlos Riquelme Ruiz and
                  Sebastian Goodman and
                  Xiao Wang and
                  Yi Tay and
                  Siamak Shakeri and
                  Mostafa Dehghani and
                  Daniel Salz and
                  Mario Lucic and
                  Michael Tschannen and
                  Arsha Nagrani and
                  Hexiang Hu and
                  Mandar Joshi and
                  Bo Pang and
                  Ceslee Montgomery and
                  Paulina Pietrzyk and
                  Marvin Ritter and
                  A. J. Piergiovanni and
                  Matthias Minderer and
                  Filip Pavetic and
                  Austin Waters and
                  Gang Li and
                  Ibrahim Alabdulmohsin and
                  Lucas Beyer and
                  Julien Amelot and
                  Kenton Lee and
                  Andreas Peter Steiner and
                  Yang Li and
                  Daniel Keysers and
                  Anurag Arnab and
                  Yuanzhong Xu and
                  Keran Rong and
                  Alexander Kolesnikov and
                  Mojtaba Seyedhosseini and
                  Anelia Angelova and
                  Xiaohua Zhai and
                  Neil Houlsby and
                  Radu Soricut},
  title        = {PaLI-X: On Scaling up a Multilingual Vision and Language Model},
  journal      = {CoRR},
  volume       = {abs/2305.18565},
  year         = {2023},
  url          = {https://doi.org/10.48550/arXiv.2305.18565},
  doi          = {10.48550/ARXIV.2305.18565},
  eprinttype    = {arXiv},
  eprint       = {2305.18565},
  timestamp    = {Thu, 19 Sep 2024 18:34:21 +0200},
  biburl       = {https://dblp.org/rec/journals/corr/abs-2305-18565.bib},
  bibsource    = {dblp computer science bibliography, https://dblp.org}
}

@inproceedings{palm_e,
  author       = {Danny Driess and
                  Fei Xia and
                  Mehdi S. M. Sajjadi and
                  Corey Lynch and
                  Aakanksha Chowdhery and
                  Brian Ichter and
                  Ayzaan Wahid and
                  Jonathan Tompson and
                  Quan Vuong and
                  Tianhe Yu and
                  Wenlong Huang and
                  Yevgen Chebotar and
                  Pierre Sermanet and
                  Daniel Duckworth and
                  Sergey Levine and
                  Vincent Vanhoucke and
                  Karol Hausman and
                  Marc Toussaint and
                  Klaus Greff and
                  Andy Zeng and
                  Igor Mordatch and
                  Pete Florence},
  editor       = {Andreas Krause and
                  Emma Brunskill and
                  Kyunghyun Cho and
                  Barbara Engelhardt and
                  Sivan Sabato and
                  Jonathan Scarlett},
  title        = {PaLM-E: An Embodied Multimodal Language Model},
  booktitle    = {International Conference on Machine Learning, {ICML} 2023, 23-29 July
                  2023, Honolulu, Hawaii, {USA}},
  series       = {Proceedings of Machine Learning Research},
  volume       = {202},
  pages        = {8469--8488},
  publisher    = {{PMLR}},
  year         = {2023},
  url          = {https://proceedings.mlr.press/v202/driess23a.html},
  timestamp    = {Mon, 28 Aug 2023 17:23:08 +0200},
  biburl       = {https://dblp.org/rec/conf/icml/DriessXSLCIWTVY23.bib},
  bibsource    = {dblp computer science bibliography, https://dblp.org}
}

@inproceedings{robonet,
  author       = {Sudeep Dasari and
                  Frederik Ebert and
                  Stephen Tian and
                  Suraj Nair and
                  Bernadette Bucher and
                  Karl Schmeckpeper and
                  Siddharth Singh and
                  Sergey Levine and
                  Chelsea Finn},
  editor       = {Leslie Pack Kaelbling and
                  Danica Kragic and
                  Komei Sugiura},
  title        = {RoboNet: Large-Scale Multi-Robot Learning},
  booktitle    = {3rd Annual Conference on Robot Learning, CoRL 2019, Osaka, Japan,
                  October 30 - November 1, 2019, Proceedings},
  series       = {Proceedings of Machine Learning Research},
  volume       = {100},
  pages        = {885--897},
  publisher    = {{PMLR}},
  year         = {2019},
  url          = {http://proceedings.mlr.press/v100/dasari20a.html},
  timestamp    = {Wed, 06 Sep 2023 12:35:13 +0200},
  biburl       = {https://dblp.org/rec/conf/corl/DasariETNBSSLF19.bib},
  bibsource    = {dblp computer science bibliography, https://dblp.org}
}

@inproceedings{rt1,
  author       = {Anthony Brohan and
                  Noah Brown and
                  Justice Carbajal and
                  Yevgen Chebotar and
                  Joseph Dabis and
                  Chelsea Finn and
                  Keerthana Gopalakrishnan and
                  Karol Hausman and
                  Alexander Herzog and
                  Jasmine Hsu and
                  Julian Ibarz and
                  Brian Ichter and
                  Alex Irpan and
                  Tomas Jackson and
                  Sally Jesmonth and
                  Nikhil J. Joshi and
                  Ryan Julian and
                  Dmitry Kalashnikov and
                  Yuheng Kuang and
                  Isabel Leal and
                  Kuang{-}Huei Lee and
                  Sergey Levine and
                  Yao Lu and
                  Utsav Malla and
                  Deeksha Manjunath and
                  Igor Mordatch and
                  Ofir Nachum and
                  Carolina Parada and
                  Jodilyn Peralta and
                  Emily Perez and
                  Karl Pertsch and
                  Jornell Quiambao and
                  Kanishka Rao and
                  Michael S. Ryoo and
                  Grecia Salazar and
                  Pannag R. Sanketi and
                  Kevin Sayed and
                  Jaspiar Singh and
                  Sumedh Sontakke and
                  Austin Stone and
                  Clayton Tan and
                  Huong T. Tran and
                  Vincent Vanhoucke and
                  Steve Vega and
                  Quan Vuong and
                  Fei Xia and
                  Ted Xiao and
                  Peng Xu and
                  Sichun Xu and
                  Tianhe Yu and
                  Brianna Zitkovich},
  editor       = {Kostas E. Bekris and
                  Kris Hauser and
                  Sylvia L. Herbert and
                  Jingjin Yu},
  title        = {{RT-1:} Robotics Transformer for Real-World Control at Scale},
  booktitle    = {Robotics: Science and Systems XIX, Daegu, Republic of Korea, July
                  10-14, 2023},
  year         = {2023},
  url          = {https://doi.org/10.15607/RSS.2023.XIX.025},
  doi          = {10.15607/RSS.2023.XIX.025},
  timestamp    = {Mon, 25 Sep 2023 11:41:10 +0200},
  biburl       = {https://dblp.org/rec/conf/rss/BrohanBCCDFGHHH23.bib},
  bibsource    = {dblp computer science bibliography, https://dblp.org}
}

@inproceedings{rt2,
  author       = {Brianna Zitkovich and
                  Tianhe Yu and
                  Sichun Xu and
                  Peng Xu and
                  Ted Xiao and
                  Fei Xia and
                  Jialin Wu and
                  Paul Wohlhart and
                  Stefan Welker and
                  Ayzaan Wahid and
                  Quan Vuong and
                  Vincent Vanhoucke and
                  Huong T. Tran and
                  Radu Soricut and
                  Anikait Singh and
                  Jaspiar Singh and
                  Pierre Sermanet and
                  Pannag R. Sanketi and
                  Grecia Salazar and
                  Michael S. Ryoo and
                  Krista Reymann and
                  Kanishka Rao and
                  Karl Pertsch and
                  Igor Mordatch and
                  Henryk Michalewski and
                  Yao Lu and
                  Sergey Levine and
                  Lisa Lee and
                  Tsang{-}Wei Edward Lee and
                  Isabel Leal and
                  Yuheng Kuang and
                  Dmitry Kalashnikov and
                  Ryan Julian and
                  Nikhil J. Joshi and
                  Alex Irpan and
                  Brian Ichter and
                  Jasmine Hsu and
                  Alexander Herzog and
                  Karol Hausman and
                  Keerthana Gopalakrishnan and
                  Chuyuan Fu and
                  Pete Florence and
                  Chelsea Finn and
                  Kumar Avinava Dubey and
                  Danny Driess and
                  Tianli Ding and
                  Krzysztof Marcin Choromanski and
                  Xi Chen and
                  Yevgen Chebotar and
                  Justice Carbajal and
                  Noah Brown and
                  Anthony Brohan and
                  Montserrat Gonzalez Arenas and
                  Kehang Han},
  editor       = {Jie Tan and
                  Marc Toussaint and
                  Kourosh Darvish},
  title        = {{RT-2:} Vision-Language-Action Models Transfer Web Knowledge to Robotic
                  Control},
  booktitle    = {Conference on Robot Learning, CoRL 2023, 6-9 November 2023, Atlanta,
                  GA, {USA}},
  series       = {Proceedings of Machine Learning Research},
  volume       = {229},
  pages        = {2165--2183},
  publisher    = {{PMLR}},
  year         = {2023},
  url          = {https://proceedings.mlr.press/v229/zitkovich23a.html},
  timestamp    = {Tue, 20 Feb 2024 17:19:52 +0100},
  biburl       = {https://dblp.org/rec/conf/corl/ZitkovichYXXXXW23.bib},
  bibsource    = {dblp computer science bibliography, https://dblp.org}
}

@inproceedings{say_can,
  author       = {Brian Ichter and
                  Anthony Brohan and
                  Yevgen Chebotar and
                  Chelsea Finn and
                  Karol Hausman and
                  Alexander Herzog and
                  Daniel Ho and
                  Julian Ibarz and
                  Alex Irpan and
                  Eric Jang and
                  Ryan Julian and
                  Dmitry Kalashnikov and
                  Sergey Levine and
                  Yao Lu and
                  Carolina Parada and
                  Kanishka Rao and
                  Pierre Sermanet and
                  Alexander Toshev and
                  Vincent Vanhoucke and
                  Fei Xia and
                  Ted Xiao and
                  Peng Xu and
                  Mengyuan Yan and
                  Noah Brown and
                  Michael Ahn and
                  Omar Cortes and
                  Nicolas Sievers and
                  Clayton Tan and
                  Sichun Xu and
                  Diego Reyes and
                  Jarek Rettinghouse and
                  Jornell Quiambao and
                  Peter Pastor and
                  Linda Luu and
                  Kuang{-}Huei Lee and
                  Yuheng Kuang and
                  Sally Jesmonth and
                  Nikhil J. Joshi and
                  Kyle Jeffrey and
                  Rosario Jauregui Ruano and
                  Jasmine Hsu and
                  Keerthana Gopalakrishnan and
                  Byron David and
                  Andy Zeng and
                  Chuyuan Kelly Fu},
  editor       = {Karen Liu and
                  Dana Kulic and
                  Jeffrey Ichnowski},
  title        = {Do As {I} Can, Not As {I} Say: Grounding Language in Robotic Affordances},
  booktitle    = {Conference on Robot Learning, CoRL 2022, 14-18 December 2022, Auckland,
                  New Zealand},
  series       = {Proceedings of Machine Learning Research},
  volume       = {205},
  pages        = {287--318},
  publisher    = {{PMLR}},
  year         = {2022},
  url          = {https://proceedings.mlr.press/v205/ichter23a.html},
  timestamp    = {Wed, 15 Mar 2023 16:51:17 +0100},
  biburl       = {https://dblp.org/rec/conf/corl/IchterBCFHHHIIJ22.bib},
  bibsource    = {dblp computer science bibliography, https://dblp.org}
}

@inproceedings{seer,
  author       = {Xianfan Gu and
                  Chuan Wen and
                  Weirui Ye and
                  Jiaming Song and
                  Yang Gao},
  title        = {Seer: Language Instructed Video Prediction with Latent Diffusion Models},
  booktitle    = {The Twelfth International Conference on Learning Representations,
                  {ICLR} 2024, Vienna, Austria, May 7-11, 2024},
  publisher    = {OpenReview.net},
  year         = {2024},
  url          = {https://openreview.net/forum?id=qHGgNyQk31},
  timestamp    = {Wed, 07 Aug 2024 17:11:53 +0200},
  biburl       = {https://dblp.org/rec/conf/iclr/GuWYS024.bib},
  bibsource    = {dblp computer science bibliography, https://dblp.org}
}

@article{sora_world_model1,
  author       = {Joseph Cho and
                  Fachrina Dewi Puspitasari and
                  Sheng Zheng and
                  Jingyao Zheng and
                  Lik{-}Hang Lee and
                  Tae{-}Ho Kim and
                  Choong Seon Hong and
                  Chaoning Zhang},
  title        = {Sora as an {AGI} World Model? {A} Complete Survey on Text-to-Video
                  Generation},
  journal      = {CoRR},
  volume       = {abs/2403.05131},
  year         = {2024},
  url          = {https://doi.org/10.48550/arXiv.2403.05131},
  doi          = {10.48550/ARXIV.2403.05131},
  eprinttype    = {arXiv},
  eprint       = {2403.05131},
  timestamp    = {Tue, 07 May 2024 20:16:09 +0200},
  biburl       = {https://dblp.org/rec/journals/corr/abs-2403-05131.bib},
  bibsource    = {dblp computer science bibliography, https://dblp.org}
}

@inproceedings{universal_policies,
  author       = {Yilun Du and
                  Sherry Yang and
                  Bo Dai and
                  Hanjun Dai and
                  Ofir Nachum and
                  Josh Tenenbaum and
                  Dale Schuurmans and
                  Pieter Abbeel},
  editor       = {Alice Oh and
                  Tristan Naumann and
                  Amir Globerson and
                  Kate Saenko and
                  Moritz Hardt and
                  Sergey Levine},
  title        = {Learning Universal Policies via Text-Guided Video Generation},
  booktitle    = {Advances in Neural Information Processing Systems 36: Annual Conference
                  on Neural Information Processing Systems 2023, NeurIPS 2023, New Orleans,
                  LA, USA, December 10 - 16, 2023},
  year         = {2023},
  url          = {http://papers.nips.cc/paper\_files/paper/2023/hash/1d5b9233ad716a43be5c0d3023cb82d0-Abstract-Conference.html},
  timestamp    = {Fri, 06 Sep 2024 13:01:00 +0200},
  biburl       = {https://dblp.org/rec/conf/nips/DuY0DN0SA23.bib},
  bibsource    = {dblp computer science bibliography, https://dblp.org}
}

@inproceedings{xskill,
  author       = {Mengda Xu and
                  Zhenjia Xu and
                  Cheng Chi and
                  Manuela Veloso and
                  Shuran Song},
  editor       = {Jie Tan and
                  Marc Toussaint and
                  Kourosh Darvish},
  title        = {XSkill: Cross Embodiment Skill Discovery},
  booktitle    = {Conference on Robot Learning, CoRL 2023, 6-9 November 2023, Atlanta,
                  GA, {USA}},
  series       = {Proceedings of Machine Learning Research},
  volume       = {229},
  pages        = {3536--3555},
  publisher    = {{PMLR}},
  year         = {2023},
  url          = {https://proceedings.mlr.press/v229/xu23a.html},
  timestamp    = {Tue, 20 Feb 2024 17:19:52 +0100},
  biburl       = {https://dblp.org/rec/conf/corl/XuXCVS23.bib},
  bibsource    = {dblp computer science bibliography, https://dblp.org}
}

