@article{Anil2023,
  author={Rohan Anil and Andrew M. Dai and Orhan Firat and Melvin Johnson and Dmitry Lepikhin and Alexandre Passos and Siamak Shakeri and Emanuel Taropa and Paige Bailey and Zhifeng Chen and Eric Chu and Jonathan H. Clark and Laurent El Shafey and Yanping Huang and Kathy Meier-Hellstern and Gaurav Mishra and Erica Moreira and Mark Omernick and Kevin Robinson and Sebastian Ruder and Yi Tay and Kefan Xiao and Yuanzhong Xu and Yujing Zhang and Gustavo Hernandez Abrego and Junwhan Ahn and Jacob Austin and Paul Barham and Jan Botha and James Bradbury and Siddhartha Brahma and Kevin Brooks and Michele Catasta and Yong Cheng and Colin Cherry and Christopher A. Choquette-Choo and Aakanksha Chowdhery and Clément Crepy and Shachi Dave and Mostafa Dehghani and Sunipa Dev and Jacob Devlin and Mark Díaz and Nan Du and Ethan Dyer and Vlad Feinberg and Fangxiaoyu Feng and Vlad Fienber and Markus Freitag and Xavier Garcia and Sebastian Gehrmann and Lucas Gonzalez and Guy Gur-Ari and Steven Hand and Hadi Hashemi and Le Hou and Joshua Howland and Andrea Hu and Jeffrey Hui and Jeremy Hurwitz and Michael Isard and Abe Ittycheriah and Matthew Jagielski and Wenhao Jia and Kathleen Kenealy and Maxim Krikun and Sneha Kudugunta and Chang Lan and Katherine Lee and Benjamin Lee and Eric Li and Music Li and Wei Li and YaGuang Li and Jian Li and Hyeontaek Lim and Hanzhao Lin and Zhongtao Liu and Frederick Liu and Marcello Maggioni and Aroma Mahendru and Joshua Maynez and Vedant Misra and Maysam Moussalem and Zachary Nado and John Nham and Eric Ni and Andrew Nystrom and Alicia Parrish and Marie Pellat and Martin Polacek and Alex Polozov and Reiner Pope and Siyuan Qiao and Emily Reif and Bryan Richter and Parker Riley and Alex Castro Ros and Aurko Roy and Brennan Saeta and Rajkumar Samuel and Renee Shelby and Ambrose Slone and Daniel Smilkov and David R. So and Daniel Sohn and Simon Tokumine and Dasha Valter and Vijay Vasudevan and Kiran Vodrahalli and Xuezhi Wang and Pidong Wang and Zirui Wang and Tao Wang and John Wieting and Yuhuai Wu and Kelvin Xu and Yunhan Xu and Linting Xue and Pengcheng Yin and Jiahui Yu and Qiao Zhang and Steven Zheng and Ce Zheng and Weikang Zhou and Denny Zhou and Slav Petrov and Yonghui Wu},
  journal = {arXiv},
  title   = {{PaLM 2 Technical Report}},
  note    = {\url{https://arxiv.org/abs/2305.10403v3}},
  year    = {2023}
}

@article{Choi2023,
  author  = {Jonathan H. Choi and Kristin E. Hickman and Amy Monahan and Daniel B. Schwarcz},
  title={ChatGPT Goes to Law School},
  journal={Journal of Legal Education},
  volume={71},
  number={3},
  year={2022}
}

@article{Chowdhery2022,
author = {Chowdhery, Aakanksha and Narang, Sharan and Devlin, Jacob and Bosma, Maarten and Mishra, Gaurav and Roberts, Adam and Barham, Paul and Chung, Hyung Won and Sutton, Charles and Gehrmann, Sebastian and Schuh, Parker and Shi, Kensen and Tsvyashchenko, Sashank and Maynez, Joshua and Rao, Abhishek and Barnes, Parker and Tay, Yi and Shazeer, Noam and Prabhakaran, Vinodkumar and Reif, Emily and Du, Nan and Hutchinson, Ben and Pope, Reiner and Bradbury, James and Austin, Jacob and Isard, Michael and Gur-Ari, Guy and Yin, Pengcheng and Duke, Toju and Levskaya, Anselm and Ghemawat, Sanjay and Dev, Sunipa and Michalewski, Henryk and Garcia, Xavier and Misra, Vedant and Robinson, Kevin and Fedus, Liam and Zhou, Denny and Ippolito, Daphne and Luan, David and Lim, Hyeontaek and Zoph, Barret and Spiridonov, Alexander and Sepassi, Ryan and Dohan, David and Agrawal, Shivani and Omernick, Mark and Dai, Andrew M. and Pillai, Thanumalayan Sankaranarayana and Pellat, Marie and Lewkowycz, Aitor and Moreira, Erica and Child, Rewon and Polozov, Oleksandr and Lee, Katherine and Zhou, Zongwei and Wang, Xuezhi and Saeta, Brennan and Diaz, Mark and Firat, Orhan and Catasta, Michele and Wei, Jason and Meier-Hellstern, Kathy and Eck, Douglas and Dean, Jeff and Petrov, Slav and Fiedel, Noah},
title = {{PaLM: scaling language modeling with pathways}},
year = {2023},
issue_date = {January 2023},
publisher = {JMLR.org},
volume = {24},
number = {1},
issn = {1532-4435},
journal = {The Journal of Machine Learning Research},
articleno = {240},
numpages = {113},
keywords = {large language models, few-shot learning, natural language processing, scalable deep learning}
}

@inproceedings{Devlin2018,
  title     = {{BERT: Pre-training of Deep Bidirectional Transformers for Language Understanding}},
  author    = {Devlin, Jacob  and
               Chang, Ming-Wei  and
               Lee, Kenton  and
               Toutanova, Kristina},
  booktitle = {Proceedings of the 2019 Conference of the North {A}merican Chapter of the Association for Computational Linguistics},
  year      = {2019},
  publisher = {Association for Computational Linguistics},
  memo      = {https://aclanthology.org/N19-1423},
  doi       = {10.18653/v1/N19-1423},
  pages     = {4171--4186}
}

@article{Eulerich2023,
  author   = {Marc Eulerich and Aida Sanatizadeh and Hamid Vakilzadeh and David A. Wood},
  doi      = {10.1007/s11142-024-09833-9},
  title    = {{Is it All Hype? ChatGPT’s Performance and Disruptive Potential in the Accounting and Auditing Industries}},
  journal={Review of Accounting Studies},
  volume={29},
  number={3},
  pages={2318--2349},
  year={2024},
  publisher={Springer}
}

@misc{GPT-1,
  title  = {{Improving Language Understanding by Generative Pre-Training}},
  author = {Radford, Alec and Narasimhan, Karthik and Salimans, Tim and Sutskever, Ilya},
  year   = {2018},
  note   = {\url{https://cdn.openai.com/research-covers/language-unsupervised/language_understanding_paper.pdf}}
}

@misc{GPT-2,
  title  = {{Language Models are Unsupervised Multitask Learners}},
  author = {Radford, Alec and Wu, Jeff and Child, Rewon and Luan, David and Amodei, Dario and Sutskever, Ilya},
  year   = {2019},
  note   = {\url{https://cdn.openai.com/better-language-models/language_models_are_unsupervised_multitask_learners.pdf}}
}

@article{GPT-3,
  author    = {Brown, Tom and Mann, Benjamin and others},
  journal   = {Advances in Neural Information Processing Systems},
  pages     = {1877--1901},
  publisher = {Curran Associates, Inc.},
  title     = {{Language Models are Few-Shot Learners}},
  volume    = {33},
  year      = {2020}
}

@article{Iu2023,
  author  = {Kwan Yuen Iu and Vanessa Man-Yi Wong},
  doi     = {10.2139/SSRN.4339839},
  journal = {SSRN Electronic Journal},
  title   = {{ChatGPT by OpenAI: The End of Litigation Lawyers?}},
  note    = {\url{https://papers.ssrn.com/abstract=4339839}},
  year    = {2023}
}

@inproceedings{MT-bench,
 author = {Zheng, Lianmin and Chiang, Wei-Lin and Sheng, Ying and Zhuang, Siyuan and Wu, Zhanghao and Zhuang, Yonghao and Lin, Zi and Li, Zhuohan and Li, Dacheng and Xing, Eric and Zhang, Hao and Gonzalez, Joseph E and Stoica, Ion},
 booktitle = {Advances in Neural Information Processing Systems},
 editor = {A. Oh and T. Naumann and A. Globerson and K. Saenko and M. Hardt and S. Levine},
 pages = {46595--46623},
 publisher = {Curran Associates, Inc.},
 title = {Judging LLM-as-a-Judge with MT-Bench and Chatbot Arena},
 url = {https://proceedings.neurips.cc/paper_files/paper/2023/file/91f18a1287b398d378ef22505bf41832-Paper-Datasets_and_Benchmarks.pdf},
 volume = {36},
 year = {2023}
}

@article{Nori2023,
  author  = {Harsha Nori and Nicholas King and Scott Mayer Mckinney and Dean Carignan and Eric Horvitz},
  title   = {{Capabilities of GPT-4 on Medical Challenge Problems}},
  journal = {arXiv},
  note    = {\url{https://arxiv.org/abs/2303.13375v2}},
  year    = {2023}
}

@article{Touvron2023,
  author  = {Hugo Touvron and Louis Martin and others},
  journal = {arXiv},
  title   = {{Llama 2: Open Foundation and Fine-Tuned Chat Models}},
  note    = {\url{https://arxiv.org/abs/2307.09288v2}},
  year    = {2023}
}

@inproceedings{Vaswani2017,
  author    = {Vaswani, Ashish and Shazeer, Noam and Parmar, Niki and Uszkoreit, Jakob and Jones, Llion and Gomez, Aidan N. and Kaiser, {\L}ukasz and Polosukhin, Illia},
  booktitle = {Advances in Neural Information Processing Systems},
  pages     = {5999--6009},
  title     = {{Attention Is All You Need}},
  volume    = {30},
  year      = {2017}
}

@article{austin2021program,
  title={Program synthesis with large language models},
  author={Austin, Jacob and Odena, Augustus and Nye, Maxwell and Bosma, Maarten and Michalewski, Henryk and Dohan, David and Jiang, Ellen and Cai, Carrie and Terry, Michael and Le, Quoc and others},
  journal={arXiv},
  year={2021},
  note    = {\url{https://arxiv.org/abs/2108.07732}},
}

@misc{bard,
  author = {Google},
  note   = {\url{https://bard.google.com/}},
  title  = {Bard},
  year   = {2023}
}

@article{bojanowski2017enriching,
  title={Enriching Word Vectors with Subword Information},
  author={Bojanowski, Piotr and Grave, Edouard and Joulin, Armand and Mikolov, Tomas},
  journal={Transactions of the Association for Computational Linguistics},
  volume={5},
  year={2017},
  issn={2307-387X},
  pages={135--146}
}

@misc{chatgpt,
  author = {OpenAI},
  note   = {\url{https://openai.com/blog/chatgpt/}},
  title  = {{ChatGPT}},
  year   = {2023}
}

@article{chen2021codex,
  title={Evaluating Large Language Models Trained on Code},
  author={Mark Chen and Jerry Tworek and Heewoo Jun and Qiming Yuan and Henrique Ponde de Oliveira Pinto and Jared Kaplan and Harri Edwards and Yuri Burda and Nicholas Joseph and Greg Brockman and Alex Ray and Raul Puri and Gretchen Krueger and Michael Petrov and Heidy Khlaaf and Girish Sastry and Pamela Mishkin and Brooke Chan and Scott Gray and Nick Ryder and Mikhail Pavlov and Alethea Power and Lukasz Kaiser and Mohammad Bavarian and Clemens Winter and Philippe Tillet and Felipe Petroski Such and Dave Cummings and Matthias Plappert and Fotios Chantzis and Elizabeth Barnes and Ariel Herbert-Voss and William Hebgen Guss and Alex Nichol and Alex Paino and Nikolas Tezak and Jie Tang and Igor Babuschkin and Suchir Balaji and Shantanu Jain and William Saunders and Christopher Hesse and Andrew N. Carr and Jan Leike and Josh Achiam and Vedant Misra and Evan Morikawa and Alec Radford and Matthew Knight and Miles Brundage and Mira Murati and Katie Mayer and Peter Welinder and Bob McGrew and Dario Amodei and Sam McCandlish and Ilya Sutskever and Wojciech Zaremba},
  year={2021},
  eprint={2107.03374},
  archivePrefix={arXiv},
  primaryClass={cs.LG},
  journal={arXiv},
  note    = {\url{https://arxiv.org/abs/2107.03374}},
}

@inproceedings{chiang2023distributional,
  title={The Distributional Hypothesis Does Not Fully Explain the Benefits of Masked Language Model Pretraining},
  author={Chiang, Ting-Rui and Yogatama, Dani},
  booktitle = "Proceedings of the 2023 Conference on Empirical Methods in Natural Language Processing",
    year = "2023",
    address = "Singapore",
    url = "https://aclanthology.org/2023.emnlp-main.637/",
    doi = "10.18653/v1/2023.emnlp-main.637",
    pages = "10305--10321"
}

@inproceedings{chiang2024chatbot,
author = {Chiang, Wei-Lin and Zheng, Lianmin and Sheng, Ying and Angelopoulos, Anastasios N. and Li, Tianle and Li, Dacheng and Zhu, Banghua and Zhang, Hao and Jordan, Michael I. and Gonzalez, Joseph E. and Stoica, Ion},
title = {Chatbot arena: an open platform for evaluating LLMs by human preference},
year = {2024},
booktitle = {Proceedings of the 41st International Conference on Machine Learning},
articleno = {331},
numpages = {30},
location = {Vienna, Austria},
series = {ICML'24}
}

@article{cobbe2021gsm8k,
  title={Training Verifiers to Solve Math Word Problems},
  author={Cobbe, Karl and Kosaraju, Vineet and Bavarian, Mohammad and Chen, Mark and Jun, Heewoo and Kaiser, Lukasz and Plappert, Matthias and Tworek, Jerry and Hilton, Jacob and Nakano, Reiichiro and Hesse, Christopher and Schulman, John},
  journal={arXiv},
  year={2021},
  note={\url{https://arxiv.org/abs/2110.14168}}
}

@misc{dolly,
  author = {Databricks},
  note   = {\url{https://github.com/databrickslabs/dolly}},
  title  = {Dolly},
  year   = {2023}
}

@article{enyan2024llms,
  title={Are LLMs Models of Distributional Semantics? A Case Study on Quantifiers},
  author={Enyan, Zhang and Wang, Zewei and Lepori, Michael A and Pavlick, Ellie and Aparicio, Helena},
  journal={arXiv},
  year={2024},
  note={\url{https://arxiv.org/abs/2410.13984}}
}

@article{eval-harness,
  author    = {Gao, Leo and Tow, Jonathan and Abbasi, Baber and Biderman, Stella and Black, Sid and DiPofi, Anthony and Foster, Charles and Golding, Laurence and Hsu, Jeffrey and Le Noac'h, Alain and Li, Haonan and McDonell, Kyle and Muennighoff, Niklas and Ociepa, Chris and Phang, Jason and Reynolds, Laria and Schoelkopf, Hailey and Skowron, Aviya and Sutawika, Lintang and Tang, Eric and Thite, Anish and Wang, Ben and Wang, Kevin and Zou, Andy},
  title     = {A framework for few-shot language model evaluation},
  year      = 2021,
  journal = {Zenodo},
  version   = {v0.0.1},
  doi       = {10.5281/zenodo.5371628},
  note      = {\url{https://github.com/EleutherAI/lm-evaluation-harness}}
}

@article{harris1954distributional,
author = {Zellig S. Harris},
title = {Distributional Structure},
journal = {WORD},
volume = {10},
number = {2-3},
pages = {146--162},
year = {1954},
publisher = {Routledge},
doi = {10.1080/00437956.1954.11659520},
}

@inproceedings{hendrycksmath2021,
  title={Measuring Mathematical Problem Solving With the MATH Dataset},
  author={Dan Hendrycks and Collin Burns and Saurav Kadavath and Akul Arora and Steven Basart and Eric Tang and Dawn Song and Jacob Steinhardt},
  booktitle={Thirty-fifth Conference on Neural Information Processing Systems},
  year={2021}
}

@inproceedings{hendryckstest2021,
  title={Measuring Massive Multitask Language Understanding},
  author={Dan Hendrycks and Collin Burns and Steven Basart and Andy Zou and Mantas Mazeika and Dawn Song and Jacob Steinhardt},
  booktitle={Proceedings of the International Conference on Learning Representations (ICLR)},
  year={2021}
}

@article{mikolov2013efficient,
  title={Efficient estimation of word representations in vector space},
  author={Mikolov, Tomas},
  journal={arXiv},
  year={2013},
  note={\url{https://arxiv.org/abs/1301.3781}}
}

@inproceedings{rein2023gpqa,
  title={{GPQA: A Graduate-Level Google-Proof Q\&A Benchmark}},
  author={Rein, David and Hou, Betty Li and Stickland, Asa Cooper and Petty, Jackson and Pang, Richard Yuanzhe and Dirani, Julien and Michael, Julian and Bowman, Samuel R},
  booktitle={Proceedings of First Conference on Language Modeling},
  year={2024},
  note={\url{https://openreview.net/forum?id=Ti67584b98}}
}

@article{sarzynska2021detecting,
  title={Detecting formal thought disorder by deep contextualized word representations},
  author={Sarzynska-Wawer, Justyna and Wawer, Aleksander and Pawlak, Aleksandra and Szymanowska, Julia and Stefaniak, Izabela and Jarkiewicz, Michal and Okruszek, Lukasz},
  journal={Psychiatry Research},
  volume={304},
  pages={114135},
  year={2021},
  publisher={Elsevier}
}

@article{scao2022bloom,
  author  = {Scao, Teven Le and Fan, Angela and Akiki, Christopher and Pavlick, Ellie and Ili{\'c}, Suzana and Hesslow, Daniel and Castagn{\'e}, Roman and Luccioni, Alexandra Sasha and Yvon, Fran{\c{c}}ois and Gall{\'e}, Matthias and others},
  journal = {arXiv},
  title   = {{BLOOM: A 176B-Parameter Open-Access Multilingual Language Model}},
  year    = {2022},
  note    = {\url{https://arxiv.org/abs/2211.05100}}
}

@inproceedings{shi2022language,
title={Language models are multilingual chain-of-thought reasoners},
author={Freda Shi and Mirac Suzgun and Markus Freitag and Xuezhi Wang and Suraj Srivats and Soroush Vosoughi and Hyung Won Chung and Yi Tay and Sebastian Ruder and Denny Zhou and Dipanjan Das and Jason Wei},
booktitle={The Eleventh International Conference on Learning Representations },
year={2023},
url={https://openreview.net/forum?id=fR3wGCk-IXp}
}

@article{touvron2023llama,
  author  = {Touvron, Hugo and Lavril, Thibaut and Izacard, Gautier and Martinet, Xavier and Lachaux, Marie-Anne and Lacroix, Timoth{\'e}e and Rozi{\`e}re, Baptiste and Goyal, Naman and Hambro, Eric and Azhar, Faisal and others},
  journal = {arXiv},
  title   = {{LLaMA: Open and Efficient Foundation Language Models}},
  year    = {2023},
  note    = {\url{https://arxiv.org/abs/2302.13971}}
}

@misc{vicuna,
  author = {Vicuna},
  note   = {\url{https://vicuna.lmsys.org/}},
  title  = {{Vicuna: An Open-Source Chatbot Impressing GPT-4 with 90\%* ChatGPT Quality}},
  year   = {2023}
}

@inproceedings{wang2024mmlu,
  title={Mmlu-pro: A more robust and challenging multi-task language understanding benchmark},
  author={Wang, Yubo and Ma, Xueguang and Zhang, Ge and Ni, Yuansheng and Chandra, Abhranil and Guo, Shiguang and Ren, Weiming and Arulraj, Aaran and He, Xuan and Jiang, Ziyan and others},
  booktitle={Proceedings of Conference on Neural Information Processing Systems},
  note={\url{https://openreview.net/forum?id=fR3wGCk-IXp}},
  year={2024}
}

