@INPROCEEDINGS{10342382,
  author={Carvalho, Jo√£o and Le, An T. and Baierl, Mark and Koert, Dorothea and Peters, Jan},
  booktitle={2023 IEEE/RSJ International Conference on Intelligent Robots and Systems (IROS)}, 
  title={Motion Planning Diffusion: Learning and Planning of Robot Motions with Diffusion Models}, 
  year={2023},
  volume={},
  number={},
  pages={1916-1923},
  keywords={Robot motion;Noise reduction;Manipulators;Planning;Task analysis;Trajectory optimization;Intelligent robots},
  doi={10.1109/IROS55552.2023.10342382}}

@inproceedings{Ze2024DP3,
	title={3D Diffusion Policy: Generalizable Visuomotor Policy Learning via Simple 3D Representations},
	author={Yanjie Ze and Gu Zhang and Kangning Zhang and Chenyuan Hu and Muhan Wang and Huazhe Xu},
	booktitle={Proceedings of Robotics: Science and Systems (RSS)},
	year={2024}
}

@article{bastek2024physics,
  title={Physics-Informed Diffusion Models},
  author={Bastek, Jan-Hendrik and Sun, WaiChing and Kochmann, Dennis M},
  journal={arXiv preprint arXiv:2403.14404},
  year={2024}
}

@article{chi2023diffusion,
  title={Diffusion policy: Visuomotor policy learning via action diffusion},
  author={Chi, Cheng and Xu, Zhenjia and Feng, Siyuan and Cousineau, Eric and Du, Yilun and Burchfiel, Benjamin and Tedrake, Russ and Song, Shuran},
  journal={The International Journal of Robotics Research},
  pages={02783649241273668},
  year={2023},
  publisher={SAGE Publications Sage UK: London, England}
}

@inproceedings{christopher2024constrained,
  title={Constrained Synthesis with Projected Diffusion Models},
  author={Christopher, Jacob K and Baek, Stephen and Fioretto, Ferdinando},
  booktitle={The Thirty-eighth Annual Conference on Neural Information Processing Systems},
  year={2024}
}

@article{giannone2023aligning,
  title={Aligning optimization trajectories with diffusion models for constrained design generation},
  author={Giannone, Giorgio and Srivastava, Akash and Winther, Ole and Ahmed, Faez},
  journal={Advances in Neural Information Processing Systems},
  volume={36},
  pages={51830--51861},
  year={2023}
}

@article{ho2022classifier,
  title={Classifier-free diffusion guidance},
  author={Ho, Jonathan and Salimans, Tim},
  journal={arXiv preprint arXiv:2207.12598},
  year={2022}
}

@inproceedings{liang2023adaptdiffuser,
  title={AdaptDiffuser: Diffusion Models as Adaptive Self-evolving Planners},
  author={Liang, Zhixuan and Mu, Yao and Ding, Mingyu and Ni, Fei and Tomizuka, Masayoshi and Luo, Ping},
  booktitle={International Conference on Machine Learning},
  pages={20725--20745},
  year={2023},
  organization={PMLR}
}

@inproceedings{maze2023diffusion,
  title={Diffusion models beat gans on topology optimization},
  author={Maz{\'e}, Fran{\c{c}}ois and Ahmed, Faez},
  booktitle={Proceedings of the AAAI conference on artificial intelligence},
  volume={37},
  number={8},
  pages={9108--9116},
  year={2023}
}

@article{mizuta2024cobl,
  title={CoBL-Diffusion: Diffusion-Based Conditional Robot Planning in Dynamic Environments Using Control Barrier and Lyapunov Functions},
  author={Mizuta, Kazuki and Leung, Karen},
  journal={arXiv preprint arXiv:2406.05309},
  year={2024}
}

@article{romer2024diffusion,
  title={Diffusion Predictive Control with Constraints},
  author={R{\"o}mer, Ralf and von Rohr, Alexander and Schoellig, Angela P},
  journal={arXiv preprint arXiv:2412.09342},
  year={2024}
}

@inproceedings{tatiya2023transferring,
  title={Transferring implicit knowledge of non-visual object properties across heterogeneous robot morphologies},
  author={Tatiya, Gyan and Francis, Jonathan and Sinapov, Jivko},
  booktitle={2023 IEEE International Conference on Robotics and Automation (ICRA)},
  pages={11315--11321},
  year={2023},
  organization={IEEE}
}

@article{wang2024cross,
  title={Cross-Embodiment Robot Manipulation Skill Transfer using Latent Space Alignment},
  author={Wang, Tianyu and Bhatt, Dwait and Wang, Xiaolong and Atanasov, Nikolay},
  journal={arXiv preprint arXiv:2406.01968},
  year={2024}
}

@inproceedings{yuan2023physdiff,
  title={Physdiff: Physics-guided human motion diffusion model},
  author={Yuan, Ye and Song, Jiaming and Iqbal, Umar and Vahdat, Arash and Kautz, Jan},
  booktitle={Proceedings of the IEEE/CVF international conference on computer vision},
  pages={16010--16021},
  year={2023}
}

@inproceedings{zakka2022xirl,
  title={Xirl: Cross-embodiment inverse reinforcement learning},
  author={Zakka, Kevin and Zeng, Andy and Florence, Pete and Tompson, Jonathan and Bohg, Jeannette and Dwibedi, Debidatta},
  booktitle={Conference on Robot Learning},
  pages={537--546},
  year={2022},
  organization={PMLR}
}

