
@INPROCEEDINGS{10341769,
  author={Yao, Xiangtong and Bing, Zhenshan and Zhuang, Genghang and Chen, Kejia and Zhou, Hongkuan and Huang, Kai and Knoll, Alois},
  booktitle={2023 IEEE/RSJ International Conference on Intelligent Robots and Systems (IROS)}, 
  title={Learning from Symmetry: Meta-Reinforcement Learning with Symmetrical Behaviors and Language Instructions}, 
  year={2023},
  volume={},
  number={},
  pages={5574-5581},
  keywords={Learning systems;Multitasking;Behavioral sciences;Task analysis;Intelligent robots;Videos},}

@ARTICLE{10685120,
  author={Zhou, Hongkuan and Bing, Zhenshan and Yao, Xiangtong and Su, Xiaojie and Yang, Chenguang and Huang, Kai and Knoll, Alois},
  journal={IEEE Robotics and Automation Letters}, 
  title={Language-Conditioned Imitation Learning With Base Skill Priors Under Unstructured Data}, 
  year={2024},
  volume={9},
  number={11},
  pages={9805-9812},
  keywords={Imitation learning;Robots;Grasping;Training;Data models;Training data;Predictive models;Imitation learning;robotic manipulation},}

@INPROCEEDINGS{10160626,
  author={Bing, Zhenshan and Koch, Alexander and Yao, Xiangtong and Huang, Kai and Knoll, Alois},
  booktitle={2023 IEEE International Conference on Robotics and Automation (ICRA)}, 
  title={Meta-Reinforcement Learning via Language Instructions}, 
  year={2023},
  volume={},
  number={},
  pages={5985-5991},
  keywords={Training;Robot motion;Deep learning;Shape;Natural languages;Reinforcement learning;Encoding},}


@article{migimatsu2020object,
  title={Object-centric task and motion planning in dynamic environments},
  author={Migimatsu, Toki and Bohg, Jeannette},
  journal={IEEE Robotics and Automation Letters},
  volume={5},
  number={2},
  pages={844--851},
  year={2020},
  publisher={IEEE}
}

@ARTICLE{9131812,
  author={Mitash, Chaitanya and Shome, Rahul and Wen, Bowen and Boularias, Abdeslam and Bekris, Kostas},
  journal={IEEE Robotics and Automation Letters}, 
  title={Task-Driven Perception and Manipulation for Constrained Placement of Unknown Objects}, 
  year={2020},
  volume={5},
  number={4},
  pages={5605-5612},
  keywords={Robot sensing systems;Task analysis;Planning;Shape;Pipelines;Perception for grasping and manipulation;manipulation planning;dual arm manipulation},}

@inproceedings{zeng2021transporter,
  title={Transporter networks: Rearranging the visual world for robotic manipulation},
  author={Zeng, Andy and Florence, Pete and Tompson, Jonathan and Welker, Stefan and Chien, Jonathan and Attarian, Maria and Armstrong, Travis and Krasin, Ivan and Duong, Dan and Sindhwani, Vikas and others},
  booktitle={Conference on Robot Learning},
  pages={726--747},
  year={2021},
  organization={PMLR}
}

@article{di2023one,
  title={One-shot imitation learning with Graph Neural Networks for Pick-and-Place manipulation tasks},
  author={Di Felice, Francesco and D'Avella, Salvatore and Remus, Alberto and Tripicchio, Paolo and Avizzano, Carlo Alberto},
  journal={IEEE Robotics and Automation Letters},
  year={2023},
  publisher={IEEE}
}

@ARTICLE{10202179,
  author={Deng, Jieren and Zhang, Haojian and Hu, Jianhua and Zhang, Xingxuan and Wang, Yunkuan},
  journal={IEEE Robotics and Automation Letters}, 
  title={Class Incremental Robotic Pick-and-Place via Incremental Few-Shot Object Detection}, 
  year={2023},
  volume={8},
  number={9},
}

@inproceedings{
wang2024scaling,
title={Scaling Proprioceptive-Visual Learning with Heterogeneous Pre-trained Transformers},
author={Lirui Wang and Xinlei Chen and Jialiang Zhao and Kaiming He},
booktitle={The Thirty-eighth Annual Conference on Neural Information Processing Systems},
year={2024}
}

@article{wang2024cross,
  title={Cross-Embodiment Robot Manipulation Skill Transfer using Latent Space Alignment},
  author={Wang, Tianyu and Bhatt, Dwait and Wang, Xiaolong and Atanasov, Nikolay},
  journal={arXiv preprint arXiv:2406.01968},
  year={2024}
}

@article{chi2023diffusion,
  title={Diffusion policy: Visuomotor policy learning via action diffusion},
  author={Chi, Cheng and Xu, Zhenjia and Feng, Siyuan and Cousineau, Eric and Du, Yilun and Burchfiel, Benjamin and Tedrake, Russ and Song, Shuran},
  journal={The International Journal of Robotics Research},
  pages={02783649241273668},
  year={2023},
  publisher={SAGE Publications Sage UK: London, England}
}



@inproceedings{Ze2024DP3,
	title={3D Diffusion Policy: Generalizable Visuomotor Policy Learning via Simple 3D Representations},
	author={Yanjie Ze and Gu Zhang and Kangning Zhang and Chenyuan Hu and Muhan Wang and Huazhe Xu},
	booktitle={Proceedings of Robotics: Science and Systems (RSS)},
	year={2024}
}

@inproceedings{zakka2022xirl,
  title={Xirl: Cross-embodiment inverse reinforcement learning},
  author={Zakka, Kevin and Zeng, Andy and Florence, Pete and Tompson, Jonathan and Bohg, Jeannette and Dwibedi, Debidatta},
  booktitle={Conference on Robot Learning},
  pages={537--546},
  year={2022},
  organization={PMLR}
}

@inproceedings{tatiya2023transferring,
  title={Transferring implicit knowledge of non-visual object properties across heterogeneous robot morphologies},
  author={Tatiya, Gyan and Francis, Jonathan and Sinapov, Jivko},
  booktitle={2023 IEEE International Conference on Robotics and Automation (ICRA)},
  pages={11315--11321},
  year={2023},
  organization={IEEE}
}

@inproceedings{
    reuss2023goal,
    title={Goal Conditioned Imitation Learning using Score-based Diffusion Policies},
    author={Reuss, Moritz and Li, Maximilian and Jia, Xiaogang and Lioutikov, Rudolf},
    booktitle={Robotics: Science and Systems},
    year={2023}
}

@INPROCEEDINGS{10342382,
  author={Carvalho, Jo√£o and Le, An T. and Baierl, Mark and Koert, Dorothea and Peters, Jan},
  booktitle={2023 IEEE/RSJ International Conference on Intelligent Robots and Systems (IROS)}, 
  title={Motion Planning Diffusion: Learning and Planning of Robot Motions with Diffusion Models}, 
  year={2023},
  volume={},
  number={},
  pages={1916-1923},
  keywords={Robot motion;Noise reduction;Manipulators;Planning;Task analysis;Trajectory optimization;Intelligent robots},
  doi={10.1109/IROS55552.2023.10342382}}

@article{mizuta2024cobl,
  title={CoBL-Diffusion: Diffusion-Based Conditional Robot Planning in Dynamic Environments Using Control Barrier and Lyapunov Functions},
  author={Mizuta, Kazuki and Leung, Karen},
  journal={arXiv preprint arXiv:2406.05309},
  year={2024}
}

@article{bastek2024physics,
  title={Physics-Informed Diffusion Models},
  author={Bastek, Jan-Hendrik and Sun, WaiChing and Kochmann, Dennis M},
  journal={arXiv preprint arXiv:2403.14404},
  year={2024}
}

@inproceedings{liang2023adaptdiffuser,
  title={AdaptDiffuser: Diffusion Models as Adaptive Self-evolving Planners},
  author={Liang, Zhixuan and Mu, Yao and Ding, Mingyu and Ni, Fei and Tomizuka, Masayoshi and Luo, Ping},
  booktitle={International Conference on Machine Learning},
  pages={20725--20745},
  year={2023},
  organization={PMLR}
}

@inproceedings{
venkatraman2024reasoning,
title={Reasoning with Latent Diffusion in Offline Reinforcement Learning},
author={Siddarth Venkatraman and Shivesh Khaitan and Ravi Tej Akella and John Dolan and Jeff Schneider and Glen Berseth},
booktitle={The Twelfth International Conference on Learning Representations},
year={2024}
}

@article{ho2022classifier,
  title={Classifier-free diffusion guidance},
  author={Ho, Jonathan and Salimans, Tim},
  journal={arXiv preprint arXiv:2207.12598},
  year={2022}
}


@inproceedings{yuan2023physdiff,
  title={Physdiff: Physics-guided human motion diffusion model},
  author={Yuan, Ye and Song, Jiaming and Iqbal, Umar and Vahdat, Arash and Kautz, Jan},
  booktitle={Proceedings of the IEEE/CVF international conference on computer vision},
  pages={16010--16021},
  year={2023}
}

@inproceedings{christopher2024constrained,
  title={Constrained Synthesis with Projected Diffusion Models},
  author={Christopher, Jacob K and Baek, Stephen and Fioretto, Ferdinando},
  booktitle={The Thirty-eighth Annual Conference on Neural Information Processing Systems},
  year={2024}
}

@inproceedings{maze2023diffusion,
  title={Diffusion models beat gans on topology optimization},
  author={Maz{\'e}, Fran{\c{c}}ois and Ahmed, Faez},
  booktitle={Proceedings of the AAAI conference on artificial intelligence},
  volume={37},
  number={8},
  pages={9108--9116},
  year={2023}
}

@article{giannone2023aligning,
  title={Aligning optimization trajectories with diffusion models for constrained design generation},
  author={Giannone, Giorgio and Srivastava, Akash and Winther, Ole and Ahmed, Faez},
  journal={Advances in Neural Information Processing Systems},
  volume={36},
  pages={51830--51861},
  year={2023}
}

@article{romer2024diffusion,
  title={Diffusion Predictive Control with Constraints},
  author={R{\"o}mer, Ralf and von Rohr, Alexander and Schoellig, Angela P},
  journal={arXiv preprint arXiv:2412.09342},
  year={2024}
}

@article{ho2020denoising,
  title={Denoising diffusion probabilistic models},
  author={Ho, Jonathan and Jain, Ajay and Abbeel, Pieter},
  journal={Advances in neural information processing systems},
  volume={33},
  pages={6840--6851},
  year={2020}
}

@article{liu2023towards,
  title={Towards out-of-distribution generalization: A survey},
  author={Liu, Jiashuo and Shen, Zheyan and He, Yue and Zhang, Xingxuan and Xu, Renzhe and Yu, Han and Cui, Peng},
  journal={arXiv preprint arXiv:2108.13624},
  year={2023}
}

@article{morrison2020learning,
  title={Learning robust, real-time, reactive robotic grasping},
  author={Morrison, Douglas and Corke, Peter and Leitner, J{\"u}rgen},
  journal={The International journal of robotics research},
  volume={39},
  number={2-3},
  pages={183--201},
  year={2020},
  publisher={SAGE Publications Sage UK: London, England}
}



@article{lenz2015deep,
  title={Deep learning for detecting robotic grasps},
  author={Lenz, Ian and Lee, Honglak and Saxena, Ashutosh},
  journal={The International Journal of Robotics Research},
  volume={34},
  number={4-5},
  pages={705--724},
  year={2015},
  publisher={SAGE Publications Sage UK: London, England}
}

@inproceedings{
song2021denoising,
title={Denoising Diffusion Implicit Models},
author={Jiaming Song and Chenlin Meng and Stefano Ermon},
booktitle={International Conference on Learning Representations},
year={2021},
}

@article{meng2025preserving,
  title={Preserving and combining knowledge in robotic lifelong reinforcement learning},
  author={Meng, Yuan and Bing, Zhenshan and Yao, Xiangtong and Chen, Kejia and Huang, Kai and Gao, Yang and Sun, Fuchun and Knoll, Alois},
  journal={Nature Machine Intelligence},
  pages={1--14},
  year={2025},
  publisher={Nature Publishing Group UK London}
}

@ARTICLE{10582538,
  author={Wang, Xianli and Xu, Qingsong},
  journal={IEEE Transactions on Robotics}, 
  title={Transferring Grasping Across Grippers: Learning‚ÄìOptimization Hybrid Framework for Generalized Planar Grasp Generation}, 
  year={2024},
  volume={40},
  number={},
  pages={3388-3405},
  keywords={Grippers;Grasping;Optimization;Adaptation models;Visualization;Robot kinematics;Probability;Grasp synthesis;learning-based grasping;multigripper grasping;optimization},}

@inproceedings{finn2017model,
  title={Model-agnostic meta-learning for fast adaptation of deep networks},
  author={Finn, Chelsea and Abbeel, Pieter and Levine, Sergey},
  booktitle={International conference on machine learning},
  pages={1126--1135},
  year={2017},
  organization={PMLR}
}

@inproceedings{rakelly2019efficient,
  title={Efficient off-policy meta-reinforcement learning via probabilistic context variables},
  author={Rakelly, Kate and Zhou, Aurick and Finn, Chelsea and Levine, Sergey and Quillen, Deirdre},
  booktitle={International conference on machine learning},
  pages={5331--5340},
  year={2019},
  organization={PMLR}
}

@misc{wang2023metareinforcement,
      title={Meta-Reinforcement Learning Based on Self-Supervised Task Representation Learning}, 
      author={Mingyang Wang and Zhenshan Bing and Xiangtong Yao and Shuai Wang and Hang Su and Chenguang Yang and Kai Huang and Alois Knoll},
      year={2023},
      eprint={2305.00286},
      archivePrefix={arXiv},
      primaryClass={cs.LG}
}

@misc{bing2023diva,
      title={DIVA: A Dirichlet Process Based Incremental Deep Clustering Algorithm via Variational Auto-Encoder}, 
      author={Zhenshan Bing and Yuan Meng and Yuqi Yun and Hang Su and Xiaojie Su and Kai Huang and Alois Knoll},
      year={2023},
      eprint={2305.14067},
      archivePrefix={arXiv},
      primaryClass={cs.LG}
}

@ARTICLE{9804728,
  author={Bing, Zhenshan and Lerch, David and Huang, Kai and Knoll, Alois},
  journal={IEEE Transactions on Pattern Analysis and Machine Intelligence}, 
  title={Meta-Reinforcement Learning in Non-Stationary and Dynamic Environments}, 
  year={2023},
  volume={45},
  number={3},
  pages={3476-3491},
  doi={10.1109/TPAMI.2022.3185549}}


@inproceedings{co2018guiding,
title={Guiding Policies with Language via Meta-Learning},
author={John D Co-Reyes and Abhishek Gupta and Suvansh Sanjeev and Nick Altieri and John DeNero and Pieter Abbeel and Sergey Levine},
booktitle={International Conference on Learning Representations},
year={2019},
}


@inproceedings{Million,
	author = {Bing, Zhenshan and Koch, Alexander and Yao, Xiangtong and Huang, Kai and Knoll, Alois},
	title = {Meta-Reinforcement Learning via Language Instructions.},
	booktitle = {2023 IEEE International Conference on Robotics and Automation(ICRA)},
	year = {2023},
	month = {May},
	url = {https://arxiv.org/abs/2209.04924},
}

@book{finn2018learning,
  title={Learning to learn with gradients},
  author={Finn, Chelsea B},
  year={2018},
  publisher={University of California, Berkeley}
}

@article{luketina2019survey,
  title={A survey of reinforcement learning informed by natural language},
  author={Luketina, Jelena and Nardelli, Nantas and Farquhar, Gregory and Foerster, Jakob and Andreas, Jacob and Grefenstette, Edward and Whiteson, Shimon and Rockt{\"a}schel, Tim},
  journal={arXiv preprint arXiv:1906.03926},
  year={2019}
}

@inproceedings{goyal2021pixl2r,
  title={Pixl2r: Guiding reinforcement learning using natural language by mapping pixels to rewards},
  author={Goyal, Prasoon and Niekum, Scott and Mooney, Raymond},
  booktitle={Conference on Robot Learning},
  pages={485--497},
  year={2021},
  organization={PMLR}
}

@inproceedings{jang2022bc,
  title={Bc-z: Zero-shot task generalization with robotic imitation learning},
  author={Jang, Eric and Irpan, Alex and Khansari, Mohi and Kappler, Daniel and Ebert, Frederik and Lynch, Corey and Levine, Sergey and Finn, Chelsea},
  booktitle={Conference on Robot Learning},
  pages={991--1002},
  year={2022},
  organization={PMLR}
}

@ARTICLE{9772990,
  author={Bing, Zhenshan and Zhou, Hongkuan and Li, Rui and Su, Xiaojie and Morin, Fabrice O. and Huang, Kai and Knoll, Alois},
  journal={IEEE Transactions on Industrial Electronics},
  title={Solving Robotic Manipulation With Sparse Reward Reinforcement Learning Via Graph-Based Diversity and Proximity},
  year={2023},
  volume={70},
  number={3},
  pages={2759-2769},
  doi={10.1109/TIE.2022.3172754}}
  
 @ARTICLE{9466373,
  author={Bing, Zhenshan and Brucker, Matthias and Morin, Fabrice O. and Li, Rui and Su, Xiaojie and Huang, Kai and Knoll, Alois},
  journal={IEEE Transactions on Neural Networks and Learning Systems},
  title={Complex Robotic Manipulation via Graph-Based Hindsight Goal Generation},
  year={2022},
  volume={33},
  number={12},
  pages={7863-7876},
  doi={10.1109/TNNLS.2021.3088947}}

@inproceedings{shridhar2022cliport,
  title={Cliport: What and where pathways for robotic manipulation},
  author={Shridhar, Mohit and Manuelli, Lucas and Fox, Dieter},
  booktitle={Conference on Robot Learning},
  pages={894--906},
  year={2022},
  organization={PMLR}
}

@misc{zhou2023languageconditioned,
      title={Language-Conditioned Imitation Learning with Base Skill Priors under Unstructured Data}, 
      author={Hongkuan Zhou and Zhenshan Bing and Xiangtong Yao and Xiaojie Su and Chenguang Yang and Kai Huang and Alois Knoll},
      year={2023},
      eprint={2305.19075},
      archivePrefix={arXiv},
      primaryClass={cs.RO}
}

@article{bing2022TPAMI,
	author = {Bing, Zhenshan and Lerch, David and Huang, Kai and Knoll, Alois},
	title = {Meta-Reinforcement Learning in Non-Stationary and Dynamic Environments},
	journal = {IEEE Transactions on Pattern Analysis and Machine Intelligence},
	year = {2022},
	pages = {1-17},
	doi = {10.1109/tpami.2022.3185549},
}

@article{wang2016learning,
  title={Learning to reinforcement learn},
  author={Wang, Jane X and Kurth-Nelson, Zeb and Tirumala, Dhruva and Soyer, Hubert and Leibo, Joel Z and Munos, Remi and Blundell, Charles and Kumaran, Dharshan and Botvinick, Matt},
  journal={arXiv preprint arXiv:1611.05763},
  year={2016}
}



@article{symmetryinfant,
 ISSN = {00093920, 14678624},
 abstract = {This study examined whether infants can discriminate form on the basis of symmetrical organization when other stimulus factors are equated. 48 4-month-olds were tested in a habituation-dishabituation discrimination paradigm using vertically symmetrical, horizontally symmetrical, and asymmetrical forms. Infants discriminated vertically symmetrical forms from asymmetrical and from horizontally symmetrical ones, but they did not discriminate horizontally symmetrical forms from asymmetrical ones, nor did they discriminate asymmetrical forms from one another. This pattern of results suggests that the global organization embodied in vertical symmetry promotes perceptual discrimination. 12 additional 4-month-olds were habituated and tested with 2 vertical patterns. Their failure to demonstrate a reliable pattern of dishabituation suggests that babies respond to goodness of organization rather than to details unique to particular symmetrical patterns.},
 author = {Celia B. Fisher and Kay Ferdinandsen and Marc H. Bornstein},
 journal = {Child Development},
 number = {2},
 pages = {457--462},
 publisher = {[Wiley, Society for Research in Child Development]},
 title = {The Role of Symmetry in Infant Form Discrimination},
 urldate = {2022-08-28},
 volume = {52},
 year = {1981}
}

@article{PORNSTEIN19851,
title = {Perception of symmetry in infancy: The salience of vertical symmetry and the perception of pattern wholes},
journal = {Journal of Experimental Child Psychology},
volume = {},
number = {},
pages = {},
year = {1985},
issn = {0022-0965},
doi = {https://doi.org/10.1016/0022-0965(85)90026-8},
author = {Marc H Pornstein and Sharon J Krinsky},
}


@article{raileanu2021automatic,
  title={Automatic data augmentation for generalization in reinforcement learning},
  author={Raileanu, Roberta and Goldstein, Maxwell and Yarats, Denis and Kostrikov, Ilya and Fergus, Rob},
  journal={Advances in Neural Information Processing Systems},
  volume={34},
  pages={5402--5415},
  year={2021}
}

@inproceedings{yu2020meta,
  title={Meta-world: A benchmark and evaluation for multi-task and meta reinforcement learning},
  author={Yu, Tianhe and Quillen, Deirdre and He, Zhanpeng and Julian, Ryan and Hausman, Karol and Finn, Chelsea and Levine, Sergey},
  booktitle={Conference on robot learning},
  pages={1094--1100},
  year={2020},
  organization={PMLR}
}

@inproceedings{cohen2016group,
  title={Group equivariant convolutional networks},
  author={Cohen, Taco and Welling, Max},
  booktitle={International conference on machine learning},
  pages={2990--2999},
  year={2016},
  organization={PMLR}
}


@article{lin2020invariant,
  title={Invariant transform experience replay: Data augmentation for deep reinforcement learning},
  author={Lin, Yijiong and Huang, Jiancong and Zimmer, Matthieu and Guan, Yisheng and Rojas, Juan and Weng, Paul},
  journal={IEEE Robotics and Automation Letters},
  volume={5},
  number={4},
  pages={6615--6622},
  year={2020},
  publisher={IEEE}
}

@article{mahajan2017symmetry,
  title={Symmetry learning for function approximation in reinforcement learning},
  author={Mahajan, Anuj and Tulabandhula, Theja},
  journal={arXiv preprint arXiv:1706.02999},
  year={2017}
}

@article{van2020mdp,
  title={MDP homomorphic networks: Group symmetries in reinforcement learning},
  author={van der Pol, Elise and Worrall, Daniel and van Hoof, Herke and Oliehoek, Frans and Welling, Max},
  journal={Advances in Neural Information Processing Systems},
  volume={33},
  pages={4199--4210},
  year={2020}
}


@inproceedings{agostini2009exploiting,
  title={Exploiting domain symmetries in reinforcement learning with continuous state and action spaces},
  author={Agostini, Alejandro and Celaya, Enric},
  booktitle={2009 International Conference on Machine Learning and Applications},
  pages={331--336},
  year={2009},
  organization={IEEE}
}

@inproceedings{
zhou2020meta,
title={Meta-learning Symmetries by Reparameterization},
author={Allan Zhou and Tom Knowles and Chelsea Finn},
booktitle={International Conference on Learning Representations},
year={2021},
}

@inproceedings{kirsch2022introducing,
  title={Introducing symmetries to black box meta reinforcement learning},
  author={Kirsch, Louis and Flennerhag, Sebastian and van Hasselt, Hado and Friesen, Abram and Oh, Junhyuk and Chen, Yutian},
  booktitle={Proceedings of the AAAI Conference on Artificial Intelligence},
  volume={36},
  number={7},
  pages={7202--7210},
  year={2022}
}


@inproceedings{dieleman2016exploiting,
  title={Exploiting cyclic symmetry in convolutional neural networks},
  author={Dieleman, Sander and De Fauw, Jeffrey and Kavukcuoglu, Koray},
  booktitle={International conference on machine learning},
  pages={1889--1898},
  year={2016},
  organization={PMLR}
}

@article{gens2014deep,
  title={Deep symmetry networks},
  author={Gens, Robert and Domingos, Pedro M},
  journal={Advances in neural information processing systems},
  volume={27},
  year={2014}
}

@inproceedings{zinkevich2001symmetry,
  title={Symmetry in Markov decision processes and its implications for single agent and multi agent learning},
  author={Zinkevich, Martin and Balch, Tucker},
  booktitle={In Proceedings of the 18th International Conference on Machine Learning},
  year={2001},
  organization={Citeseer}
}

@inproceedings{todorov2012mujoco,
  title={Mujoco: A physics engine for model-based control},
  author={Todorov, Emanuel and Erez, Tom and Tassa, Yuval},
  booktitle={2012 IEEE/RSJ international conference on intelligent robots and systems},
  pages={5026--5033},
  year={2012},
  organization={IEEE}
}

@article{huisman2021survey,
  title={A survey of deep meta-learning},
  author={Huisman, Mike and Van Rijn, Jan N and Plaat, Aske},
  journal={Artificial Intelligence Review},
  volume={54},
  number={6},
  pages={4483--4541},
  year={2021},
  publisher={Springer}
}

@inproceedings{
fu2017learning,
title={Learning Robust Rewards with Adverserial Inverse Reinforcement Learning},
author={Justin Fu and Katie Luo and Sergey Levine},
booktitle={International Conference on Learning Representations},
year={2018},
}

@inproceedings{zhou2019watch,
title={Watch, Try, Learn: Meta-Learning from Demonstrations and Rewards},
author={Allan Zhou and Eric Jang and Daniel Kappler and Alex Herzog and Mohi Khansari and Paul Wohlhart and Yunfei Bai and Mrinal Kalakrishnan and Sergey Levine and Chelsea Finn},
booktitle={International Conference on Learning Representations},
year={2020},
}

@article{song2019v,
  title={V-mpo: On-policy maximum a posteriori policy optimization for discrete and continuous control},
  author={Song, H Francis and Abdolmaleki, Abbas and Springenberg, Jost Tobias and Clark, Aidan and Soyer, Hubert and Rae, Jack W and Noury, Seb and Ahuja, Arun and Liu, Siqi and Tirumala, Dhruva and others},
  journal={arXiv preprint arXiv:1909.12238},
  year={2019}
}

@article{rae2019compressive,
  title={Compressive transformers for long-range sequence modelling},
  author={Rae, Jack W and Potapenko, Anna and Jayakumar, Siddhant M and Lillicrap, Timothy P},
  journal={arXiv preprint arXiv:1911.05507},
  year={2019}
}

@inproceedings{joshi2018extending,
    title = "Extending a Parser to Distant Domains Using a Few Dozen Partially Annotated Examples",
    author = "Joshi, Vidur  and
      Peters, Matthew  and
      Hopkins, Mark",
    booktitle = "Association for Computational Linguistics",
    month = jul,
    year = "2018",
    address = "Melbourne, Australia",
    doi = "10.18653/v1/P18-1110",
    pages = "",
    abstract = "We revisit domain adaptation for parsers in the neural era. First we show that recent advances in word representations greatly diminish the need for domain adaptation when the target domain is syntactically similar to the source domain. As evidence, we train a parser on the Wall Street Journal alone that achieves over 90{\%} F1 on the Brown corpus. For more syntactically distant domains, we provide a simple way to adapt a parser using only dozens of partial annotations. For instance, we increase the percentage of error-free geometry-domain parses in a held-out set from 45{\%} to 73{\%} using approximately five dozen training examples. In the process, we demonstrate a new state-of-the-art single model result on the Wall Street Journal test set of 94.3{\%}. This is an absolute increase of 1.7{\%} over the previous state-of-the-art of 92.6{\%}.",
}

@article{miller1995wordnet,
  title={WordNet: a lexical database for English},
  author={Miller, George A},
  journal={Communications of the ACM},
  volume={38},
  number={11},
  pages={39--41},
  year={1995},
  publisher={ACM New York, NY, USA}
}

@misc{garage,
 author = {The garage contributors},
 title = {Garage: A toolkit for reproducible reinforcement learning research},
 year = {2019},
 publisher = {GitHub},
 journal = {GitHub repository},
 howpublished = {\url{https://github.com/rlworkgroup/garage}},
 commit = {be070842071f736eb24f28e4b902a9f144f5c97b}
}
