@article{yang2024qwen2,
  title={Qwen2. 5 Technical Report},
  author={Yang, An and Yang, Baosong and Zhang, Beichen and Hui, Binyuan and Zheng, Bo and Yu, Bowen and Li, Chengyuan and Liu, Dayiheng and Huang, Fei and Wei, Haoran and others},
  journal={arXiv:2412.15115},
  year={2024}
}
@article{raffel2020exploring,
  title={Exploring the limits of transfer learning with a unified text-to-text transformer},
  author={Raffel, Colin and Shazeer, Noam and Roberts, Adam and Lee, Katherine and Narang, Sharan and Matena, Michael and Zhou, Yanqi and Li, Wei and Liu, Peter J},
  journal={JMLR},
  volume={21},
  number={140},
  pages={1--67},
  year={2020}
}
@article{wang2024automated,
  title={Automated disentangled sequential recommendation with large language models},
  author={Wang, Xin and Chen, Hong and Pan, Zirui and Zhou, Yuwei and Guan, Chaoyu and Sun, Lifeng and Zhu, Wenwu},
  journal={TOIS},
  year={2024},
  publisher={ACM}
}
@inproceedings{wang2024content,
  title={Content-Based Collaborative Generation for Recommender Systems},
  author={Wang, Yidan and Ren, Zhaochun and Sun, Weiwei and Yang, Jiyuan and Liang, Zhixiang and Chen, Xin and Xie, Ruobing and Yan, Su and Zhang, Xu and Ren, Pengjie and others},
  booktitle={CIKM},
  pages={2420--2430},
  year={2024}
}
@inproceedings{zheng2024adapting,
  title={Adapting large language models by integrating collaborative semantics for recommendation},
  author={Zheng, Bowen and Hou, Yupeng and Lu, Hongyu and Chen, Yu and Zhao, Wayne Xin and Chen, Ming and Wen, Ji-Rong},
  booktitle={ICDE},
  pages={1435--1448},
  year={2024},
  organization={IEEE}
}
@inproceedings{zhu2024cost,
  title={CoST: Contrastive Quantization based Semantic Tokenization for Generative Recommendation},
  author={Zhu, Jieming and Jin, Mengqun and Liu, Qijiong and Qiu, Zexuan and Dong, Zhenhua and Li, Xiu},
  booktitle={RecSys},
  pages={969--974},
  year={2024}
}
@inproceedings{pan2024ads,
  title={Ads recommendation in a collapsed and entangled world},
  author={Pan, Junwei and Xue, Wei and Wang, Ximei and Yu, Haibin and Liu, Xun and Quan, Shijie and Qiu, Xueming and Liu, Dapeng and Xiao, Lei and Jiang, Jie},
  booktitle={Proceedings of the 30th ACM SIGKDD Conference on Knowledge Discovery and Data Mining},
  pages={5566--5577},
  year={2024}
}
@inproceedings{zhang2024agentcf,
  title={Agentcf: Collaborative learning with autonomous language agents for recommender systems},
  author={Zhang, Junjie and Hou, Yupeng and Xie, Ruobing and Sun, Wenqi and McAuley, Julian and Zhao, Wayne Xin and Lin, Leyu and Wen, Ji-Rong},
  booktitle={WWW},
  pages={3679--3689},
  year={2024},
  publisher={ACM}
}
@inproceedings{zhang2024generative,
  title={Generative retrieval via term set generation},
  author={Zhang, Peitian and Liu, Zheng and Zhou, Yujia and Dou, Zhicheng and Liu, Fangchao and Cao, Zhao},
  booktitle={SIGIR},
  pages={458--468},
  year={2024},
  publisher={ACM}
}
@inproceedings{zeng2024planning,
  title={Planning ahead in generative retrieval: Guiding autoregressive generation through simultaneous decoding},
  author={Zeng, Hansi and Luo, Chen and Zamani, Hamed},
  booktitle={SIGIR},
  pages={469--480},
  year={2024}
}
@article{lin2023can,
  title={How can recommender systems benefit from large language models: A survey},
  author={Lin, Jianghao and Dai, Xinyi and Xi, Yunjia and Liu, Weiwen and Chen, Bo and Zhang, Hao and Liu, Yong and Wu, Chuhan and Li, Xiangyang and Zhu, Chenxu and others},
  journal={TOIS},
  year={2024},
  publisher={ACM}
}
@inproceedings{wu2024coral,
  title={Coral: collaborative retrieval-augmented large language models improve long-tail recommendation},
  author={Wu, Junda and Chang, Cheng-Chun and Yu, Tong and He, Zhankui and Wang, Jianing and Hou, Yupeng and McAuley, Julian},
  booktitle={KDD},
  pages={3391--3401},
  year={2024},
  publisher={ACM}
}
@inproceedings{ren2024representation,
  title={Representation learning with large language models for recommendation},
  author={Ren, Xubin and Wei, Wei and Xia, Lianghao and Su, Lixin and Cheng, Suqi and Wang, Junfeng and Yin, Dawei and Huang, Chao},
  booktitle={WWW},
  pages={3464--3475},
  year={2024}
}
@article{chen2024enhancing,
  title={Enhancing ID-based Recommendation with Large Language Models},
  author={Chen, Lei and Gao, Chen and Du, Xiaoyi and Luo, Hengliang and Jin, Depeng and Li, Yong and Wang, Meng},
  booktitle={TOIS},
  year={2024},
  publisher={ACM}
}
@inproceedings{wang2024eager,
  title={EAGER: Two-Stream Generative Recommender with Behavior-Semantic Collaboration},
  author={Wang, Ye and Xun, Jiahao and Hong, Minjie and Zhu, Jieming and Jin, Tao and Lin, Wang and Li, Haoyuan and Li, Linjun and Xia, Yan and Zhao, Zhou and others},
  booktitle={KDD},
  pages={3245--3254},
  year={2024},
  publisher={ACM}
}
@inproceedings{kim2024large,
  title={Large language models meet collaborative filtering: An efficient all-round llm-based recommender system},
  author={Kim, Sein and Kang, Hongseok and Choi, Seungyoon and Kim, Donghyun and Yang, Minchul and Park, Chanyoung},
  booktitle={KDD},
  pages={1395--1406},
  year={2024}
}
@inproceedings{zheng2024harnessing,
  title={Harnessing large language models for text-rich sequential recommendation},
  author={Zheng, Zhi and Chao, Wenshuo and Qiu, Zhaopeng and Zhu, Hengshu and Xiong, Hui},
  booktitle={WWW},
  pages={3207--3216},
  year={2024}
}
@inproceedings{sun2024large,
  title={Large language models for intent-driven session recommendations},
  author={Sun, Zhu and Liu, Hongyang and Qu, Xinghua and Feng, Kaidong and Wang, Yan and Ong, Yew Soon},
  booktitle={SIGIR},
  pages={324--334},
  year={2024}
}


@inproceedings{zhang2024gpt4rec,
  title={Gpt4rec: Graph prompt tuning for streaming recommendation},
  author={Zhang, Peiyan and Yan, Yuchen and Zhang, Xi and Kang, Liying and Li, Chaozhuo and Huang, Feiran and Wang, Senzhang and Kim, Sunghun},
  booktitle={SIGIR},
  pages={1774--1784},
  year={2024}
}


@inproceedings{fu2024iisan,
  title={IISAN: Efficiently adapting multimodal representation for sequential recommendation with decoupled PEFT},
  author={Fu, Junchen and Ge, Xuri and Xin, Xin and Karatzoglou, Alexandros and Arapakis, Ioannis and Wang, Jie and Jose, Joemon M},
  booktitle={SIGIR},
  pages={687--697},
  year={2024}
}

@inproceedings{dao2024broadening,
  title={Broadening the view: Demonstration-augmented prompt learning for conversational recommendation},
  author={Dao, Huy and Deng, Yang and Le, Dung D and Liao, Lizi},
  booktitle={SIGIR},
  pages={785--795},
  year={2024}
}

@inproceedings{yang2024sequential,
  title={Sequential recommendation with latent relations based on large language model},
  author={Yang, Shenghao and Ma, Weizhi and Sun, Peijie and Ai, Qingyao and Liu, Yiqun and Cai, Mingchen and Zhang, Min},
  booktitle={SIGIR},
  pages={335--344},
  year={2024}
}

@inproceedings{wang2024reinforcement,
  title={Reinforcement learning-based recommender systems with large language models for state reward and action modeling},
  author={Wang, Jie and Karatzoglou, Alexandros and Arapakis, Ioannis and Jose, Joemon M},
  booktitle={SIGIR},
  pages={375--385},
  year={2024}
}

@inproceedings{ren2024enhancing,
  title={Enhancing sequential recommenders with augmented knowledge from aligned large language models},
  author={Ren, Yankun and Chen, Zhongde and Yang, Xinxing and Li, Longfei and Jiang, Cong and Cheng, Lei and Zhang, Bo and Mo, Linjian and Zhou, Jun},
  booktitle={SIGIR},
  pages={345--354},
  year={2024}
}

@inproceedings{zhao2024let,
  title={Let me do it for you: Towards llm empowered recommendation via tool learning},
  author={Zhao, Yuyue and Wu, Jiancan and Wang, Xiang and Tang, Wei and Wang, Dingxian and de Rijke, Maarten},
  booktitle={SIGIR},
  pages={1796--1806},
  year={2024}
}

@inproceedings{li2024large,
  title={Large language models for next point-of-interest recommendation},
  author={Li, Peibo and de Rijke, Maarten and Xue, Hao and Ao, Shuang and Song, Yang and Salim, Flora D},
  booktitle={SIGIR},
  pages={1463--1472},
  year={2024}
}

@article{xu2023openp5,
  title={OpenP5: An Open-Source Platform for Developing, Training, and Evaluating LLM-based Recommender Systems},
  author={Xu, Shuyuan and Hua, Wenyue and Zhang, Yongfeng},
  journal={arXiv preprint arXiv:2306.11134},
  year={2023}
}

@inproceedings{iana2024mind,
  title={MIND your language: A multilingual dataset for cross-lingual news recommendation},
  author={Iana, Andreea and Glava{\v{s}}, Goran and Paulheim, Heiko},
  booktitle={SIGIR},
  pages={553--563},
  year={2024}
}

@inproceedings{zhang2024multi,
  title={Multi-layer ranking with large language models for news source recommendation},
  author={Zhang, Wenjia and Gui, Lin and Procter, Rob and He, Yulan},
  booktitle={SIGIR},
  pages={2537--2542},
  year={2024}
}

@inproceedings{zhang2023prompt,
  title={Prompt learning for news recommendation},
  author={Zhang, Zizhuo and Wang, Bang},
  booktitle={Proceedings of the 46th International ACM SIGIR Conference on Research and Development in Information Retrieval},
  pages={227--237},
  year={2023}
}

@inproceedings{wang2023plate,
  title={PLATE: A prompt-enhanced paradigm for multi-scenario recommendations},
  author={Wang, Yuhao and Zhao, Xiangyu and Chen, Bo and Liu, Qidong and Guo, Huifeng and Liu, Huanshuo and Wang, Yichao and Zhang, Rui and Tang, Ruiming},
  booktitle={Proceedings of the 46th International ACM SIGIR Conference on Research and Development in Information Retrieval},
  pages={1498--1507},
  year={2023}
}

@inproceedings{lee2022autoregressive,
  title={Autoregressive image generation using residual quantization},
  author={Lee, Doyup and Kim, Chiheon and Kim, Saehoon and Cho, Minsu and Han, Wook-Shin},
  booktitle={CVPR},
  pages={11523--11532},
  year={2022}
}
@article{yang2024generate,
  title={Generate what you prefer: Reshaping sequential recommendation via guided diffusion},
  author={Yang, Zhengyi and Wu, Jiancan and Wang, Zhicai and Wang, Xiang and Yuan, Yancheng and He, Xiangnan},
  journal={NeurIPS},
  volume={36},
  year={2024}
}
@inproceedings{tang2023improving,
  title={Improving training stability for multitask ranking models in recommender systems},
  author={Tang, Jiaxi and Drori, Yoel and Chang, Daryl and Sathiamoorthy, Maheswaran and Gilmer, Justin and Wei, Li and Yi, Xinyang and Hong, Lichan and Chi, Ed H},
  booktitle={SIGKDD},
  pages={4882--4893},
  year={2023}
}
@inproceedings{ni2021sentence,
  title={Sentence-t5: Scalable sentence encoders from pre-trained text-to-text models},
  author={Ni, Jianmo and Abrego, Gustavo Hernandez and Constant, Noah and Ma, Ji and Hall, Keith B and Cer, Daniel and Yang, Yinfei},
  journal={ arXiv:2108.08877},
  year={2021}
}
@article{lazebnik2008supervised,
  title={Supervised learning of quantizer codebooks by information loss minimization},
  author={Lazebnik, Svetlana and Raginsky, Maxim},
  journal={IEEE transactions on pattern analysis and machine intelligence},
  volume={31},
  number={7},
  pages={1294--1309},
  year={2008},
  publisher={IEEE}
}
@inproceedings{zhang2022re4,
  title={Re4: Learning to re-contrast, re-attend, re-construct for multi-interest recommendation},
  author={Zhang, Shengyu and Yang, Lingxiao and Yao, Dong and Lu, Yujie and Feng, Fuli and Zhao, Zhou and Chua, Tat-Seng and Wu, Fei},
  booktitle={WWW},
  pages={2216--2226},
  year={2022},
  publisher={ACM}
}
@inproceedings{wang2024learnable,
  title={Learnable item tokenization for generative recommendation},
  author={Wang, Wenjie and Bao, Honghui and Lin, Xinyu and Zhang, Jizhi and Li, Yongqi and Feng, Fuli and Ng, See-Kiong and Chua, Tat-Seng},
  booktitle={CIKM},
  pages={2400--2409},
  year={2024}
}
@inproceedings{chen2024hllm,
  title={Hllm: Enhancing sequential recommendations via hierarchical large language models for item and user modeling},
  author={Chen, Junyi and Chi, Lu and Peng, Bingyue and Yuan, Zehuan},
  journal={ arXiv:2409.12740},
  year={2024}
}
@inproceedings{xi2024towards,
  title={Towards open-world recommendation with knowledge augmentation from large language models},
  author={Xi, Yunjia and Liu, Weiwen and Lin, Jianghao and Cai, Xiaoling and Zhu, Hong and Zhu, Jieming and Chen, Bo and Tang, Ruiming and Zhang, Weinan and Yu, Yong},
  booktitle={RecSys},
  pages={12--22},
  year={2024}
}
@inproceedings{guoembedding,
  title={On the Embedding Collapse when Scaling up Recommendation Models},
  author={Guo, Xingzhuo and Pan, Junwei and Wang, Ximei and Chen, Baixu and Jiang, Jie and Long, Mingsheng},
  booktitle={ICML}
}
@inproceedings{lin2024temporally,
  title={Temporally and distributionally robust optimization for cold-start recommendation},
  author={Lin, Xinyu and Wang, Wenjie and Zhao, Jujia and Li, Yongqi and Feng, Fuli and Chua, Tat-Seng},
  booktitle={AAAI},
  volume={38},
  number={8},
  pages={8750--8758},
  year={2024}
}
@inproceedings{lin2024disentangled,
  title={Disentangled Representation with Cross Experts Covariance Loss for Multi-Domain Recommendation},
  author={Lin, Zhutian and Pan, Junwei and Yu, Haibin and Xiao, Xi and Wang, Ximei and Feng, Zhixiang and Wen, Shifeng and Huang, Shudong and Xiao, Lei and Jiang, Jie},
  journal={arXiv:2405.12706},
  year={2024}
}
@article{lin2024efficient,
  title={Efficient Inference for Large Language Model-based Generative Recommendation},
  author={Lin, Xinyu and Yang, Chaoqun and Wang, Wenjie and Li, Yongqi and Du, Cunxiao and Feng, Fuli and Ng, See-Kiong and Chua, Tat-Seng},
  journal={arXiv},
  year={2024}
}
@inproceedings{wang2024rethinking,
  title={Rethinking large language model architectures for sequential recommendations},
  author={Wang, Hanbing and Liu, Xiaorui and Fan, Wenqi and Zhao, Xiangyu and Kini, Venkataramana and Yadav, Devendra and Wang, Fei and Wen, Zhen and Tang, Jiliang and Liu, Hui},
  journal={arxiv},
  year={2024}
}
@inproceedings{zhou2005beam,
  title={Beam-Stack Search: Integrating Backtracking with Beam Search.},
  author={Zhou, Rong and Hansen, Eric A},
  booktitle={ICAPS},
  pages={90--98},
  year={2005}
}
@inproceedings{si2024generative,
  title={Generative Retrieval with Semantic Tree-Structured Identifiers and Contrastive Learning},
  author={Si, Zihua and Sun, Zhongxiang and Chen, Jiale and Chen, Guozhang and Zang, Xiaoxue and Zheng, Kai and Song, Yang and Zhang, Xiao and Xu, Jun and Gai, Kun},
  booktitle={SIGIR-AP},
  pages={154--163},
  year={2024}
}
@inproceedings{tan2024idgenrec,
  title={Idgenrec: Llm-recsys alignment with textual id learning},
  author={Tan, Juntao and Xu, Shuyuan and Hua, Wenyue and Ge, Yingqiang and Li, Zelong and Zhang, Yongfeng},
  booktitle={SIGIR},
  pages={355--364},
  year={2024}
}
@inproceedings{liao2024llara,
  title={Llara: Large language-recommendation assistant},
  author={Liao, Jiayi and Li, Sihang and Yang, Zhengyi and Wu, Jiancan and Yuan, Yancheng and Wang, Xiang and He, Xiangnan},
  booktitle={SIGIR},
  pages={1785--1795},
  year={2024}
}
@inproceedings{shi2024large,
  title={Large language models are learnable planners for long-term recommendation},
  author={Shi, Wentao and He, Xiangnan and Zhang, Yang and Gao, Chongming and Li, Xinyue and Zhang, Jizhi and Wang, Qifan and Feng, Fuli},
  booktitle={SIGIR},
  pages={1893--1903},
  year={2024}
}

@inproceedings{ren2023representation,
  title={Representation learning with large language models for recommendation},
  author={Ren, Xubin and Wei, Wei and Xia, Lianghao and Su, Lixin and Cheng, Suqi and Wang, Junfeng and Yin, Dawei and Huang, Chao},
  booktitle={WWW},
  year={2024},
  publisher={ACM}
}
@inproceedings{zhang2024transfr,
  title={TransFR: Transferable Federated Recommendation with Pre-trained Language Models},
  author={Zhang, Honglei and Liu, He and Li, Haoxuan and Li, Yidong},
  journal={arXiv:2402.01124},
  year={2024}
}
@article{zhang2023lightfr,
  title={LightFR: Lightweight federated recommendation with privacy-preserving matrix factorization},
  author={Zhang, Honglei and Luo, Fangyuan and Wu, Jun and He, Xiangnan and Li, Yidong},
  journal={TOIS},
  volume={41},
  number={4},
  pages={1--28},
  year={2023},
  publisher={ACM}
}
@inproceedings{lv2023duet,
  title={DUET: A Tuning-Free Device-Cloud Collaborative Parameters Generation Framework for Efficient Device Model Generalization},
  author={Lv, Zheqi and Zhang, Wenqiao and Zhang, Shengyu and Kuang, Kun and Wang, Feng and Wang, Yongwei and Chen, Zhengyu and Shen, Tao and Yang, Hongxia and Ooi, Beng Chin and others},
  booktitle={WWW},
  pages={3077--3085},
  year={2023},
  publisher={ACM}
}

@inproceedings{lv2024intelligent,
  title={Intelligent Model Update Strategy for Sequential Recommendation},
  author={Lv, Zheqi and Zhang, Wenqiao and Chen, Zhengyu and Zhang, Shengyu and Kuang, Kun},
  booktitle={WWW},
  year={2024},
  publisher={ACM}
}
@inproceedings{tan2023data,
  title={Data Pruning via Moving-one-Sample-out},
  author={Tan, Haoru and Wu, Sitong and Du, Fei and Chen, Yukang and Wang, Zhibin and Wang, Fan and Qi, Xiaojuan},
  journal={arXiv:2310.14664},
  year={2023}
}
@article{feng2023large,
  title={A Large Language Model Enhanced Conversational Recommender System},
  author={Feng, Yue and Liu, Shuchang and Xue, Zhenghai and Cai, Qingpeng and Hu, Lantao and Jiang, Peng and Gai, Kun and Sun, Fei},
  journal={arXiv:2308.06212},
  year={2023}
}
@inproceedings{zhao2023dataset,
  title={Dataset condensation with distribution matching},
  author={Zhao, Bo and Bilen, Hakan},
  booktitle={WACV},
  pages={6514--6523},
  year={2023},
  organization={IEEE}
}
@inproceedings{wu2023exploring,
  title={Exploring large language model for graph data understanding in online job recommendations},
  author={Wu, Likang and Qiu, Zhaopeng and Zheng, Zhi and Zhu, Hengshu and Chen, Enhong},
  journal={arXiv:2307.05722},
  year={2023}
}
@inproceedings{li2023e4srec,
  title={E4SRec: An Elegant Effective Efficient Extensible Solution of Large Language Models for Sequential Recommendation},
  author={Li, Xinhang and Chen, Chong and Zhao, Xiangyu and Zhang, Yong and Xing, Chunxiao},
  journal={arXiv:2312.02443},
  year={2023}
}
@inproceedings{killamsetty2021grad,
  title={Grad-match: Gradient matching based data subset selection for efficient deep model training},
  author={Killamsetty, Krishnateja and Durga, Sivasubramanian and Ramakrishnan, Ganesh and De, Abir and Iyer, Rishabh},
  booktitle={ICML},
  pages={5464--5474},
  year={2021},
  organization={PMLR}
}
@inproceedings{zhao2020dataset,
  title={Dataset Condensation with Gradient Matching},
  author={Zhao, Bo and Mopuri, Konda Reddy and Bilen, Hakan},
  booktitle={ICLR},
  year={2020}
}
@inproceedings{mirzasoleiman2020coresets,
  title={Coresets for data-efficient training of machine learning models},
  author={Mirzasoleiman, Baharan and Bilmes, Jeff and Leskovec, Jure},
  booktitle={ICML},
  pages={6950--6960},
  year={2020},
  organization={PMLR}
}
@inproceedings{sun2023chatgpt,
  title={Is ChatGPT Good at Search? Investigating Large Language Models as Re-Ranking Agent},
  author={Sun, Weiwei and Yan, Lingyong and Ma, Xinyu and Ren, Pengjie and Yin, Dawei and Ren, Zhaochun},
  booktitle={EMNLP},
  pages = {14918--14937},
  publisher = {ACL},
  year={2023}
}
@article{wang2023llm4vis,
  title={LLM4Vis: Explainable visualization recommendation using ChatGPT},
  author={Wang, Lei and Zhang, Songheng and Wang, Yun and Lim, Ee-Peng and Wang, Yong},
  journal={arXiv:2310.07652},
  year={2023}
}
@article{sener2017active,
  title={Active learning for convolutional neural networks: A core-set approach},
  author={Sener, Ozan and Savarese, Silvio},
  booktitle={ICLR},
  year={2018}
}
@inproceedings{shim2021core,
  title={Core-set sampling for efficient neural architecture search},
  author={Shim, Jae-hun and Kong, Kyeongbo and Kang, Suk-Ju},
  journal={arXiv:2107.06869},
  year={2021}
}
@inproceedings{toneva2018empirical,
  title={An empirical study of example forgetting during deep neural network learning},
  author={Toneva, Mariya and Sordoni, Alessandro and Combes, Remi Tachet des and Trischler, Adam and Bengio, Yoshua and Gordon, Geoffrey J},
  journal={arXiv:1812.05159},
  year={2018}
}
@article{feldman2011scalable,
  title={Scalable training of mixture models via coresets},
  author={Feldman, Dan and Faulkner, Matthew and Krause, Andreas},
  journal={NeurIPS},
  volume={24},
  year={2011}
}
@article{chen2012super,
  title={Super-samples from kernel herding},
  author={Chen, Yutian and Welling, Max and Smola, Alex},
  journal={arXiv:1203.3472},
  year={2012}
}
@inproceedings{dai2023uncovering,
  title={Uncovering chatgpt’s capabilities in recommender systems},
  author={Dai, Sunhao and Shao, Ninglu and Zhao, Haiyuan and Yu, Weijie and Si, Zihua and Xu, Chen and Sun, Zhongxiang and Zhang, Xiao and Xu, Jun},
  booktitle={RecSys},
  pages={1126--1132},
  year={2023},
  publisher={ACM}
}
@inproceedings{guo2023few,
  title={Few-shot News Recommendation via Cross-lingual Transfer},
  author={Guo, Taicheng and Yu, Lu and Shihada, Basem and Zhang, Xiangliang},
  booktitle={WWW},
  pages={1130--1140},
  year={2023},
  publisher={ACM}
}
@inproceedings{wei2015submodularity,
  title={Submodularity in data subset selection and active learning},
  author={Wei, Kai and Iyer, Rishabh and Bilmes, Jeff},
  booktitle={ICML},
  pages={1954--1963},
  year={2015},
  organization={PMLR}
}
@inproceedings{liu2023chatgpt,
  title={Is chatgpt a good recommender? a preliminary study},
  author={Liu, Junling and Liu, Chao and Lv, Renjie and Zhou, Kang and Zhang, Yan},
  journal={arXiv:2304.10149},
  year={2023}
}
@inproceedings{agarwal2020contextual,
  title={Contextual diversity for active learning},
  author={Agarwal, Sharat and Arora, Himanshu and Anand, Saket and Arora, Chetan},
  booktitle={ECCV},
  pages={137--153},
  year={2020},
  organization={Springer}
}
@inproceedings{hou2022towards,
  title={Towards universal sequence representation learning for recommender systems},
  author={Hou, Yupeng and Mu, Shanlei and Zhao, Wayne Xin and Li, Yaliang and Ding, Bolin and Wen, Ji-Rong},
  booktitle={KDD},
  pages={585--593},
  year={2022},
  publisher={ACM}
}
@inproceedings{wang2023equivariant,
  title={Equivariant Learning for Out-of-Distribution Cold-start Recommendation},
  author={Wang, Wenjie and Lin, Xinyu and Wang, Liuhui and Feng, Fuli and Wei, Yinwei and Chua, Tat-Seng},
  booktitle={MM},
  pages={903--914},
  year={2023}
}
@inproceedings{kothawade2022prism,
  title={PRISM: A Unified Framework of Parameterized Submodular Information Measures for Targeted Data Subset Selection and Summarization},
  author={Kothawade, Suraj and Kaushal, Vishal and Ramakrishnan, Ganesh and Bilmes, Jeff and Iyer, Rishabh},
  booktitle={AAAI},
  year={2022}
}
@inproceedings{zou2021pre,
  title={Pre-trained language model based ranking in Baidu search},
  author={Zou, Lixin and Zhang, Shengqiang and Cai, Hengyi and Ma, Dehong and Cheng, Suqi and Wang, Shuaiqiang and Shi, Daiting and Cheng, Zhicong and Yin, Dawei},
  booktitle={KDD},
  pages={4014--4022},
  year={2021},
  publisher={ACM}
}
@inproceedings{wu2023dataset,
  title={Dataset condensation for recommendation},
  author={Wu, Jiahao and Fan, Wenqi and Liu, Shengcai and Liu, Qijiong and He, Rui and Li, Qing and Tang, Ke},
  journal={arXiv:2310.01038},
  year={2023}
}
@inproceedings{killamsetty2021glister,
  title={Glister: Generalization based data subset selection for efficient and robust learning},
  author={Killamsetty, Krishnateja and Sivasubramanian, Durga and Ramakrishnan, Ganesh and Iyer, Rishabh},
  booktitle={AAAI},
  volume={35},
  number={9},
  pages={8110--8118},
  year={2021}
}
@article{killamsetty2021retrieve,
  title={Retrieve: Coreset selection for efficient and robust semi-supervised learning},
  author={Killamsetty, Krishnateja and Zhao, Xujiang and Chen, Feng and Iyer, Rishabh},
  journal={NeurIPS},
  volume={34},
  pages={14488--14501},
  year={2021}
}
@article{borsos2020coresets,
  title={Coresets via bilevel optimization for continual learning and streaming},
  author={Borsos, Zal{\'a}n and Mutny, Mojmir and Krause, Andreas},
  journal={NeurIPS},
  volume={33},
  pages={14879--14890},
  year={2020}
}
@article{feldman2020neural,
  title={What neural networks memorize and why: Discovering the long tail via influence estimation},
  author={Feldman, Vitaly and Zhang, Chiyuan},
  journal={NeurIPS},
  volume={33},
  pages={2881--2891},
  year={2020}
}
@inproceedings{gong2023unified,
  title={An Unified Search and Recommendation Foundation Model for Cold-Start Scenario},
  author={Gong, Yuqi and Ding, Xichen and Su, Yehui and Shen, Kaiming and Liu, Zhongyi and Zhang, Guannan},
  booktitle={CIKM},
  pages={4595--4601},
  year={2023}
}
@inproceedings{yang2023debiased,
  title={Debiased Contrastive Learning for Sequential Recommendation},
  author={Yang, Yuhao and Huang, Chao and Xia, Lianghao and Huang, Chunzhen and Luo, Da and Lin, Kangyi},
  booktitle={WWW},
  pages={1063--1073},
  year={2023}
}
@inproceedings{sun2019bert4rec,
  title={BERT4Rec: Sequential recommendation with bidirectional encoder representations from transformer},
  author={Sun, Fei and Liu, Jun and Wu, Jian and Pei, Changhua and Lin, Xiao and Ou, Wenwu and Jiang, Peng},
  booktitle={CIKM},
  pages={1441--1450},
  year={2019}
}
@article{wang2023causal,
  title={Causal Disentangled Recommendation Against User Preference Shifts},
  author={Wang, Wenjie and Lin, Xinyu and Wang, Liuhui and Feng, Fuli and Ma, Yunshan and Chua, Tat-Seng},
  journal={TOIS},
  year={2023},
  publisher={ACM New York, NY}
}
@inproceedings{luo2023recranker,
  title={RecRanker: Instruction Tuning Large Language Model as Ranker for Top-k Recommendation},
  author={Luo, Sichun and He, Bowei and Zhao, Haohan and Huang, Yinya and Zhou, Aojun and Li, Zongpeng and Xiao, Yuanzhang and Zhan, Mingjie and Song, Linqi},
  journal={arXiv:2312.16018},
  year={2023}
}
@inproceedings{wu2023leveraging,
  title={Leveraging Large Language Models (LLMs) to Empower Training-Free Dataset Condensation for Content-Based Recommendation},
  author={Wu, Jiahao and Liu, Qijiong and Hu, Hengchang and Fan, Wenqi and Liu, Shengcai and Li, Qing and Wu, Xiao-Ming and Tang, Ke},
  journal={arXiv:2310.09874},
  year={2023}
}

@inproceedings{guo2022deepcore,
  title={Deepcore: A comprehensive library for coreset selection in deep learning},
  author={Guo, Chengcheng and Zhao, Bo and Bai, Yanbing},
  booktitle={DEXA},
  pages={181--195},
  year={2022},
  organization={Springer}
}

@inproceedings{coleman2020selection,
  title={Selection via Proxy: Efficient Data Selection for Deep Learning},
  author={Coleman, C and Yeh, C and Mussmann, S and Mirzasoleiman, B and Bailis, P and Liang, P and Leskovec, J and Zaharia, M},
  booktitle={ICLR},
  year={2020}
}
@article{ni2023content,
  title={A Content-Driven Micro-Video Recommendation Dataset at Scale},
  author={Ni, Yongxin and Cheng, Yu and Liu, Xiangyan and Fu, Junchen and Li, Youhua and He, Xiangnan and Zhang, Yongfeng and Yuan, Fajie},
  journal={arXiv:2309.15379},
  year={2023}
}
@article{cook1977detection,
  title={Detection of influential observation in linear regression},
  author={Cook, R Dennis},
  journal={Technometrics},
  volume={19},
  number={1},
  pages={15--18},
  year={1977},
  publisher={Taylor \& Francis}
}
@inproceedings{lin2024bridging,
  title={Bridging items and language: A transition paradigm for large language model-based recommendation},
  author={Lin, Xinyu and Wang, Wenjie and Li, Yongqi and Feng, Fuli and Ng, See-Kiong and Chua, Tat-Seng},
  booktitle={KDD},
  pages={1816--1826},
  year={2024},
  publisher={ACM}
}
@article{hampel1974influence,
  title={The influence curve and its role in robust estimation},
  author={Hampel, Frank R},
  journal={Journal of the american statistical association},
  volume={69},
  number={346},
  pages={383--393},
  year={1974},
  publisher={Taylor \& Francis}
}
@inproceedings{zheng2022coverage,
  title={Coverage-centric Coreset Selection for High Pruning Rates},
  author={Zheng, Haizhong and Liu, Rui and Lai, Fan and Prakash, Atul},
  booktitle={ICLR},
  year={2022}
}
@inproceedings{he2023large,
  title={Large-scale Dataset Pruning with Dynamic Uncertainty},
  author={He, Muyang and Yang, Shuo and Huang, Tiejun and Zhao, Bo},
  journal={arXiv:2306.05175},
  year={2023}
}
@inproceedings{chai2023efficient,
  title={Efficient coreset selection with cluster-based methods},
  author={Chai, Chengliang and Wang, Jiayi and Tang, Nan and Yuan, Ye and Liu, Jiabin and Deng, Yuhao and Wang, Guoren},
  booktitle={KDD},
  pages={167--178},
  year={2023},
  publisher={ACM}
}

@inproceedings{sachdeva2022infinite,
  title={Infinite recommendation networks: a data-centric approach},
  author={Sachdeva, Noveen and Dhaliwal, Mehak and Wu, Carole-Jean and McAuley, Julian},
  journal={NeurIPS},
  volume={35},
  pages={31292--31305},
  year={2022},
publisher = {Curran Associates, Inc.}
}
@inproceedings{liu2023once,
      title={ONCE: Boosting Content-based Recommendation with Both Open- and Closed-source Large Language Models}, 
      author={Qijiong Liu and Nuo Chen and Tetsuya Sakai and Xiao-Ming Wu},
      booktitle={WSDM},
      publisher={ACM},
      year={2024},
}
@article{agarwal2016second,
  title={Second-order stochastic optimization in linear time},
  author={Agarwal, Naman and Bullins, Brian and Hazan, Elad},
  journal={stat},
  volume={1050},
  pages={15},
  year={2016}
}

@article{pearlmutter1994fast,
  title={Fast exact multiplication by the Hessian},
  author={Pearlmutter, Barak A},
  journal={Neural computation},
  volume={6},
  number={1},
  pages={147--160},
  year={1994},
  publisher={MIT Press}
}

@misc{ling1984residuals,
  title={Residuals and influence in regression},
  author={Ling, Robert F},
  year={1984},
  publisher={Taylor \& Francis}
}

@inproceedings{li2023prompt,
  title={Prompt distillation for efficient llm-based recommendation},
  author={Li, Lei and Zhang, Yongfeng and Chen, Li},
  booktitle={CIKM},
  pages={1348--1357},
  year={2023}
}
@inproceedings{rajput2023recommender,
  title={Recommender Systems with Generative Retrieval},
  author={Rajput, Shashank and Mehta, Nikhil and Singh, Anima and Keshavan, Raghunandan H and Vu, Trung and Heldt, Lukasz and Hong, Lichan and Tay, Yi and Tran, Vinh Q and Samost, Jonah and others},
  booktitle={NeurIPS},
  year={2023},
  publisher = {Curran Associates, Inc.}
}
@inproceedings{guo2017deepfm,
  title={DeepFM: a factorization-machine based neural network for CTR prediction},
  author={Guo, Huifeng and Tang, Ruiming and Ye, Yunming and Li, Zhenguo and He, Xiuqiang},
  booktitle={IJCAI},
  pages={1725--1731},
  year={2017}
}

@inproceedings{koh2017understanding,
  title={Understanding black-box predictions via influence functions},
  author={Koh, Pang Wei and Liang, Percy},
  booktitle={ICML},
  pages={1885--1894},
  year={2017},
  organization={PMLR}
}
@article{yang2022dataset,
  title={Dataset pruning: reducing training data by examining generalization influence},
  author={Yang, Shuo and Xie, Zeke and Peng, Hanyu and Xu, Min and Sun, Mingming and Li, Ping},
  booktitle={ICLR},
  year={2023}
}



@inproceedings{paul2021deep,
  title={Deep learning on a data diet: Finding important examples early in training},
  author={Paul, Mansheej and Ganguli, Surya and Dziugaite, Gintare Karolina},
  journal={NeurIPS},
  volume={34},
  pages={20596--20607},
  year={2021}
}


@inproceedings{de2020autoregressive,
  title={Autoregressive entity retrieval},
  author={De Cao, Nicola and Izacard, Gautier and Riedel, Sebastian and Petroni, Fabio},
  journal={arXiv:2010.00904},
  year={2020}
}

@article{de2022multilingual,
  title={Multilingual autoregressive entity linking},
  author={De Cao, Nicola and Wu, Ledell and Popat, Kashyap and Artetxe, Mikel and Goyal, Naman and Plekhanov, Mikhail and Zettlemoyer, Luke and Cancedda, Nicola and Riedel, Sebastian and Petroni, Fabio},
  journal={Transactions of the Association for Computational Linguistics},
  volume={10},
  pages={274--290},
  year={2022},
  publisher={MIT Press One Broadway, 12th Floor, Cambridge, Massachusetts 02142, USA~…}
}

@inproceedings{wang2023zero,
  title={Zero-Shot Next-Item Recommendation using Large Pretrained Language Models},
  author={Wang, Lei and Lim, Ee-Peng},
  journal={arXiv:2304.03153},
  year={2023}
}
@inproceedings{bao2023bi,
  title={A bi-step grounding paradigm for large language models in recommendation systems},
  author={Bao, Keqin and Zhang, Jizhi and Wang, Wenjie and Zhang, Yang and Yang, Zhengyi and Luo, Yancheng and Feng, Fuli and He, Xiangnaan and Tian, Qi},
  journal={arXiv:2308.08434},
  year={2023}
}
@article{perez2021true,
  title={True few-shot learning with language models},
  author={Perez, Ethan and Kiela, Douwe and Cho, Kyunghyun},
  journal={Advances in neural information processing systems},
  volume={34},
  pages={11054--11070},
  year={2021}
}
@inproceedings{loshchilov2017decoupled,
  title={Decoupled weight decay regularization},
  author={Loshchilov, Ilya and Hutter, Frank},
  journal={arXiv:1711.05101},
  year={2017}
}
@inproceedings{hidasi2015session,
  title={Session-based recommendations with recurrent neural networks},
  author={Hidasi, Bal{\'a}zs and Karatzoglou, Alexandros and Baltrunas, Linas and Tikk, Domonkos},
  booktitle={ICLR},
  year={2016}
}
@inproceedings{hu2021lora,
  title={Lora: Low-rank adaptation of large language models},
  author={Hu, Edward J and Shen, Yelong and Wallis, Phillip and Allen-Zhu, Zeyuan and Li, Yuanzhi and Wang, Shean and Wang, Lu and Chen, Weizhu},
  journal={arXiv:2106.09685},
  year={2021}
}
@article{raffel2020exploring,
  title={Exploring the limits of transfer learning with a unified text-to-text transformer},
  author={Raffel, Colin and Shazeer, Noam and Roberts, Adam and Lee, Katherine and Narang, Sharan and Matena, Michael and Zhou, Yanqi and Li, Wei and Liu, Peter J},
  journal={JMLR},
  volume={21},
  number={1},
  pages={5485--5551},
  year={2020},
  publisher={JMLRORG}
}
@inproceedings{xie2021adversarial,
  title={Adversarial and contrastive variational autoencoder for sequential recommendation},
  author={Xie, Zhe and Liu, Chengxuan and Zhang, Yichi and Lu, Hongtao and Wang, Dong and Ding, Yue},
  booktitle={WWW},
  pages={449--459},
  year={2021},
  publisher={ACM}
}

@inproceedings{kang2018self,
  title={Self-attentive sequential recommendation},
  author={Kang, Wang-Cheng and McAuley, Julian},
  booktitle={ICDM},
  pages={197--206},
  year={2018},
  organization={IEEE}
}

@inproceedings{li2023multiview,
  title={Multiview Identifiers Enhanced Generative Retrieval},
  author={Li, Yongqi and Yang, Nan and Wang, Liang and Wei, Furu and Li, Wenjie},
  booktitle={ACL},
  publisher={ACM},
  year={2023}
}
@article{burrows1994block,
  title={A block-sorting lossless data compression algorithm},
  author={Burrows, Michael},
  journal={SRS Research Report},
  volume={124},
  year={1994}
}
@inproceedings{ferragina2000opportunistic,
  title={Opportunistic data structures with applications},
  author={Ferragina, Paolo and Manzini, Giovanni},
  booktitle={Proceedings 41st annual symposium on foundations of computer science},
  pages={390--398},
  year={2000},
  organization={IEEE}
}
@article{bevilacqua2022autoregressive,
  title={Autoregressive search engines: Generating substrings as document identifiers},
  author={Bevilacqua, Michele and Ottaviano, Giuseppe and Lewis, Patrick and Yih, Scott and Riedel, Sebastian and Petroni, Fabio},
  journal={NeurIPS},
  volume={35},
  pages={31668--31683},
  year={2022},
  publisher = {Curran Associates, Inc.}
}

@inproceedings{touvron2023llama,
  title={Llama: Open and efficient foundation language models},
  author={Touvron, Hugo and Lavril, Thibaut and Izacard, Gautier and Martinet, Xavier and Lachaux, Marie-Anne and Lacroix, Timoth{\'e}e and Rozi{\`e}re, Baptiste and Goyal, Naman and Hambro, Eric and Azhar, Faisal and others},
  journal={arXiv:2302.13971},
  year={2023}
}
@inproceedings{lewis2019bart,
  title={Bart: Denoising sequence-to-sequence pre-training for natural language generation, translation, and comprehension},
  author={Lewis, Mike and Liu, Yinhan and Goyal, Naman and Ghazvininejad, Marjan and Mohamed, Abdelrahman and Levy, Omer and Stoyanov, Ves and Zettlemoyer, Luke},
  journal={arXiv:1910.13461},
  year={2019}
}

@inproceedings{tam2023evaluating,
  title={Evaluating the factual consistency of large language models through news summarization},
  author={Tam, Derek and Mascarenhas, Anisha and Zhang, Shiyue and Kwan, Sarah and Bansal, Mohit and Raffel, Colin},
  booktitle={ACL},
  pages={5220--5255},
  year={2023},
  publisher={ACL}
}

@inproceedings{gao2023chat,
  title={Chat-rec: Towards interactive and explainable llms-augmented recommender system},
  author={Gao, Yunfan and Sheng, Tao and Xiang, Youlin and Xiong, Yun and Wang, Haofen and Zhang, Jiawei},
  journal={arXiv:2303.14524},
  year={2023}
}


@inproceedings{dai2023uncovering,
  title={Uncovering ChatGPT's Capabilities in Recommender Systems},
  author={Dai, Sunhao and Shao, Ninglu and Zhao, Haiyuan and Yu, Weijie and Si, Zihua and Xu, Chen and Sun, Zhongxiang and Zhang, Xiao and Xu, Jun},
  journal={arXiv:2305.02182},
  year={2023}
}

@inproceedings{hou2023large,
  title={Large language models are zero-shot rankers for recommender systems},
  author={Hou, Yupeng and Zhang, Junjie and Lin, Zihan and Lu, Hongyu and Xie, Ruobing and McAuley, Julian and Zhao, Wayne Xin},
  journal={arXiv:2305.08845},
  year={2023}
}

@inproceedings{hua2023index,
  title={How to Index Item IDs for Recommendation Foundation Models},
  author={Hua, Wenyue and Xu, Shuyuan and Ge, Yingqiang and Zhang, Yongfeng},
  journal={arXiv:2305.06569},
  year={2023}
}

@article{chen2023palr,
  title={PALR: Personalization Aware LLMs for Recommendation},
  author={Chen, Zheng},
  journal={arXiv preprint arXiv:2305.07622},
  year={2023}
}

@inproceedings{geng2022recommendation,
  title={Recommendation as language processing (rlp): A unified pretrain, personalized prompt \& predict paradigm (p5)},
  author={Geng, Shijie and Liu, Shuchang and Fu, Zuohui and Ge, Yingqiang and Zhang, Yongfeng},
  booktitle={RecSys},
  pages={299--315},
  year={2022},
  publisher={ACM}
}

@inproceedings{cui2022m6,
  title={M6-rec: Generative pretrained language models are open-ended recommender systems},
  author={Cui, Zeyu and Ma, Jianxin and Zhou, Chang and Zhou, Jingren and Yang, Hongxia},
  journal={arXiv:2205.08084},
  year={2022}
}

@inproceedings{bao2023tallrec,
  title={Tallrec: An effective and efficient tuning framework to align large language model with recommendation},
  author={Bao, Keqin and Zhang, Jizhi and Zhang, Yang and Wang, Wenjie and Feng, Fuli and He, Xiangnan},
  booktitle={RecSys},
  year={2023},
  publisher={ACM}
}

@inproceedings{zhang2023recommendation,
  title={Recommendation as instruction following: A large language model empowered recommendation approach},
  author={Zhang, Junjie and Xie, Ruobing and Hou, Yupeng and Zhao, Wayne Xin and Lin, Leyu and Wen, Ji-Rong},
  journal={arXiv:2305.07001},
  year={2023}
}

@article{deng2022toward,
  title={Toward personalized answer generation in e-commerce via multi-perspective preference modeling},
  author={Deng, Yang and Li, Yaliang and Zhang, Wenxuan and Ding, Bolin and Lam, Wai},
  journal={TOIS},
  volume={40},
  number={4},
  pages={1--28},
  year={2022},
  publisher={ACM}
}

@inproceedings{wu2022mm,
  title={Mm-rec: Visiolinguistic model empowered multimodal news recommendation},
  author={Wu, Chuhan and Wu, Fangzhao and Qi, Tao and Zhang, Chao and Huang, Yongfeng and Xu, Tong},
  booktitle={SIGIR},
  pages={2560--2564},
  year={2022},
  publisher={ACM}
}

@inproceedings{zhang2021unbert,
  title={UNBERT: User-News Matching BERT for News Recommendation.},
  author={Zhang, Qi and Li, Jingjie and Jia, Qinglin and Wang, Chuyuan and Zhu, Jieming and Wang, Zhaowei and He, Xiuqiang},
  booktitle={IJCAI},
  pages={3356--3362},
  year={2021}
}

@inproceedings{liang2023code,
  title={Code as policies: Language model programs for embodied control},
  author={Liang, Jacky and Huang, Wenlong and Xia, Fei and Xu, Peng and Hausman, Karol and Ichter, Brian and Florence, Pete and Zeng, Andy},
  booktitle={ICRA},
  pages={9493--9500},
  year={2023},
  publisher={IEEE}
}

@inproceedings{berrios2023towards,
  title={Towards language models that can see: Computer vision through the lens of natural language},
  author={Berrios, William and Mittal, Gautam and Thrush, Tristan and Kiela, Douwe and Singh, Amanpreet},
  journal={arXiv:2306.16410},
  year={2023}
}

@inproceedings{hong2022bros,
  title={Bros: A pre-trained language model focusing on text and layout for better key information extraction from documents},
  author={Hong, Teakgyu and Kim, Donghyun and Ji, Mingi and Hwang, Wonseok and Nam, Daehyun and Park, Sungrae},
  booktitle={AAAI},
  volume={36},
  number={10},
  pages={10767--10775},
  year={2022},
  publisher={AAAI press}
}

@article{kojima2022large,
  title={Large language models are zero-shot reasoners},
  author={Kojima, Takeshi and Gu, Shixiang Shane and Reid, Machel and Matsuo, Yutaka and Iwasawa, Yusuke},
  journal={NeurIPS},
  volume={35},
  pages={22199--22213},
  year={2022},
  publisher = {Curran Associates, Inc.}
}

@article{ouyang2022training,
  title={Training language models to follow instructions with human feedback},
  author={Ouyang, Long and Wu, Jeffrey and Jiang, Xu and Almeida, Diogo and Wainwright, Carroll and Mishkin, Pamela and Zhang, Chong and Agarwal, Sandhini and Slama, Katarina and Ray, Alex and others},
  journal={NeurIPS},
  volume={35},
  pages={27730--27744},
  year={2022},
  publisher = {Curran Associates, Inc.}
}

@inproceedings{guu2020retrieval,
  title={Retrieval augmented language model pre-training},
  author={Guu, Kelvin and Lee, Kenton and Tung, Zora and Pasupat, Panupong and Chang, Mingwei},
  booktitle={ICML},
  pages={3929--3938},
  year={2020},
  publisher={PMLR}
}

@inproceedings{gao2022causal,
  title={Causal inference in recommender systems: A survey and future directions},
  author={Gao, Chen and Zheng, Yu and Wang, Wenjie and Feng, Fuli and He, Xiangnan and Li, Yong},
  journal={arXiv:2208.12397},
  year={2022}
}

@ARTICLE{Li2023Multi,
  author={Li, Wenhui and Wang, Yan and Su, Yuting and Li, Xuanya and Liu, An-An and Zhang, Yongdong},
  journal={TMM}, 
  title={Multi-Scale Fine-Grained Alignments for Image and Sentence Matching}, 
  year={2023},
  volume={25},
  number={},
  pages={543-556},}

@ARTICLE{Liu2022DMRL,
  author={Liu, Fan and Chen, Huilin and Cheng, Zhiyong and Liu, Anan and Nie, Liqiang and Kankanhalli, Mohan},
  journal={TMM}, 
  title={Disentangled Multimodal Representation Learning for Recommendation}, 
  year={2022},
  volume={},
  number={},
  pages={1-11}}

@inproceedings{liu2022learning,
  title={Learning Intrinsic and Extrinsic Intentions for Cold-start Recommendation with Neural Stochastic Processes},
  author={Liu, Huafeng and Jing, Liping and Yu, Dahai and Zhou, Mingjie and Ng, Michael},
  booktitle={MM},
  pages={491--500},
  year={2022},
  publisher={ACM},
}

@inproceedings{li2017two,
  title={Two birds one stone: on both cold-start and long-tail recommendation},
  author={Li, Jingjing and Lu, Ke and Huang, Zi and Shen, Heng Tao},
  booktitle={MM},
  pages={898--906},
  year={2017},
  publisher={ACM},
}

@inproceedings{cao2020task,
  title={Task-distribution-aware Meta-learning for Cold-start CTR Prediction},
  author={Cao, Tianwei and Xu, Qianqian and Yang, Zhiyong and Huang, Qingming},
  booktitle={MM},
  pages={3514--3522},
  year={2020},
  publisher={ACM},
}

@inproceedings{zhang2019cold,
  title={Cold-Start representation learning: A recommendation approach with bert4Movie and movie2Vec},
  author={Zhang, Xinran and Yuan, Xin and Li, Yunwei and Zhang, Yanru},
  booktitle={MM},
  pages={2612--2616},
  year={2019},
  publisher={ACM},
}

@inproceedings{chen2022recurrent,
  title={Recurrent Meta-Learning against Generalized Cold-start Problem in CTR Prediction},
  author={Chen, Junyu and Xu, Qianqian and Yang, Zhiyong and Ma, Ke and Cao, Xiaochun and Huang, Qingming},
  booktitle={MM},
  pages={2636--2644},
  year={2022},
  publisher={ACM},
}

@article{sang2018understanding,
  title={Understanding dynamic cross-OSN associations for cold-start recommendation},
  author={Sang, Jitao and Yan, Ming and Xu, Changsheng},
  journal={TMM},
  volume={20},
  number={12},
  pages={3439--3451},
  year={2018},
  publisher={IEEE}
}

@inproceedings{wang2021privileged,
  title={Privileged graph distillation for cold start recommendation},
  author={Wang, Shuai and Zhang, Kun and Wu, Le and Ma, Haiping and Hong, Richang and Wang, Meng},
  booktitle={Proceedings of the 44th International ACM SIGIR Conference on Research and Development in Information Retrieval},
  pages={1187--1196},
  year={2021},
  publisher={ACM},
}

@inproceedings{guo2017integration,
  title={How integration helps on cold-start recommendations},
  author={Guo, Cheng and Lu, Hongyu and Shi, Shaoyun and Hao, Bin and Liu, Bin and Zhang, Min and Liu, Yiqun and Ma, Shaoping},
  booktitle={RecSys Challenge},
  publisher={ACM},
  pages={1--6},
  year={2017}
}

@inproceedings{shi2018attention,
  title={Attention-based adaptive model to unify warm and cold starts recommendation},
  author={Shi, Shaoyun and Zhang, Min and Liu, Yiqun and Ma, Shaoping},
  booktitle={CIKM},
  pages={127--136},
  year={2018},
  publisher={ACM}
}

@inproceedings{wen2022distributionally,
  title={Distributionally-robust recommendations for improving worst-case user experience},
  author={Wen, Hongyi and Yi, Xinyang and Yao, Tiansheng and Tang, Jiaxi and Hong, Lichan and Chi, Ed H},
  booktitle={WWW},
  pages={3606--3610},
  year={2022},
  publisher={ACM}
}

@inproceedings{shalaby2022m2trec,
  title={M2TRec: metadata-aware multi-task transformer for large-scale and cold-start free session-based recommendations},
  author={Shalaby, Walid and Oh, Sejoon and Afsharinejad, Amir and Kumar, Srijan and Cui, Xiquan},
  booktitle={RecSys},
  pages={573--578},
  year={2022},
  publisher={ACM}
}

@inproceedings{dangovski2021equivariant,
  title={Equivariant Contrastive Learning},
  author={Dangovski, Rumen and Jing, Li and Loh, Charlotte and Han, Seungwook and Srivastava, Akash and Cheung, Brian and Agrawal, Pulkit and Solja{\v{c}}i{\'c}, Marin},
  journal={arXiv:2111.00899},
  year={2021}
}

@inproceedings{wang2021seq,
title = {Sequential Recommendation for Cold-Start Users with Meta Transitional Learning},
author = {Wang, Jianling and Ding, Kaize and Caverlee, James},
year = {2021},
publisher = {ACM},
pages = {1783–1787},
booktitle = {SIGIR},
}

@inproceedings{zhu2021transfer,
  title={Transfer-meta framework for cross-domain recommendation to cold-start users},
  author={Zhu, Yongchun and Ge, Kaikai and Zhuang, Fuzhen and Xie, Ruobing and Xi, Dongbo and Zhang, Xu and Lin, Leyu and He, Qing},
  booktitle={SIGIR},
  pages={1813--1817},
  year={2021},
  publisher = {ACM},
}

@inproceedings{sun2021form,
  title={FORM: follow the online regularized meta-leader for cold-start recommendation},
  author={Sun, Xuehan and Shi, Tianyao and Gao, Xiaofeng and Kang, Yanrong and Chen, Guihai},
  booktitle={SIGIR},
  pages={1177--1186},
  year={2021},
  publisher = {ACM},
}

@inproceedings{du2022socially,
  title={Socially-aware Dual Contrastive Learning for Cold-Start Recommendation},
  author={Du, Jing and Ye, Zesheng and Yao, Lina and Guo, Bin and Yu, Zhiwen},
  booktitle={SIGIR},
  pages={1927--1932},
  year={2022},
  publisher={ACM}
}

@inproceedings{huan2022industrial,
  title={An Industrial Framework for Cold-Start Recommendation in Zero-Shot Scenarios},
  author={Huan, Zhaoxin and Zhang, Gongduo and Zhang, Xiaolu and Zhou, Jun and Wu, Qintong and Gu, Lihong and Gu, Jinjie and He, Yong and Zhu, Yue and Mo, Linjian},
  booktitle={SIGIR},
  pages={3403--3407},
  year={2022},
  publisher={ACM}
}

@inproceedings{DiCiccio2020Evaluating,
  author    = {Cyrus DiCiccio and
               Sriram Vasudevan and
               Kinjal Basu and
               Krishnaram Kenthapadi and
               Deepak Agarwal},
  title     = {Evaluating Fairness Using Permutation Tests},
  booktitle = {KDD},
  pages     = {1467--1477},
  publisher = {ACM},
  year      = {2020}
}
@inproceedings{zhang2021cause,
  title={CauseRec: Counterfactual User Sequence Synthesis for Sequential Recommendation},
  author={Zhang, Shengyu and Yao, Dong and Zhao, Zhou and Chua, Tat-Seng and Wu , Fei},
  booktitle={SIGIR},
  publisher = {ACM},
  pages = {367–377},
  year={2021}
}
@inproceedings{zhang2020devlbert,
  title={DeVLBert: Learning Deconfounded Visio-Linguistic Representations},
  author={Zhang, Shengyu and Jiang, Tan and Wang, Tan and Kuang, Kun and Zhao, Zhou and Zhu, Jianke and Yu, Jin and Yang, Hongxia and Wu, Fei},
  booktitle={MM},
  publisher = {ACM},
  pages={4373--4382},
  year={2020}
}
@inproceedings{liu2021interest,
  title={Interest-aware Message-Passing GCN for Recommendation},
  author={Liu, Fan and Cheng, Zhiyong and Zhu, Lei and Gao, Zan and Nie, Liqiang},
  booktitle={WWW},
  publisher = {ACM},
  pages={1296--1305},
  year={2021}
}
@inproceedings{rendle2008online,
  title={Online-updating Regularized Kernel Matrix Factorization Models for Large-scale Recommender Systems},
  author={Rendle, Steffen and Schmidt-Thieme, Lars},
  booktitle={RecSys},
  pages={251--258},
  year={2008},
  publisher={ACM}
}
@inproceedings{nema2021disentangling,
  title={Disentangling Preference Representations for Recommendation Critiquing with {\ss}-VAE},
  author={Nema, Preksha and Karatzoglou, Alexandros and Radlinski, Filip},
  booktitle={CIKM},
  pages={1356--1365},
  year={2021},
  publisher={ACM}
}

@inproceedings{wei2020GRCN,
  title={Graph-Refined Convolutional Network for Multimedia Recommendation with Implicit Feedback},
  author={Wei, Yinwei and Wang, Xiang and Nie, Liqiang and He, Xiangnan and Chua, Tat-Seng},
  booktitle={MM},
  pages={3541--3549},
  publisher={ACM},
  year={2020}
}
@inproceedings{yang2021causalvae,
  title={CausalVAE: Disentangled Representation Learning via Neural Structural Causal Models},
  author={Yang, Mengyue and Liu, Furui and Chen, Zhitang and Shen, Xinwei and Hao, Jianye and Wang, Jun},
  booktitle={CVPR},
  pages={9593--9602},
  publisher={IEEE},
  year={2021}
}
@inproceedings{abdollahpouri2020connection,
  title={The Connection Between Popularity Bias, Calibration, and Fairness in Recommendation},
  author={Abdollahpouri, Himan and Mansoury, Masoud and Burke, Robin and Mobasher, Bamshad},
  booktitle={RecSys},
  pages={726--731},
  publisher={ACM},
  year={2020}
}
@inproceedings{wang2020disentangled,
  title={Disentangled Graph Collaborative Filtering},
  author={Wang, Xiang and Jin, Hongye and Zhang, An and He, Xiangnan and Xu, Tong and Chua, Tat-Seng},
  booktitle={SIGIR},
  pages={1001--1010},
  year={2020},
  publisher={ACM}
}
@inproceedings{wang2020disenhan,
  title={DisenHAN: Disentangled Heterogeneous Graph Attention Network for Recommendation},
  author={Wang, Yifan and Tang, Suyao and Lei, Yuntong and Song, Weiping and Wang, Sheng and Zhang, Ming},
  booktitle={CIKM},
  pages={1605--1614},
  year={2020},
  publisher={ACM}
}
@article{cui2021disentangled,
  title={Disentangled Item Representation for Recommender Systems},
  author={Cui, Zeyu and Yu, Feng and Wu, Shu and Liu, Qiang and Wang, Liang},
  journal={TIST},
  volume={12},
  number={2},
  pages={1--20},
  year={2021},
  publisher={ACM}
}
@inproceedings{li2021towards,
  author    = {Yunqi Li and
               Hanxiong Chen and
               Shuyuan Xu and
               Yingqiang Ge and
               Yongfeng Zhang},
  title     = {Towards Personalized Fairness Based on Causal Notion},
  booktitle = {SIGIR},
  pages     = {1054--1063},
  year      = {2021},
  publisher = {ACM}
}
@inproceedings{wang2021counterfactual,
  title={Counterfactual Data-augmented Sequential Recommendation},
  author={Wang, Zhenlei and Zhang, Jingsen and Xu, Hongteng and Chen, Xu and Zhang, Yongfeng and Zhao, Wayne Xin and Wen, Ji-Rong},
  booktitle={SIGIR},
  pages={347--356},
  year={2021},
  publisher = {ACM}
}
@inproceedings{yang2021top,
  title={Top-N Recommendation with Counterfactual User Preference Simulation},
  author={Yang, Mengyue and Dai, Quanyu and Dong, Zhenhua and Chen, Xu and He, Xiuqiang and Wang, Jun},
  booktitle={CIKM},
  pages={2342--2351},
  year={2021},
  publisher = {ACM}
}
@inproceedings{Khanh2021Counterfactual,
  author    = {Khanh Hiep Tran and
               Azin Ghazimatin and
               Rishiraj Saha Roy},
  title     = {Counterfactual Explanations for Neural Recommenders},
  booktitle = {SIGIR},
  pages     = {1627--1631},
  publisher = {ACM},
  year      = {2021}
}
@inproceedings{zheng2021disentangling,
  title={Disentangling User Interest and Conformity for Recommendation with Causal Embedding},
  author={Zheng, Yu and Gao, Chen and Li, Xiang and He, Xiangnan and Li, Yong and Jin, Depeng},
  booktitle={WWW},
  pages={2980--2991},
  year={2021},
  publisher={ACM}
}
@inproceedings{ma2020disentangled,
  title={Disentangled Self-supervision in Sequential Recommenders},
  author={Ma, Jianxin and Zhou, Chang and Yang, Hongxia and Cui, Peng and Wang, Xin and Zhu, Wenwu},
  booktitle={KDD},
  pages={483--491},
  year={2020},
  publisher={ACM}
}
@inproceedings{wang2021learning,
  title={Learning Intents behind Interactions with Knowledge Graph for Recommendation},
  author={Wang, Xiang and Huang, Tinglin and Wang, Dingxian and Yuan, Yancheng and Liu, Zhenguang and He, Xiangnan and Chua, Tat-Seng},
  booktitle={WWW},
  pages={878--887},
  year={2021},
  publisher={ACM}
}
@inproceedings{he2020lightgcn,
  title={Lightgcn: Simplifying and powering graph convolution network for recommendation},
  author={He, Xiangnan and Deng, Kuan and Wang, Xiang and Li, Yan and Zhang, Yongdong and Wang, Meng},
  booktitle={SIGIR},
  pages={639--648},
  year={2020}
}
@inproceedings{Samuel2016generating,
  author    = {Samuel R. Bowman and
               Luke Vilnis and
               Oriol Vinyals and
               Andrew M. Dai and
               Rafal J{\'{o}}zefowicz and
               Samy Bengio},
  title     = {Generating Sentences from a Continuous Space},
  booktitle = {CoNLL},
  pages     = {10--21},
  publisher = {{ACL}},
  year      = {2016}
}
@inproceedings{Kingma2014Auto,
  author    = {Diederik P. Kingma and
               Max Welling},
  title     = {Auto-Encoding Variational Bayes},
  booktitle = {ICLR},
  year      = {2014}
}
@inproceedings{zhang2020a,
  author    = {Cheng Zhang and
               Kun Zhang and
               Yingzhen Li},
  title     = {A Causal View on Robustness of Neural Networks},
  booktitle = {NeurIPS},
  year      = {2020},
  volume    = {33},
  publisher = {Curran Associates, Inc.}
}
@inproceedings{gershman2014amortized,
  title={Amortized Inference in Probabilistic Reasoning},
  author={Gershman, Samuel and Goodman, Noah},
  booktitle={CogSci},
  volume={36},
  number={36},
  year={2014}
}
@inproceedings{xia2021causal,
  title={The Causal-Neural Connection: Expressiveness, Learnability, and Inference},
  author={Xia, Kevin and Lee, Kai-Zhan and Bengio, Yoshua and Bareinboim, Elias},
  year={2021},
  booktitle = {NeurIPS},
  publisher = {Curran Associates, Inc.}
}
@inproceedings{wang2018neural,
  title={Neural Memory Streaming Recommender Networks with Adversarial Training},
  author={Wang, Qinyong and Yin, Hongzhi and Hu, Zhiting and Lian, Defu and Wang, Hao and Huang, Zi},
  booktitle={KDD},
  pages={2467--2475},
  year={2018},
  publisher={ACM}
}
@inproceedings{ma2019learning,
  title={Learning Disentangled Representations for Recommendation},
  author={Ma, Jianxin and Zhou, Chang and Cui, Peng and Yang, Hongxia and Zhu, Wenwu},
  booktitle = {NeurIPS},
  pages     = {5712--5723},
  publisher = {Curran Associates, Inc.},
  year={2019}
}
@article{scholkopf2021toward,
  title={Toward Causal Representation Learning},
  author={Sch{\"o}lkopf, Bernhard and Locatello, Francesco and Bauer, Stefan and Ke, Nan Rosemary and Kalchbrenner, Nal and Goyal, Anirudh and Bengio, Yoshua},
  journal={Proceedings of the IEEE},
  volume={109},
  number={5},
  pages={612--634},
  year={2021},
  publisher={IEEE}
}
@inproceedings{yoshua2020a,
  author    = {Yoshua Bengio and
               Tristan Deleu and
               Nasim Rahaman and
               Nan Rosemary Ke and
               S{\'{e}}bastien Lachapelle and
               Olexa Bilaniuk and
               Anirudh Goyal and
               Christopher J. Pal},
  title     = {A Meta-Transfer Objective for Learning to Disentangle Causal Mechanisms},
  booktitle = {ICLR},
  year      = {2020}
}
@inproceedings{liang2018variational,
  title={Variational Autoencoders for Collaborative Filtering},
  author={Liang, Dawen and Krishnan, Rahul G and Hoffman, Matthew D and Jebara, Tony},
  booktitle={WWW},
  pages={689--698},
  year={2018},
  publisher={ACM}
}
@article{van2008visualizing,
  title={Visualizing Data Using t-SNE.},
  author={Van der Maaten, Laurens and Hinton, Geoffrey},
  journal={JMLR},
  volume={9},
  number={11},
  year={2008}
}
@inproceedings{belkin2002using,
  title={Using manifold stucture for partially labeled classification},
  author={Belkin, Mikhail and Niyogi, Partha},
  booktitle = {NeurIPS},
  pages={929--936},
  publisher = {Curran Associates, Inc.},
  year={2002}
}

@article{berard1994embedding,
  title={Embedding Riemannian manifolds by their heat kernel},
  author={B{\'e}rard, Pierre and Besson, G{\'e}rard and Gallot, Sylvain},
  journal={GAFA},
  volume={4},
  number={4},
  pages={373--398},
  year={1994},
  publisher={Springer}
}

@article{coifman2005geometric,
  title={Geometric diffusions as a tool for harmonic analysis and structure definition of data: Diffusion maps},
  author={Coifman, Ronald R and Lafon, Stephane and Lee, Ann B and Maggioni, Mauro and Nadler, Boaz and Warner, Frederick and Zucker, Steven W},
  journal={Proceedings of the National Academy of Sciences of the United States of America},
  volume={102},
  number={21},
  pages={7426--7431},
  year={2005},
  publisher={National Acad Sciences}
}


% baseline approaches.
@inproceedings{he2016vbpr,
  title={\text{VBPR}: visual bayesian personalized ranking from implicit feedback},
  author={He, Ruining and McAuley, Julian},
  booktitle={AAAI},
  year={2016},
  publisher={AAAI press}
}

@inproceedings{chen2017attentive,
  title={Attentive collaborative filtering: Multimedia recommendation with item-and component-level attention},
  author={Chen, Jingyuan and Zhang, Hanwang and He, Xiangnan and Nie, Liqiang and Liu, Wei and Chua, Tat-Seng},
  booktitle={SIGIR},
  pages={335-344},
  year={2017},
  publisher={ACM}
}

@inproceedings{wang2019NGCF,
  author    = {Xiang Wang and
               Xiangnan He and
               Meng Wang and
               Fuli Feng and
               Tat{-}Seng Chua},
  title     = {Neural Graph Collaborative Filtering},
  booktitle = {SIGIR},
  pages     = {165-174},
  year      = {2019},
  publisher={ACM}
}
@inproceedings{wei2019mmgcn,
  title={\text{MMGCN:} Multi-modal Graph Convolution Network for Personalized Recommendation of Micro-video},
  author={Wei, Yinwei and Wang, Xiang and Nie, Liqiang and He, Xiangnan and Hong, Richang and Chua, Tat-Seng},
  booktitle={MM},
  pages={1437-1445},
  year={2019},
  publisher={ACM}
}
@book{pearl2009causality,
  title={Causality},
  author={Pearl, Judea},
  year={2009},
  publisher={Cambridge university press}
}

@inproceedings{judea2001direct,
  title={Direct and indirect effects},
  author={Judea Pearl},
  booktitle={UAI},
  pages={411-420},
  year={2001},
  publisher={Morgan Kaufmann Publishers Inc}
}
@inproceedings{james2003semantics,
  title={Semantics of causal dag models and the identiﬁcation of direct and indirect effects},
  author={James M Robins},
  booktitle={Oxford Statistical Science Series},
  pages={70-82},
  year={2003}
}


% related work of multimedia recommendation.
@inproceedings{chen2012personalized,
  title={Personalized video recommendation through tripartite graph propagation},
  author={Chen, Bisheng and Wang, Jingdong and Huang, Qinghua and Mei, Tao},
  booktitle={SIGIR},
  pages={1133-1136},
  year={2012},  
  publisher={ACM}
}

@inproceedings{baluja2008video,
  title={Video suggestion and discovery for youtube: taking random walks through the view graph},
  author={Baluja, Shumeet and Seth, Rohan and Sivakumar, Dharshi and Jing, Yushi and Yagnik, Jay and Kumar, Shankar and Ravichandran, Deepak and Aly, Mohamed},
  booktitle={WWW},
  pages={895-904},
  year={2008},
  publisher={ACM}
}

@inproceedings{mei2007videoreach,
  title={Videoreach: an online video recommendation system},
  author={Mei, Tao and Yang, Bo and Hua, Xian-Sheng and Yang, Linjun and Yang, Shi-Qiang and Li, Shipeng},
  booktitle={SIGIR},
  pages={767-768},
  year={2007},
  publisher={ACM}
}

@article{wang2012multimodal,
  title={Multimodal graph-based reranking for web image search},
  author={Wang, Meng and Li, Hao and Tao, Dacheng and Lu, Ke and Wu, Xindong},
  journal={T IMAGE PROCESS},
  volume={21},
  number={11},
  pages={4649-4661},
  year={2012},
  publisher={IEEE}
}

@inproceedings{cui2014videos,
  title={What videos are similar with you? learning a common attributed representation for video recommendation},
  author={Cui, Peng and Wang, Zhiyu and Su, Zhou},
  booktitle={MM},
  pages={597-606},
  year={2014},
  publisher={ACM}
}

@article{cheng2016effective,
  title={On effective location-aware music recommendation},
  author={Cheng, Zhiyong and Shen, Jialie},
  journal={TOIS},
  volume={34},
  number={2},
  pages={1-32},
  year={2016},
  publisher={ACM}
}



@inproceedings{tuan20173d,
  title={3D convolutional networks for session-based recommendation with content features},
  author={Tuan, Trinh Xuan and Phuong, Tu Minh},
  booktitle={RecSys},
  pages={138-146},
  year={2017},
  publisher={ACM}
}

@inproceedings{gao2017unified,
  title={A unified personalized video recommendation via dynamic recurrent neural networks},
  author={Gao, Junyu and Zhang, Tianzhu and Xu, Changsheng},
  booktitle={SIGIR},
  pages={127-135},
  year={2017},
  publisher={ACM}
}

@inproceedings{zhou2018atrank,
  title={Atrank: An attention-based user behavior modeling framework for recommendation},
  author={Zhou, Chang and Bai, Jinze and Song, Junshuai and Liu, Xiaofei and Zhao, Zhengchao and Chen, Xiusi and Gao, Jun},
  booktitle={AAAI},
  year={2018},
  publisher={AAAI press}
}

% related work of noisy implicit feedback.
@article{fox2005Evaluating,
  title={Evaluating Implicit Measures to Improve Web Search},
  author={Steve Fox And Kuldeep Karnawat And Mark Mydland And Susan Dumais And Thomas White},
  journal={TOIS},
  volume={23},
  number={2},
  pages={147-168},
  year={2005},
  publisher={ACM}
}
@inproceedings{Yang2012Exploiting,
  title={Exploiting Various Implicit Feedback for Collaborative Filtering},
  author={Byoungju Yang and Sangkeun Lee and Sungchan Park and Sang-goo Lee},
  booktitle={WWW},
  pages={639-640},
  year={2012},
  publisher={ACM}
}
@inproceedings{Yi2014Beyond,
  title={Beyond clicks: dwell time for personalization},
  author={Xing Yi and Liangjie Hong and Erheng Zhong and Nanthan Nan Liu and Suju Rajan},
  booktitle={RecSys},
  pages={113-120},
  year={2014},
  publisher={ACM}
}
@inproceedings{Kim2014Modeling,
  title={Modeling dwell time to predict click-level satisfaction},
  author={Youngho Kim and Ahmed Hassan and Ryen W White and Imed Zitouni},
  booktitle={WSDM},
  pages={193-202},
  year={2014},
  publisher={ACM}
}
@inproceedings{Lalmas2015Promoting,
  title={Promoting positive post-click experience for in-stream yahoo gemini users},
  author={Mounia Lalmas and Janette Lehmann and Guy Shaked and Fabrizio Silvestri, and Gabriele Tolomei},
  booktitle={KDD},
  pages={1929-1938},
  year={2015},
  publisher={ACM}
}
@inproceedings{Zhang2015adaqac,
  title={adaqac: Adaptive query auto-completion via implicit negative feedback},
  author={Aston Zhang and Amit Goyal and Weize Kong and Hongbo Deng and Anlei Dong and Yi Chang and Carl A Gunter, and Jiawei Han},
  booktitle={SIGIR},
  pages={143-152},
  year={2015},
  publisher={ACM}
}
@inproceedings{Zhao2016Gaze,
  title={Gaze Prediction for Recommender Systems},
  author={Qian Zhao and Shuo Chang and F. Maxwell Harper and Joseph A. Konstan},
  booktitle={RecSys},
  pages={131-138},
  year={2016},
  publisher={ACM}
}
@inproceedings{Zhao2018Explicit,
  title={Explicit or Implicit Feedback? Engagement or Satisfaction?},
  author={Qian Zhao and F. Maxwell Harper and Gediminas Adomavicius and Joseph A. Konstan},
  booktitle={SAC},
  pages={1331-1340},
  year={2018},
  publisher={ACM}
}
@inproceedings{Lu2018Between,
  title = {Between Clicks and Satisfaction: Study on Multi-Phase User Preferences and Satisfaction for Online News Reading},
  author = {Lu, Hongyu and Zhang, Min and Ma, Shaoping},
  booktitle={SIGIR},
  pages = {435-444},
  year={2018},
  publisher={ACM}
}
@inproceedings{Frolov2016Fifty,
  title = {Fifty Shades of Ratings: How to Benefit from a Negative Feedback in Top-N Recommendations Tasks},
  author = {Evgeny Frolov and Ivan Oseledets},
  booktitle={RecSys},
  pages = {91-98},
  year={2016},
  publisher={ACM}
}
@inproceedings{Lu2019effects,
  title = {Effects of User Negative Experience in Mobile News Streaming},
  author = {Lu, Hongyu and Zhang, Min and Ma, Weizhi and Wang, Ce and xia, Feng and Liu, Yiqun and Lin, Leyu and Ma, Shaoping},
  booktitle={SIGIR},
  pages = {705-714},
  year={2019},
  publisher={ACM}
}
@inproceedings{Jagerman2019To,
  title = {To Model or to Intervene: A Comparison of Counterfactual and Online Learning to Rank from User Interactions},
  author = {Rolf Jagerman and Harrie Oosterhuis and Maarten de Rijke},
  booktitle={SIGIR},
  pages = {15-24},
  year={2019},
  publisher={ACM}
}
@inproceedings{Wen2019Leveraging,
  title = {Leveraging Post-click Feedback for Content Recommendations},
  author = {Wen, Hongyi and Yang, Longqi and Estrin, Deborah},
  booktitle = {RecSys},
  pages = {278-286},
  year={2019},
  publisher={ACM}
}
@inproceedings{Li2019Click,
  title = {Click Feedback-Aware Query Recommendation Using Adversarial Examples},
  author = {Li, Ruirui and Li, Liangda and Wu, Xian and Zhou, Yunhong and Wang, Wei},
  booktitle={WWW},
  pages = {2978-2984},
  year={2019},
  publisher={ACM}
}
@inproceedings{He2017Neural,
  title = {Neural Collaborative Filtering},
  author = {He, Xiangnan and Liao, Lizi and Zhang, Hanwang and Nie, Liqiang and Hu, Xia and Chua, Tat-Seng},
  booktitle={WWW},
  pages = {173-182},
  year={2017},
  publisher={ACM}
}
@inproceedings{Gal2019When,
  title = {When Actions Speak Louder Than Clicks: A Combined Model of Purchase Probability and Long-term Customer Satisfaction},
  author = {Lavee, Gal and Koenigstein, Noam and Barkan, Oren},
  booktitle = {RecSys},
  pages = {287-295},
  year={2019},
  publisher={ACM}
}
@incollection{gunawardana2015evaluating,
  title={Evaluating recommender systems},
  author={Gunawardana, Asela and Shani, Guy},
  booktitle={Recommender systems handbook},
  pages={265-308},
  year={2015},
  publisher={Springer}
}

@inproceedings{Lam2004Shilling,
  author = {Lam, Shyong K. and Riedl, John},
  title = {Shilling Recommender Systems for Fun and Profit},
  booktitle = {WWW},
  year = {2004},
  pages = {393-402},
  publisher={ACM}
}

@inproceedings{Shriver2019Evaluating,
  title = {Evaluating Recommender System Stability with Influence-Guided Fuzzing},
  author={David Shriver and Sebastian G. Elbaum and Matthew B. Dwyer and David S. Rosenblum},
  booktitle={AAAI},
  year={2019},
  pages = {4934-4942},
  publisher = {{AAAI} Press}
}

@inproceedings{Florian2015Collaborative,
  title={Collaborative Filtering with Stacked Denoising AutoEncoders and Sparse Inputs},
  author={Strub, Florian and Mary, Jeremie},
  booktitle={NeurIPS},
  year={2015},
  organization = {MIT Press}
}

@inproceedings{wu2016collaborative,
  title={Collaborative denoising auto-encoders for top-n recommender systems},
  author={Wu, Yao and DuBois, Christopher and Zheng, Alice X and Ester, Martin},
  booktitle={WSDM},
  pages={153-162},
  year={2016},
  organization={ACM}
}

@inproceedings{han2018co,
  title={Co-teaching: Robust training of deep neural networks with extremely noisy labels},
  author={Han, Bo and Yao, Quanming and Yu, Xingrui and Niu, Gang and Xu, Miao and Hu, Weihua and Tsang, Ivor and Sugiyama, Masashi},
  publisher = {Curran Associates Inc.},
  booktitle = {Proceedings of the  International Conference on Neural Information Processing Systems},
  pages={8527-8537},
  year={2018},
  organization = {MIT Press}
}
@inproceedings{yu2019does,
  title={How does Disagreement Help Generalization against Label Corruption?},
  author={Yu, Xingrui and Han, Bo and Yao, Jiangchao and Niu, Gang and Tsang, Ivor and Sugiyama, Masashi},
  booktitle={ICML},
  pages={7164-7173},
  year={2019},
  publisher = {PMLR},
}
@inproceedings{lu2018MentorNet,
  title={MentorNet: Learning Data-Driven Curriculum for Very Deep Neural Networks on Corrupted Labels},
  author={Jiang, Lu and Zhou, Zhengyuan and Leung, Thomas and Li, Li-Jia and Fei-Fei, Li},
  booktitle={ICML},
  pages={2304-2313},
  year={2018},
  publisher = {PMLR},
}
@inproceedings{arpit2017closer,
  title={A closer look at memorization in deep networks},
  author={Arpit, Devansh and Jastrz{\k{e}}bski, Stanis{\l}aw and Ballas, Nicolas and Krueger, David and Bengio, Emmanuel and Kanwal, Maxinder S and Maharaj, Tegan and Fischer, Asja and Courville, Aaron and Bengio, Yoshua and others},
  booktitle={ICML},
  pages={233-242},
  year={2017},
  publisher = {PMLR},
}

@inproceedings{zhang2016understanding,
  title={Understanding deep learning requires rethinking generalization},
  author={Zhang, Chiyuan and Bengio, Samy and Hardt, Moritz and Recht, Benjamin and Vinyals, Oriol},
  booktitle={arXiv:1611.03530},
  year={2016}
}
@inproceedings{Gulla2017the,
    author = {Gulla, Jon Atle and Zhang, Lemei and Liu, Peng and \"{O}zg\"{o}bek, \"{O}zlem and Su, Xiaomeng},
    title = {The Adressa Dataset for News Recommendation},
    year = {2017},
    publisher = {ACM},
    booktitle = {Proceedings of the International Conference on Web Intelligence},
    pages = {1042-1048}
}

@inproceedings{Yin2013silence,
    author = {Yin, Peifeng and Luo, Ping and Lee, Wang-Chien and Wang, Min},
    title = {Silence is Also Evidence: Interpreting Dwell Time for Recommendation from Psychological Perspective},
    year = {2013},
    publisher = {ACM},
    booktitle = {KDD},
    pages = {989-997},
}
@inproceedings{liu2010understanding,
  title={Understanding web browsing behaviors through Weibull analysis of dwell time},
  author={Liu, Chao and White, Ryen W and Dumais, Susan},
  booktitle={SIGIR},
  pages={379-386},
  year={2010},
  organization={ACM}
}
@inproceedings{he2016ups,
    author = {He, Ruining and McAuley, Julian},
    title = {Ups and Downs: Modeling the Visual Evolution of Fashion Trends with One-Class Collaborative Filtering},
    year = {2016},
    publisher = {ACM},
    booktitle = {WWW},
    pages = {507-517}
}
@article{Krizhevsky2017imagenet,
    author = {Krizhevsky, Alex and Sutskever, Ilya and Hinton, Geoffrey E.},
    title = {ImageNet Classification with Deep Convolutional Neural Networks},
    year = {2017},
    volume = {60},
    number = {6},
    journal = {Communications of the ACM},
    pages = {84-90},
}
@inproceedings{kingma2014adam,
  title={Adam: A Method for Stochastic Optimization},
  author={Kingma, Diederik P and Ba, Jimmy},
  booktitle={arXiv:1412.6980},
  year={2014}
}
@book{Goodfellow2016deep,
    title={Deep Learning},
    author={Ian Goodfellow and Yoshua Bengio and Aaron Courville},
    publisher={MIT Press},
    year={2016}
}
@inproceedings{Lin2019cross,
    author = {Lin, Tzu-Heng and Gao, Chen and Li, Yong},
    title = {CROSS: Cross-Platform Recommendation for Social E-Commerce},
    year = {2019},
    publisher = {ACM},
    booktitle = {SIGIR},
    pages = {515-524},
}


@inproceedings{Yang2018robust,
    author = {Yang, Peng and Zhao, Peilin and Zheng, Vincent W. and Ding, Lizhong and Gao, Xin},
    title = {Robust Asymmetric Recommendation via Min-Max Optimization},
    year = {2018},
    publisher = {ACM},
    booktitle = {SIGIR},
    pages = {1077-1080},
}

@inproceedings{Chen2019An,
    author = {Chen, Chong and Zhang, Min and Wang, Chenyang and Ma, Weizhi and Li, Minming and Liu, Yiqun and Ma, Shaoping},
    title = {An Efficient Adaptive Transfer Neural Network for Social-Aware Recommendation},
    year = {2019},
    publisher = {ACM},
    booktitle = {SIGIR},
    pages = {225-234}
}
@INPROCEEDINGS{Hu2008CF,
    author={Y. {Hu} and Y. {Koren} and C. {Volinsky}},
    booktitle={ICDM},
    title={Collaborative Filtering for Implicit Feedback Datasets},
    year={2008},
    pages={263-272},
    organization={IEEE}
}

@article{koren2009matrix,
  title={Matrix factorization techniques for recommender systems},
  author={Koren, Yehuda and Bell, Robert and Volinsky, Chris},
  journal={Computer},
  number={8},
  volume={42},
  pages={30-37},
  year={2009},
  publisher={IEEE}
}


@inproceedings{Koren2008Factorization,
    author = {Koren, Yehuda},
    title = {Factorization Meets the Neighborhood: A Multifaceted Collaborative Filtering Model},
    year = {2008},
    publisher = {ACM},
    booktitle = {KDD},
    pages = {426-434}
}

@article{Rosasco2004are,
    author = {Rosasco, Lorenzo and De Vito, Ernesto and Caponnetto, Andrea and Piana, Michele and Verri, Alessandro},
    title = {Are Loss Functions All the Same?},
    year = {2004},
    publisher = {MIT Press},
    volume = {16},
    number = {5},
    journal = {Neural Computation.},
    pages = {1063-1076}
}
@inproceedings{rendle2009bpr,
  title={BPR: Bayesian personalized ranking from implicit feedback},
  author={Rendle, Steffen and Freudenthaler, Christoph and Gantner, Zeno and Schmidt-Thieme, Lars},
  booktitle={UAI},
  pages={452-461},
  year={2009},
  organization={AUAI Press}
}

% related work of Causal inference.

@article{courty2016optimal,
  title={Optimal transport for domain adaptation},
  author={Courty, Nicolas and Flamary, R{\'e}mi and Tuia, Devis and Rakotomamonjy, Alain},
  journal={transactions on pattern analysis and machine intelligence},
  volume={39},
  number={9},
  pages={1853-1865},
  year={2016},
  publisher={IEEE}
}

@inproceedings{johansson2016learning,
  title={Learning representations for counterfactual inference},
  author={Johansson, Fredrik and Shalit, Uri and Sontag, David},
  booktitle={ICML},
  pages={3020-3029},
  year={2016}
}

@inproceedings{liang2016modeling,
  title={Modeling user exposure in recommendation},
  author={Liang, Dawen and Charlin, Laurent and McInerney, James and Blei, David M},
  booktitle={WWW},
  pages={951-961},
  year={2016},
  publisher={ACM}
}

@inproceedings{liang2016causal,
  title={Causal inference for recommendation},
  author={Liang, Dawen and Charlin, Laurent and Blei, David M},
  booktitle={UAI},
  year={2016},
  organization={AUAI}
}

@inproceedings{bonner2018causal,
  title={Causal Embeddings for Recommendation},
  author={Bonner, Stephen and Vasile, Flavian},
  booktitle={RecSys},
  pages={104-112},
  year={2018},  
  publisher={ACM}
}

@inproceedings{wang2018deconfounded,
  title={The Deconfounded Recommender: A Causal Inference Approach to Recommendation},
  author={Wang, Yixin and Liang, Dawen and Charlin, Laurent and Blei, David M},
  booktitle={arXiv:1808.06581},
  year={2018}
}

@article{ROSENBAUM1983the,
    author = {Rosenbaum, Paul R. and Rubin, Donald B.},
    title = "{The central role of the propensity score in observational studies for causal effects}",
    journal = {Biometrika},
    volume = {70},
    number = {1},
    pages = {41-55},
    year = {1983},
    month = {04}
}


@inproceedings{ai2018unbiased,
    author = {Ai, Qingyao and Bi, Keping and Luo, Cheng and Guo, Jiafeng and Croft, W. Bruce},
    title = {Unbiased Learning to Rank with Unbiased Propensity Estimation},
    year = {2018},
    publisher = {ACM},
    booktitle = {SIGIR},
    pages = {385-394}
}

@inproceedings{Thorsten2017unbiased,
    author = {Joachims, Thorsten and Swaminathan, Adith and Schnabel, Tobias},
    title = {Unbiased Learning-to-Rank with Biased Feedback},
    year = {2017},
    publisher = {ACM},
    booktitle = {WSDM},
    pages = {781-789}
}


@inproceedings{Nick2008an,
    author = {Craswell, Nick and Zoeter, Onno and Taylor, Michael and Ramsey, Bill},
    title = {An Experimental Comparison of Click Position-Bias Models},
    year = {2008},
    publisher = {ACM},
    booktitle = {WSDM},
    pages = {87-94}
}
@inproceedings{jiang2020what,
    author = {Jiang, Hao and Wang, Wenjie and Wei, Yinwei and Gao, Zan and Wang, Yinglong and Nie, Liqiang},
    title = {What Aspect Do You Like: Multi-Scale Time-Aware User Interest Modeling for Micro-Video Recommendation},
    year = {2020},
    publisher = {ACM},
    booktitle = {MM},
    pages = {3487–3495},
}
@inproceedings{Hidayati2018what,
    author = {Hidayati, Shintami Chusnul and Hsu, Cheng-Chun and Chang, Yu-Ting and Hua, Kai-Lung and Fu, Jianlong and Cheng, Wen-Huang},
    title = {What Dress Fits Me Best? Fashion Recommendation on the Clothing Style for Personal Body Shape},
    year = {2018},
    publisher = {ACM},
    booktitle = {SIGIR},
    pages = {438-446},
}

@inproceedings{Chen2018temporal,
    author = {Chen, Xusong and Liu, Dong and Zha, Zheng-Jun and Zhou, Wengang and Xiong, Zhiwei and Li, Yan},
    title = {Temporal Hierarchical Attention at Category- and Item-Level for Micro-Video Click-Through Prediction},
    year = {2018},
    publisher = {ACM},
    booktitle = {SIGIR},
    pages = {1146-1153},
}

@inproceedings{cui2014what,
    author = {Cui, Peng and Wang, Zhiyu and Su, Zhou},
    title = {What Videos Are Similar with You? Learning a Common Attributed Representation for Video Recommendation},
    year = {2014},
    publisher = {ACM},
    booktitle = {MM},
    pages = {597-606},
}

@inproceedings{Ferracani2016item,
    author = {Ferracani, Andrea and Pezzatini, Daniele and Bertini, Marco and Del Bimbo, Alberto},
    title = {Item-Based Video Recommendation: An Hybrid Approach Considering Human Factors},
    year = {2016},
    publisher = {ACM},
    booktitle = {ICMR},
    pages = {351-354}
}

@inproceedings{zannettou2018good,
  title={The good, the bad and the bait: Detecting and characterizing clickbait on YouTube},
  author={Zannettou, Savvas and Chatzis, Sotirios and Papadamou, Kostantinos and Sirivianos, Michael},
  booktitle={SPW},
  pages={63--69},
  year={2018},
  organization={IEEE}
}

@inproceedings{Abdollahpouri2017Controlling,
    author = {Abdollahpouri, Himan and Burke, Robin and Mobasher, Bamshad},
    title = {Controlling Popularity Bias in Learning-to-Rank Recommendation},
    year = {2017},
    publisher = {ACM},
    booktitle = {RecSys},
    pages = {42-46}
}

@inproceedings{abdollahpouri2019managing,
  title={Managing popularity bias in recommender systems with personalized re-ranking},
  author={Abdollahpouri, Himan and Burke, Robin and Mobasher, Bamshad},
  booktitle={FLAIRS},
  year={2019},
  publisher = {AAAI Press}
}

@inproceedings{Ying2018graph,
    author = {Ying, Rex and He, Ruining and Chen, Kaifeng and Eksombatchai, Pong and Hamilton, William L. and Leskovec, Jure},
    title = {Graph Convolutional Neural Networks for Web-Scale Recommender Systems},
    year = {2018},
    publisher = {ACM},
    booktitle = {KDD},
    pages = {974--983}
}

@inproceedings{fan2019graph,
    author = {Fan, Wenqi and Ma, Yao and Li, Qing and He, Yuan and Zhao, Eric and Tang, Jiliang and Yin, Dawei},
    title = {Graph Neural Networks for Social Recommendation},
    year = {2019},
    publisher ={ACM},
    booktitle = {WWW},
    pages = {417--426}
}

@book{Pearl2018the,
    author = {Pearl, Judea and Mackenzie, Dana},
    title = {The Book of Why: The New Science of Cause and Effect},
    year = {2018},
    publisher = {Basic Books, Inc.},
    edition = {1st}
}
@article{csaji2001approximation,
  title={Approximation with artificial neural networks},
  author={Cs{\'a}ji, Bal{\'a}zs Csan{\'a}d},
  journal={Faculty of Sciences, Etvs Lornd University, Hungary},
  volume={24},
  number={48},
  pages={7},
  year={2001},
  publisher={Citeseer}
}

@inproceedings{wang2020visual,
  title={Visual Commonsense r-cnn},
  author={Wang, Tan and Huang, Jianqiang and Zhang, Hanwang and Sun, Qianru},
  booktitle={CVPR},
  pages={10760--10770},
  year={2020},
  publisher = {IEEE}
}
@inproceedings{qi2019two,
  title={Two Causal Principles for Improving Visual Dialog},
  author={Qi, Jiaxin and Niu, Yulei and Huang, Jianqiang and Zhang, Hanwang},
  booktitle={arXiv:1911.10496},
  year={2019}
}
@inproceedings{Zhang2020Large,
    author = {Zhang, Wenhao and Bao, Wentian and Liu, Xiao-Yang and Yang, Keping and Lin, Quan and Wen, Hong and Ramezani, Ramin},
    title = {Large-Scale Causal Approaches to Debiasing Post-Click Conversion Rate Estimation with Multi-Task Learning},
    year = {2020},
    publisher = {ACM},
    booktitle = {WWW},
    pages = {2775--2781}
}
@inproceedings{wang2019doubly,
  title={Doubly Robust Joint Learning for Recommendation on Data Missing Not at Random},
  author={Wang, Xiaojie and Zhang, Rui and Sun, Yu and Qi, Jianzhong},
  booktitle={ICML},
  pages={6638--6647},
  year={2019},
  organization={PMLR}
}
@inproceedings{guo2021enhanced,
  author    = {Siyuan Guo and
               Lixin Zou and
               Yiding Liu and
               Wenwen Ye and
               Suqi Cheng and
               Shuaiqiang Wang and
               Hechang Chen and
               Dawei Yin and
               Yi Chang},
  title     = {Enhanced Doubly Robust Learning for Debiasing Post-Click Conversion Rate Estimation},
  booktitle = {SIGIR},
  pages     = {275--284},
  publisher = {ACM},
  year      = {2021}
}
@inproceedings{ding2021leveraging,
  title={Leveraging Two Types of Global Graph for Sequential Fashion Recommendation},
  author={Ding, Yujuan and Ma, Yunshan and Wong, Wai Keung and Chua, Tat-Seng},
  booktitle={ICMR},
  pages={73--81},
  publisher = {ACM},
  year={2021}
}
@inproceedings{saito2020unbiased,
  title={Unbiased Recommender Learning from Missing-Not-At-Random Implicit Feedback},
  author={Saito, Yuta and Yaginuma, Suguru and Nishino, Yuta and Sakata, Hayato and Nakata, Kazuhide},
  booktitle={WSDM},
  pages={501--509},
  year={2020},
  publisher = {ACM}
}

@inproceedings{Ovaisi2020Correcting,
    author = {Ovaisi, Zohreh and Ahsan, Ragib and Zhang, Yifan and Vasilaky, Kathryn and Zheleva, Elena},
    title = {Correcting for Selection Bias in Learning-to-Rank Systems},
    year = {2020},
    publisher = {ACM},
    booktitle = {WWW},
    pages = {1863--1873}
}

@inproceedings{Hofmann2012on,
    author = {Hofmann, Katja and Behr, Fritz and Radlinski, Filip},
    title = {On Caption Bias in Interleaving Experiments},
    publisher = {ACM},
    year = {2012},
    booktitle = {CIKM},
    pages = {115--124}
}
@inproceedings{Yue2010Beyond,
    author = {Yue, Yisong and Patel, Rajan and Roehrig, Hein},
    title = {Beyond Position Bias: Examining Result Attractiveness as a Source of Presentation Bias in Clickthrough Data},
    year = {2010},
    publisher = {ACM},
    booktitle = {WWW},
    pages = {1011--1018}
}
  

@inproceedings{Jamali2010a,
    author = {Jamali, Mohsen and Ester, Martin},
    title = {A Matrix Factorization Technique with Trust Propagation for Recommendation in Social Networks},
    year = {2010},
    publisher = {ACM},
    booktitle = {Proceedings of the 4th Conference on Recommender Systems},
    pages = {135--142}
}
  
@inproceedings{Yang2018unbiased,
    author = {Yang, Longqi and Cui, Yin and Xuan, Yuan and Wang, Chenyang and Belongie, Serge and Estrin, Deborah},
    title = {Unbiased Offline Recommender Evaluation for Missing-Not-at-Random Implicit Feedback},
    year = {2018},
    publisher = {ACM},
    booktitle = {RecSys},
    pages = {279--287}
}

@article{pearl2019seven,
  title={The seven tools of causal inference, with reflections on machine learning},
  author={Pearl, Judea},
  journal={Communications of the ACM},
  volume={62},
  number={3},
  pages={54--60},
  year={2019},
  publisher={ACM}
}
@article{rubin2005causal,
  title={Causal Inference Using Potential Outcomes: Design, Modeling, Decisions},
  author={Rubin, Donald B},
  journal={JASA},
  volume={100},
  number={469},
  pages={322--331},
  year={2005},
  publisher={Taylor \& Francis}
}
@inproceedings{Tobias2016recommendations,
    author = {Schnabel, Tobias and Swaminathan, Adith and Singh, Ashudeep and Chandak, Navin and Joachims, Thorsten},
    title = {Recommendations as Treatments: Debiasing Learning and Evaluation},
    year = {2016},
    publisher = {JMLR.org},
    booktitle = {ICML},
    volume={48},
    pages = {1670--1679}
}
@inproceedings{li2017collaborative,
  title={Collaborative Variational Autoencoder for Recommender Systems},
  author={Li, Xiaopeng and She, James},
  booktitle={KDD},
  publisher = {ACM},
  pages={305--314},
  year={2017}
}
@inproceedings{Rui2016Learning,
    author = {Yan, Rui and Song, Yiping and Wu, Hua},
    title = {Learning to Respond with Deep Neural Networks for Retrieval-Based Human-Computer Conversation System},
    year = {2016},
    publisher = {ACM},
    booktitle = {Proceedings of the 39th International Conference on Research and Development in Information Retrieval},
    pages = {55--64}
}
  
@article{yuan2003recommendation,
  title={A recommendation mechanism for contextualized mobile advertising},
  author={Yuan, Soe-Tsyr and Tsao, You Wen},
  journal={Expert systems with applications},
  volume={24},
  number={4},
  pages={399--414},
  year={2003},
  publisher={Elsevier}
}

@inproceedings{cadene2019rubi,
  title={Rubi: Reducing unimodal biases for visual question answering},
  author={Cadene, Remi and Dancette, Corentin and Ben-younes, Hedi and Cord, Matthieu and Parikh, Devi and others},
  booktitle = {NeurIPS},
  publisher = {Curran Associates, Inc.},
  pages={841--852},
  year={2019}
}

@inproceedings{devlin2018bert,
  title={\text{BERT}: Pre-training of Deep Bidirectional Transformers for Language Understanding},
  author={Devlin, Jacob and Chang, Ming-Wei and Lee, Kenton and Toutanova, Kristina},
  booktitle={arXiv:1810.04805},
  year={2018}
}


@inproceedings{Konstantina2020Deconfounding,
    author = {Christakopoulou, Konstantina and Traverse, Madeleine and Potter, Trevor and Marriott, Emma and Li, Daniel and Haulk, Chris and Chi, Ed H. and Chen, Minmin},
    title = {Deconfounding User Satisfaction Estimation from Response Rate Bias},
    year = {2020},
    publisher = {ACM},
    booktitle = {RecSys},
    pages = {450--455}
}

@inproceedings{Zhu2020unbiased,
    author = {Zhu, Ziwei and He, Yun and Zhang, Yin and Caverlee, James},
    title = {Unbiased Implicit Recommendation and Propensity Estimation via Combinational Joint Learning},
    year = {2020},
    publisher = {ACM},
    booktitle = {RecSys},
    pages = {551--556}
}

@inproceedings{Liu2020a,
    author = {Liu, Dugang and Cheng, Pengxiang and Dong, Zhenhua and He, Xiuqiang and Pan, Weike and Ming, Zhong},
    title = {A General Knowledge Distillation Framework for Counterfactual Recommendation via Uniform Data},
    year = {2020},
    publisher = {ACM},
    booktitle = {SIGIR},
    pages = {831--840}
}


@article{vanderweele2013three,
  title={A three-way decomposition of a total effect into direct, indirect, and interactive effects},
  author={VanderWeele, Tyler J},
  journal={Epidemiology (Cambridge, Mass.)},
  volume={24},
  number={2},
  pages={224},
  year={2013},
  publisher={NIH Public Access}
}

@inproceedings{steck2018calibrated,
  title={Calibrated recommendations},
  author={Steck, Harald},
  booktitle={RecSys},
  pages={154--162},
  year={2018},
  publisher={ACM}
}

% fairness in recommendations
@inproceedings{singh2018fairness,
  title={Fairness of exposure in rankings},
  author={Singh, Ashudeep and Joachims, Thorsten},
  booktitle={KDD},
  pages={2219--2228},
  year={2018},
  publisher={ACM}
}

@inproceedings{beutel2019fairness,
  title={Fairness in recommendation ranking through pairwise comparisons},
  author={Beutel, Alex and Chen, Jilin and Doshi, Tulsee and Qian, Hai and Wei, Li and Wu, Yi and Heldt, Lukasz and Zhao, Zhe and Hong, Lichan and Chi, Ed H and others},
  booktitle={KDD},
  pages={2212--2220},
  year={2019},
  publisher={ACM}
}

@inproceedings{burke2017multisided,
  title={Multisided fairness for recommendation},
  author={Burke, Robin},
  booktitle={FAT ML},
  year={2017}
}

@inproceedings{biega2018equity,
  title={Equity of attention: Amortizing individual fairness in rankings},
  author={Biega, Asia J and Gummadi, Krishna P and Weikum, Gerhard},
  booktitle={SIGIR},
  pages={405--414},
  year={2018},
  publisher={ACM}
}

@inproceedings{yao2017beyond,
 author = {Yao, Sirui and Huang, Bert},
 booktitle = {NeurIPS},
 pages = {2921--2930},
 publisher = {Curran Associates, Inc.},
 title = {Beyond Parity: Fairness Objectives for Collaborative Filtering},
 year = {2017}
}
@article{Nie2020large,
    author = {Nie, Liqiang and Li, Yongqi and Feng, Fuli and Song, Xuemeng and Wang, Meng and Wang, Yinglong},
    title = {Large-Scale Question Tagging via Joint Question-Topic Embedding Learning},
    year = {2020},
    publisher = {ACM},
    volume = {38},
    journal = {TOIS},
}
@inproceedings{Morik2020Controlling,
    author = {Morik, Marco and Singh, Ashudeep and Hong, Jessica and Joachims, Thorsten},
    year = {2020},
    title = {Controlling Fairness and Bias in Dynamic Learning-to-Rank},
    booktitle = {SIGIR},
    pages = {429–438},
    publisher={ACM}
}
@article{nie2019multimodal,
  title={Multimodal learning toward micro-video understanding},
  author={Nie, Liqiang and Liu, Meng and Song, Xuemeng},
  journal={Synthesis Lectures on Image, Video, and Multimedia Processing},
  volume={9},
  number={4},
  pages={1--186},
  year={2019},
  publisher={Morgan \& Claypool Publishers}
}

@inproceedings{Kusner2017Counterfactual,
 author = {Kusner, Matt J and Loftus, Joshua and Russell, Chris and Silva, Ricardo},
 booktitle = {NeurIPS},
 pages = {4066--4076},
 publisher = {Curran Associates, Inc.},
 title = {Counterfactual Fairness},
 year = {2017}
}

@inproceedings{zhu2020measuring,
  title={Measuring and Mitigating Item Under-Recommendation Bias in Personalized Ranking Systems},
  author={Zhu, Ziwei and Wang, Jianling and Caverlee, James},
  booktitle={SIGIR},
  pages={449--458},
  year={2020},
  publisher={ACM}
}



% Diversity in recommendation 

@inproceedings{Sun2020a,
    author = {Sun, Jianing and Guo, Wei and Zhang, Dengcheng and Zhang, Yingxue and Regol, Florence and Hu, Yaochen and Guo, Huifeng and Tang, Ruiming and Yuan, Han and He, Xiuqiang and Coates, Mark},
    title = {A Framework for Recommending Accurate and Diverse Items Using Bayesian Graph Convolutional Neural Networks},
    year = {2020},
    booktitle = {KDD},
    pages = {2030–2039},
    publisher={ACM}
}


@inproceedings{cheng2017learning,
    author = {Cheng, Peizhe and Wang, Shuaiqiang and Ma, Jun and Sun, Jiankai and Xiong, Hui},
    title = {Learning to Recommend Accurate and Diverse Items},
    year = {2017},
    publisher = {IW3C2},
    booktitle = {WWW},
    pages = {183–192}
}

@inproceedings{chandar2013preference,
  title={Preference based evaluation measures for novelty and diversity},
  author={Chandar, Praveen and Carterette, Ben},
  booktitle = {SIGIR},
  pages={413--422},
  year={2013},
  publisher={ACM}
}

@inproceedings{clarke2008novelty,
  title={Novelty and diversity in information retrieval evaluation},
  author={Clarke, Charles LA and Kolla, Maheedhar and Cormack, Gordon V and Vechtomova, Olga and Ashkan, Azin and B{\"u}ttcher, Stefan and MacKinnon, Ian},
  booktitle = {SIGIR},
  pages={659--666},
  year={2008},
  publisher={ACM}
}

% feedback loop. filter bubble, and echo chamber

@inproceedings{chaney2018algorithmic,
  title={How Algorithmic Confounding in Recommendation Systems Increases Homogeneity and Decreases Utility},
  author={Chaney, Allison JB and Stewart, Brandon M and Engelhardt, Barbara E},
  booktitle={RecSys},
  pages={224--232},
  year={2018},
  publisher={ACM}
}

@inproceedings{jiang2019degenerate,
  title={Degenerate feedback loops in recommender systems},
  author={Jiang, Ray and Chiappa, Silvia and Lattimore, Tor and Gy{\"o}rgy, Andr{\'a}s and Kohli, Pushmeet},
  booktitle={AIES},
  pages={383--390},
  year={2019},
  publisher={AAAI press}
}

% filter bubbles
@article{bakshy2015exposure,
  title={Exposure to ideologically diverse news and opinion on Facebook},
  author={Bakshy, Eytan and Messing, Solomon and Adamic, Lada A},
  journal={Science},
  volume={348},
  number={6239},
  pages={1130--1132},
  year={2015},
  publisher={American Association for the Advancement of Science}
}
@book{pariser2011filter,
  title={The filter bubble: What the Internet is hiding from you},
  author={Pariser, Eli},
  year={2011},
  publisher={Penguin UK}
}
@inproceedings{nguyen2014exploring,
  title={Exploring the Filter Bubble: The Effect of Using Recommender Systems on Content Diversity},
  author={Nguyen, Tien T and Hui, Pik-Mai and Harper, F Maxwell and Terveen, Loren and Konstan, Joseph A},
  booktitle={WWW},
  pages={677--686},
  year={2014},
  publisher={ACM}
}


% echo chamber
@inproceedings{Ge2020Understanding,
    author = {Ge, Yingqiang and Zhao, Shuya and Zhou, Honglu and Pei, Changhua and Sun, Fei and Ou, Wenwu and Zhang, Yongfeng},
    title = {Understanding Echo Chambers in E-Commerce Recommender Systems},
    year = {2020},
    publisher = {ACM},
    booktitle = {SIGIR},
    pages = {2261–2270}
}

@article{flaxman2016filter,
  title={Filter bubbles, echo chambers, and online news consumption},
  author={Flaxman, Seth and Goel, Sharad and Rao, Justin M},
  journal={Public opinion quarterly},
  volume={80},
  number={S1},
  pages={298--320},
  year={2016},
  publisher={Oxford University Press}
}

@inproceedings{yang2017measuring,
  title={Measuring fairness in ranked outputs},
  author={Yang, Ke and Stoyanovich, Julia},
  booktitle={SSDBM},
  pages={1--6},
  year={2017},
  publisher={ACM}
}

@inproceedings{tang2020longtailed,
  title={Long-Tailed Classification by Keeping the Good and Removing the Bad Momentum Causal Effect},
  author={Tang, Kaihua and Huang, Jianqiang and Zhang, Hanwang},
  booktitle = {NeurIPS},
  year={2020}
}

@inproceedings{rendle2010factorization,
  title={Factorization Machines},
  author={Rendle, Steffen},
  booktitle={ICDM},
  pages={995--1000},
  year={2010},
  organization={IEEE}
}

@inproceedings{he2017nfm,
  title={Neural Factorization Machines for Sparse Predictive Analytics},
  author={He, Xiangnan and Chua, Tat-Seng},
  booktitle={SIGIR},
  pages={355--364},
  year={2017},
  publisher={ACM}
}

@article{Gao2019bounds,
  title={Bounds on the Jensen Gap, and Implications for Mean-Concentrated Distributions},
  author={Xiang Gao and Meera Sitharam and Adrian E. Roitberg},
  journal={AJMAA},
  volume={16},
  issue={2},
  number={14},
  pages={1--16},
  year={2019},
  publisher={Austral Internet Publishing}
}


@article{abramovich2016some,
  title={Some New Estimates of the ‘Jensen Gap’},
  author={Abramovich, Shoshana and Persson, Lars-Erik},
  journal={J Inequal Appl},
  volume={2016},
  number={1},
  pages={1--9},
  year={2016},
  publisher={SpringerOpen}
}

@inproceedings{Zhen2020Attribute,
    author = {Qin, Zhen and Chen, Suming J. and Metzler, Donald and Noh, Yongwoo and Qin, Jingzheng and Wang, Xuanhui},
    title = {Attribute-Based Propensity for Unbiased Learning in Recommender Systems: Algorithm and Case Studies},
    year = {2020},
    publisher = {ACM},
    booktitle = {KDD},
    pages = {2359--2367}
}

@inproceedings{wang2018chat,
  title={Chat more: Deepening and widening the chatting topic via a deep model},
  author={Wang, Wenjie and Huang, Minlie and Xu, Xin-Shun and Shen, Fumin and Nie, Liqiang},
  booktitle={SIGIR},
  pages={255--264},
  year={2018},
  publisher={ACM}
}
@inproceedings{wu2020de,
    title = "De-Biased Court{'}s View Generation with Causality",
    author = "Wu, Yiquan  and
      Kuang, Kun  and
      Zhang, Yating  and
      Liu, Xiaozhong  and
      Sun, Changlong  and
      Xiao, Jun  and
      Zhuang, Yueting  and
      Si, Luo  and
      Wu, Fei",
    booktitle = "EMNLP",
    year = "2020",
    publisher = "ACL",
    pages = "763--780"
}
@inproceedings{Feng2021Empowering,
    title = "Empowering Language Understanding with Counterfactual Reasoning",
    author={Feng, Fuli and Zhang, Jizhi and He, Xiangnan and Zhang, Hanwang and Chua, Tat-Seng},
    booktitle = "ACL-IJCNLP Findings",
    year = "2021",
    publisher = "ACL"
}
@inproceedings{grgic2016case,
  title={The case for process fairness in learning: Feature selection for fair decision making},
  author={Grgic-Hlaca, Nina and Zafar, Muhammad Bilal and Gummadi, Krishna P and Weller, Adrian},
  booktitle={NeurIPS},
  year={2016}
}
@inproceedings{feng2018learning,
  title={Learning on partial-order hypergraphs},
  author={Feng, Fuli and He, Xiangnan and Liu, Yiqun and Nie, Liqiang and Chua, Tat-Seng},
  booktitle={WWW},
  publisher = {ACM},
  pages={1523--1532},
  year={2018}
}
@article{feng2019graph,
  title={Graph adversarial training: Dynamically regularizing based on graph structure},
  author={Feng, Fuli and He, Xiangnan and Tang, Jie and Chua, Tat-Seng},
  journal={TKDE},
  year={2019},
  publisher={IEEE}
}
@article{feng2021cross,
  title={Cross-GCN: Enhancing Graph Convolutional Network with k-Order Feature Interactions},
  author={Feng, Fuli and He, Xiangnan and Zhang, Hanwang and Chua, Tat-Seng},
  journal={TKDE},
  year={2021},
  publisher={IEEE}
}
@article{duchi2011adaptive,
  title={Adaptive subgradient methods for online learning and stochastic optimization.},
  author={Duchi, John and Hazan, Elad and Singer, Yoram},
  journal={JMLR},
  volume={12},
  number={7},
  year={2011}
}

@inproceedings{ziegler2005improving,
  title={Improving recommendation lists through topic diversification},
  author={Ziegler, Cai-Nicolas and McNee, Sean M and Konstan, Joseph A and Lausen, Georg},
  booktitle={WWW},
  pages={22--32},
  publisher = {ACM},
  year={2005}
}
@inproceedings{yuan2020parameter,
  title={Parameter-efficient Transfer from Sequential Behaviors for User Modeling and Recommendation},
  author={Yuan, Fajie and He, Xiangnan and Karatzoglou, Alexandros and Zhang, Liguang},
  booktitle={SIGIR},
  pages={1469--1478},
  publisher = {ACM},
  year={2020}
}
@inproceedings{sheng2021one,
  title={One Model to Serve All: Star Topology Adaptive Recommender for Multi-Domain CTR Prediction},
  author={Sheng, Xiang-Rong and Zhao, Liqin and Zhou, Guorui and Ding, Xinyao and Dai, Binding and Luo, Qiang and Yang, Siran and Lv, Jingshan and Zhang, Chi and Deng, Hongbo and others},
  booktitle={CIKM},
  publisher = {ACM},
  pages={4104--4113},
  year={2021}
}
@inproceedings{lee2019melu,
  title={Melu: Meta-learned User Preference Estimator for Cold-start Recommendation},
  author={Lee, Hoyeop and Im, Jinbae and Jang, Seongwon and Cho, Hyunsouk and Chung, Sehee},
  booktitle={KDD},
  publisher = {ACM},
  pages={1073--1082},
  year={2019}
}
@inproceedings{yu2021personalized,
  author    = {Runsheng Yu and
               Yu Gong and
               Xu He and
               Yu Zhu and
               Qingwen Liu and
               Wenwu Ou and
               Bo An},
  title     = {Personalized Adaptive Meta Learning for Cold-start User Preference Prediction},
  booktitle = {AAAI},
  pages     = {10772--10780},
  publisher = {{AAAI} Press},
  year      = {2021}
}
@inproceedings{zhu2021personalized,
  title={Personalized Transfer of User Preferences for Cross-domain Recommendation},
  author={Zhu, Yongchun and Tang, Zhenwei and Liu, Yudan and Zhuang, Fuzhen and Xie, Ruobing and Zhang, Xu and Lin, Leyu and He, Qing},
  publisher = {ACM},
  booktitle={WSDM},
  year={2022}
}
@inproceedings{zhang2020retrain,
  title={How to Retrain Recommender System? A Sequential Meta-learning Method},
  author={Zhang, Yang and Feng, Fuli and Wang, Chenxu and He, Xiangnan and Wang, Meng and Li, Yan and Zhang, Yongdong},
  booktitle={SIGIR},
  pages={1479--1488},
  publisher = {ACM},
  year={2020}
}
@inproceedings{luo2020metaselector,
  title={Metaselector: Meta-learning for Recommendation with User-level Adaptive Model Selection},
  author={Luo, Mi and Chen, Fei and Cheng, Pengxiang and Dong, Zhenhua and He, Xiuqiang and Feng, Jiashi and Li, Zhenguo},
  booktitle={WWW},
  publisher = {ACM},
  pages={2507--2513},
  year={2020}
}
@inproceedings{lin2021task,
  title={Task-adaptive Neural Process for User Cold-Start Recommendation},
  author={Lin, Xixun and Wu, Jia and Zhou, Chuan and Pan, Shirui and Cao, Yanan and Wang, Bin},
  booktitle={WWW},
  publisher = {ACM},
  pages={1306--1316},
  year={2021}
}
@inproceedings{wang2021controllable,
  title={Controllable Gradient Item Retrieval},
  author={Wang, Haonan and Zhou, Chang and Yang, Carl and Yang, Hongxia and He, Jingrui},
  booktitle={WWW},
  pages={768--777},
  publisher = {ACM},
  year={2021}
}
@inproceedings{zou2020counterfactual,
  title={Counterfactual Prediction for Bundle Treatment},
  author={Zou, Hao and Cui, Peng and Li, Bo and Shen, Zheyan and Ma, Jianxin and Yang, Hongxia and He, Yue},
  booktitle={NeurIPS},
  year={2020}
}
@inproceedings{wang2021denoising,
  title={Denoising implicit feedback for recommendation},
  author={Wang, Wenjie and Feng, Fuli and He, Xiangnan and Nie, Liqiang and Chua, Tat-Seng},
  booktitle={WSDM},
  publisher = {ACM},
  pages={373--381},
  year={2021}
}
@inproceedings{tang2020unbiased,
  title={Unbiased scene graph generation from biased training},
  author={Tang, Kaihua and Niu, Yulei and Huang, Jianqiang and Shi, Jiaxin and Zhang, Hanwang},
  booktitle={CVPR},
  publisher = {IEEE},
  year={2020}
}
@inproceedings{niu2021counterfactual,
    title={Counterfactual VQA: A Cause-Effect Look at Language Bias},
    author={Yulei Niu and Kaihua Tang and Hanwang Zhang and Zhiwu Lu and Xian-Sheng Hua and Ji-Rong Wen},
    year={2021},
    publisher = {IEEE},
    booktitle={CVPR}
}
@inproceedings{wang2021click,
  title={Click can be Cheating: Counterfactual Recommendation for Mitigating Clickbait Issue},
  author={Wang, Wenjie and Feng, Fuli and He, Xiangnan and Zhang, Hanwang and Chua, Tat-Seng},
  publisher = {ACM},
  booktitle = {SIGIR},
  pages = {1288–1297},
  year={2021}
}
@inproceedings{feng2021should,
      title={Should Graph Convolution Trust Neighbors? A Simple Causal Inference Method}, 
      author={Fuli Feng and Weiran Huang and Xin Xin and Xiangnan He and Tat-Seng Chua},
      year={2021},
      publisher = {ACM},
      booktitle = {SIGIR}
}
@inproceedings{zhang2021causal,
  title={Causal Intervention for Leveraging Popularity Bias in Recommendation},
  author={Yang Zhang and Fuli Feng and Xiangnan He and Tianxin Wei and Chonggang Song and Guohui Ling and Yongdong Zhang},
  publisher = {ACM},
  booktitle = {SIGIR},
  pages     = {11--20},
  year={2021}
}
@inproceedings{wang2021deconfounded,
    author = {Wang, Wenjie and Feng, Fuli and He, Xiangnan and Wang, Xiang and Chua, Tat-Seng},
    title = {Deconfounded Recommendation for Alleviating Bias Amplification},
    year = {2021},
    publisher = {ACM},
    booktitle = {KDD},
    pages = {1717–1725}
}
@inproceedings{sato2020unbiased,
  title={Unbiased Learning for the Causal Effect of Recommendation},
  author={Sato, Masahiro and Takemori, Sho and Singh, Janmajay and Ohkuma, Tomoko},
  booktitle={RecSys},
  pages={378--387},
  publisher={ACM},
  year={2020}
}

@inproceedings{Yang2021DVMR,
 title={Deconfounded Video Moment Retrieval with Causal Intervention},
 author={Yang, Xun and Feng, Fuli and Ji, Wei and Wang, Meng and Chua, Tat-Seng},
 booktitle={SIGIR},
 publisher={ACM},
 year={2021}
}

@inproceedings{vartak2017meta,
  title={A meta-learning perspective on cold-start recommendations for items},
  author={Vartak, Manasi and Thiagarajan, Arvind and Miranda, Conrado and Bratman, Jeshua and Larochelle, Hugo},
  journal={NeurIPS},
  year={2017}
}

@inproceedings{li2019zero,
  title={From zero-shot learning to cold-start recommendation},
  author={Li, Jingjing and Jing, Mengmeng and Lu, Ke and Zhu, Lei and Yang, Yang and Huang, Zi},
  booktitle={AAAI},
  volume={33},
  number={01},
  pages={4189--4196},
  year={2019},
  publisher={AAAI press}
}

@inproceedings{geng2015learning,
  title={Learning image and user features for recommendation in social networks},
  author={Geng, Xue and Zhang, Hanwang and Bian, Jingwen and Chua, Tat-Seng},
  booktitle={ICCV},
  pages={4274--4282},
  year={2015},
  publisher={IEEE}
}

@article{deldjoo2019movie,
  title={Movie genome: alleviating new item cold start in movie recommendation},
  author={Deldjoo, Yashar and Dacrema, Maurizio Ferrari and Constantin, Mihai Gabriel and Eghbal-Zadeh, Hamid and Cereda, Stefano and Schedl, Markus and Ionescu, Bogdan and Cremonesi, Paolo},
  journal={UMUAI},
  volume={29},
  number={2},
  pages={291--343},
  year={2019},
  publisher={Springer}
}

@inproceedings{shi2019adaptive,
  title={Adaptive feature sampling for recommendation with missing content feature values},
  author={Shi, Shaoyun and Zhang, Min and Yu, Xinxing and Zhang, Yongfeng and Hao, Bin and Liu, Yiqun and Ma, Shaoping},
  booktitle={CIKM},
  pages={1451--1460},
  year={2019},
  publisher={ACM}
}

@inproceedings{volkovs2017dropoutnet,
  title={Dropoutnet: Addressing cold start in recommender systems},
  author={Volkovs, Maksims and Yu, Guangwei and Poutanen, Tomi},
  journal={NeurIPS},
  year={2017}
}

@inproceedings{du2020learn,
  title={How to learn item representation for cold-start multimedia recommendation?},
  author={Du, Xiaoyu and Wang, Xiang and He, Xiangnan and Li, Zechao and Tang, Jinhui and Chua, Tat-Seng},
  booktitle={MM},
  pages={3469--3477},
  year={2020},
  publisher={ACM}
}

@inproceedings{saveski2014item,
  title={Item cold-start recommendations: learning local collective embeddings},
  author={Saveski, Martin and Mantrach, Amin},
  booktitle={ResSys},
  pages={89--96},
  year={2014},
  publisher={ACM}
}

@article{barjasteh2016cold,
  title={Cold-start recommendation with provable guarantees: A decoupled approach},
  author={Barjasteh, Iman and Forsati, Rana and Ross, Dennis and Esfahanian, Abdol-Hossein and Radha, Hayder},
  journal={TKDE},
  volume={28},
  number={6},
  pages={1462--1474},
  year={2016},
  publisher={IEEE}
}

@inproceedings{xu2022alleviating,
  title={Alleviating Cold-start Problem in CTR Prediction with A Variational Embedding Learning Framework},
  author={Xu, Xiaoxiao and Yang, Chen and Yu, Qian and Fang, Zhiwei and Wang, Jiaxing and Fan, Chaosheng and He, Yang and Peng, Changping and Lin, Zhangang and Shao, Jingping},
  booktitle={WWW},
  pages={27--35},
  year={2022},
  publisher={ACM}
}

@inproceedings{lu2020meta,
  title={Meta-learning on heterogeneous information networks for cold-start recommendation},
  author={Lu, Yuanfu and Fang, Yuan and Shi, Chuan},
  booktitle={SIGKDD},
  pages={1563--1573},
  year={2020},
  publisher={ACM}
}

@article{zhao2022improving,
  title={Improving Item Cold-start Recommendation via Model-agnostic Conditional Variational Autoencoder},
  author={Zhao, Xu and Ren, Yi and Du, Ying and Zhang, Shenzheng and Wang, Nian},
  journal={arXiv preprint arXiv:2205.13795},
  year={2022},
  publisher={ACM}
}
@inproceedings{wei2021contrastive,
  title={Contrastive learning for cold-start recommendation},
  author={Wei, Yinwei and Wang, Xiang and Li, Qi and Nie, Liqiang and Li, Yan and Li, Xuanping and Chua, Tat-Seng},
  booktitle={MM},
  pages={5382--5390},
  year={2021},
  publisher={ACM}
}
@inproceedings{zhu2020recommendation,
  title={Recommendation for new users and new items via randomized training and mixture-of-experts transformation},
  author={Zhu, Ziwei and Sefati, Shahin and Saadatpanah, Parsa and Caverlee, James},
  booktitle={SIGIR},
  pages={1121--1130},
  year={2020},
  publisher={ACM}
}

@inproceedings{barkan2019cb2cf,
  title={CB2CF: a neural multiview content-to-collaborative filtering model for completely cold item recommendations},
  author={Barkan, Oren and Koenigstein, Noam and Yogev, Eylon and Katz, Ori},
  booktitle={RecSys},
  pages={228--236},
  year={2019},
  publisher={ACM}
}

@inproceedings{pan2019warm,
  title={Warm up cold-start advertisements: Improving ctr predictions via learning to learn id embeddings},
  author={Pan, Feiyang and Li, Shuokai and Ao, Xiang and Tang, Pingzhong and He, Qing},
  booktitle={SIGIR},
  pages={695--704},
  year={2019},
  publisher={ACM}
}

@inproceedings{zhu2021learning,
  title={Learning to warm up cold item embeddings for cold-start recommendation with meta scaling and shifting networks},
  author={Zhu, Yongchun and Xie, Ruobing and Zhuang, Fuzhen and Ge, Kaikai and Sun, Ying and Zhang, Xu and Lin, Leyu and Cao, Juan},
  booktitle={SIGIR},
  pages={1167--1176},
  year={2021},
  publisher={ACM}
}

@inproceedings{chen2022generative,
  title={Generative Adversarial Framework for Cold-Start Item Recommendation},
  author={Chen, Hao and Wang, Zefan and Huang, Feiran and Huang, Xiao and Xu, Yue and Lin, Yishi and He, Peng and Li, Zhoujun},
  booktitle={SIGIR},
  pages={2565--2571},
  year={2022},
  publisher={ACM}
}

@inproceedings{xu2022enrique,
  author = {Xu Zhao andYi Ren and Ying Du and henzheng Zhang and Nian Wang},
  title = {Improving Item Cold-start Recommendation via Model-agnostic Conditional\ Variational Autoencoder},
  booktitle = {SIGIR},
  pages = {2595--2600},
  publisher = {ACM},
  year      = {2022},
}

@inproceedings{Zhang2018mixup,
  author    = {Hongyi Zhang and
               Moustapha Ciss{\'{e}} and
               Yann N. Dauphin and
               David Lopez{-}Paz},
  title     = {mixup: Beyond Empirical Risk Minimization},
  booktitle = {ICLR},
  year      = {2018}
}
@inproceedings{sagawa2020distributionally,
  author={Sagawa, Shiori and Koh, Pang Wei and Hashimoto, Tatsunori B and Liang, Percy},
  title     = {Distributionally robust neural networks for group shifts: On the importance of regularization for worst-case generalization},
  booktitle = {ICLR},
  year      = {2020}
}
@inproceedings{yao2022improving,
  title={Improving Out-of-Distribution Robustness via Selective Augmentation},
  author={Yao, Huaxiu and Wang, Yu and Li, Sai and Zhang, Linjun and Liang, Weixin and Zou, James and Finn, Chelsea},
  booktitle={ICML},
  year={2022},
  organization={PMLR}
}

@inproceedings{arjovsky2019invariant,
  title={Invariant risk minimization},
  author={Arjovsky, Martin and Bottou, L{\'e}on and Gulrajani, Ishaan and Lopez-Paz, David},
  booktitle={arXiv:1907.02893},
  year={2019}
}
@inproceedings{du2022invariant,
  title={Invariant Representation Learning for Multimedia Recommendation},
  author={Du, Xiaoyu and Wu, Zike and Feng, Fuli and He, Xiangnan and Tang, Jinhui},
  booktitle={MM},
  publisher = {ACM},
  year={2022}
}

@inproceedings{he2016deep,
  title={Deep residual learning for image recognition},
  author={He, Kaiming and Zhang, Xiangyu and Ren, Shaoqing and Sun, Jian},
  booktitle={CVPR},
  publisher = {IEEE},
  pages={770--778},
  year={2016}
}
@inproceedings{goel2020model,
  title={Model patching: Closing the subgroup performance gap with data augmentation},
  author={Goel, Karan and Gu, Albert and Li, Yixuan and R{\'e}, Christopher},
  booktitle = {ICLR},
  year      = {2021}
}




@inproceedings{sarwar2001item,
  title={Item-based collaborative filtering recommendation algorithms},
  author={Sarwar, Badrul and Karypis, George and Konstan, Joseph and Riedl, John},
  booktitle={WWW},
  pages={285--295},
  year={2001},
  publisher={ACM}
}

@inproceedings{zhang2016discrete,
  title={Discrete collaborative filtering},
  author={Zhang, Hanwang and Shen, Fumin and Liu, Wei and He, Xiangnan and Luan, Huanbo and Chua, Tat-Seng},
  booktitle={SIGIR},
  pages={325--334},
  year={2016},
  publisher={ACM}
}


@article{deldjoo2020recommender,
  title={Recommender systems leveraging multimedia content},
  author={Deldjoo, Yashar and Schedl, Markus and Cremonesi, Paolo and Pasi, Gabriella},
  journal={CSUR},
  volume={53},
  number={5},
  pages={1--38},
  year={2020},
  publisher={ACM New York, NY, USA}
}

@inproceedings{mehrotra2018towards,
  title={Towards a fair marketplace: Counterfactual evaluation of the trade-off between relevance, fairness and satisfaction in recommendation systems},
  author={Mehrotra, Rishabh and McInerney, James and Bouchard, Hugues and Lalmas, Mounia and Diaz, Fernando},
  booktitle={CIKM},
  pages={2243--2251},
  year={2018},
  publisher={ACM}
}

@inproceedings{patro2020fairrec,
  title={Fairrec: Two-sided fairness for personalized recommendations in two-sided platforms},
  author={Patro, Gourab K and Biswas, Arpita and Ganguly, Niloy and Gummadi, Krishna P and Chakraborty, Abhijnan},
  booktitle={WWW},
  pages={1194--1204},
  year={2020},
  publisher={ACM}
}

@inproceedings{pitoura2020fairness,
  title={Fairness in Rankings and Recommenders.},
  author={Pitoura, Evaggelia and Koutrika, Georgia and Stefanidis, Kostas},
  booktitle={EDBT},
  pages={651--654},
  year={2020},
  organization={ACM}
}

@article{buhlmann2020invariance,
  title={Invariance, causality and robustness},
  author={B{\"u}hlmann, Peter},
  journal={Statistical Science},
  volume={35},
  number={3},
  pages={404--426},
  year={2020},
  publisher={Institute of Mathematical Statistics}
}

@inproceedings{liu2021heterogeneous,
  title={Heterogeneous risk minimization},
  author={Liu, Jiashuo and Hu, Zheyuan and Cui, Peng and Li, Bo and Shen, Zheyan},
  booktitle={ICML},
  pages={6804--6814},
  year={2021},
  organization={PMLR}
}

@inproceedings{li2018learning,
  title={Learning to generalize: Meta-learning for domain generalization},
  author={Li, Da and Yang, Yongxin and Song, Yi-Zhe and Hospedales, Timothy},
  booktitle={AAAI},
  volume={32},
  number={1},
  year={2018},
  publisher={ACM}
}

@inproceedings{finn2017model,
  title={Model-agnostic meta-learning for fast adaptation of deep networks},
  author={Finn, Chelsea and Abbeel, Pieter and Levine, Sergey},
  booktitle={ICML},
  pages={1126--1135},
  year={2017},
  organization={PMLR}
}

@inproceedings{balaji2018metareg,
  title={Metareg: Towards domain generalization using meta-regularization},
  author={Balaji, Yogesh and Sankaranarayanan, Swami and Chellappa, Rama},
  journal={NeurIPS},
  year={2018}
}

@inproceedings{tobin2017domain,
  title={Domain randomization for transferring deep neural networks from simulation to the real world},
  author={Tobin, Josh and Fong, Rachel and Ray, Alex and Schneider, Jonas and Zaremba, Wojciech and Abbeel, Pieter},
  booktitle={IROS},
  pages={23--30},
  year={2017},
  organization={IEEE}
}

@article{shankar2018generalizing,
  title={Generalizing across domains via cross-gradient training},
  author={Shankar, Shiv and Piratla, Vihari and Chakrabarti, Soumen and Chaudhuri, Siddhartha and Jyothi, Preethi and Sarawagi, Sunita},
  journal={arXiv preprint arXiv:1804.10745},
  year={2018}
}

@inproceedings{zhou2020learning,
  title={Learning to generate novel domains for domain generalization},
  author={Zhou, Kaiyang and Yang, Yongxin and Hospedales, Timothy and Xiang, Tao},
  booktitle={ECCV},
  pages={561--578},
  year={2020},
  organization={Springer}
}

@inproceedings{zhu2022personalized,
  title={Personalized transfer of user preferences for cross-domain recommendation},
  author={Zhu, Yongchun and Tang, Zhenwei and Liu, Yudan and Zhuang, Fuzhen and Xie, Ruobing and Zhang, Xu and Lin, Leyu and He, Qing},
  booktitle={WSDM},
  pages={1507--1515},
  year={2022},
  publisher={ACM}
}

@inproceedings{huang2020keeping,
  title={Keeping dataset biases out of the simulation: A debiased simulator for reinforcement learning based recommender systems},
  author={Huang, Jin and Oosterhuis, Harrie and De Rijke, Maarten and Van Hoof, Herke},
  booktitle={RecSys},
  pages={190--199},
  year={2020},
  publisher={ACM}
}

@inproceedings{wang2022causal,
  title={Causal Representation Learning for Out-of-Distribution Recommendation},
  author={Wang, Wenjie and Lin, Xinyu and Feng, Fuli and He, Xiangnan and Lin, Min and Chua, Tat-Seng},
  booktitle={WWW},
  pages={3562--3571},
  year={2022},
  publisher={ACM}
}
@inproceedings{he2022causpref,
  title={CausPref: Causal Preference Learning for Out-of-Distribution Recommendation},
  author={He, Yue and Wang, Zimu and Cui, Peng and Zou, Hao and Zhang, Yafeng and Cui, Qiang and Jiang, Yong},
  booktitle={WWW},
  pages={410--421},
  year={2022},
  publisher={ACM}
}
@inproceedings{hernandez2014probabilistic,
  title={Probabilistic matrix factorization with non-random missing data},
  author={Hern{\'a}ndez-Lobato, Jos{\'e} Miguel and Houlsby, Neil and Ghahramani, Zoubin},
  booktitle={ICML},
  pages={1512--1520},
  year={2014},
  organization={PMLR}
}

@inproceedings{wang2021clicks,
  title={Clicks can be cheating: Counterfactual recommendation for mitigating clickbait issue},
  author={Wang, Wenjie and Feng, Fuli and He, Xiangnan and Zhang, Hanwang and Chua, Tat-Seng},
  booktitle={SIGIR},
  pages={1288--1297},
  year={2021},
  publisher={ACM}
}

@article{koyama2020out,
  title={Out-of-distribution generalization with maximal invariant predictor},
  author={Koyama, Masanori and Yamaguchi, Shoichiro},
  year={2020}
}

@inproceedings{
dangovski2022equivariant,
title={Equivariant Self-Supervised Learning: Encouraging Equivariance in Representations},
author={Rumen Dangovski and Li Jing and Charlotte Loh and Seungwook Han and Akash Srivastava and Brian Cheung and Pulkit Agrawal and Marin Soljacic},
booktitle={ICLR},
year={2022}
}

@inproceedings{wang2021self,
  title={Self-supervised learning disentangled group representation as feature},
  author={Wang, Tan and Yue, Zhongqi and Huang, Jianqiang and Sun, Qianru and Zhang, Hanwang},
  journal={NeurIPS},
  pages={18225--18240},
  year={2021}
}