@inproceedings{bao2023bi,
  title={A bi-step grounding paradigm for large language models in recommendation systems},
  author={Bao, Keqin and Zhang, Jizhi and Wang, Wenjie and Zhang, Yang and Yang, Zhengyi and Luo, Yancheng and Feng, Fuli and He, Xiangnaan and Tian, Qi},
  journal={arXiv:2308.08434},
  year={2023}
}

@article{chen2024enhancing,
  title={Enhancing ID-based Recommendation with Large Language Models},
  author={Chen, Lei and Gao, Chen and Du, Xiaoyi and Luo, Hengliang and Jin, Depeng and Li, Yong and Wang, Meng},
  booktitle={TOIS},
  year={2024},
  publisher={ACM}
}

@inproceedings{chen2024hllm,
  title={Hllm: Enhancing sequential recommendations via hierarchical large language models for item and user modeling},
  author={Chen, Junyi and Chi, Lu and Peng, Bingyue and Yuan, Zehuan},
  journal={ arXiv:2409.12740},
  year={2024}
}

@inproceedings{cui2022m6,
  title={M6-rec: Generative pretrained language models are open-ended recommender systems},
  author={Cui, Zeyu and Ma, Jianxin and Zhou, Chang and Zhou, Jingren and Yang, Hongxia},
  journal={arXiv:2205.08084},
  year={2022}
}

@inproceedings{fu2024iisan,
  title={IISAN: Efficiently adapting multimodal representation for sequential recommendation with decoupled PEFT},
  author={Fu, Junchen and Ge, Xuri and Xin, Xin and Karatzoglou, Alexandros and Arapakis, Ioannis and Wang, Jie and Jose, Joemon M},
  booktitle={SIGIR},
  pages={687--697},
  year={2024}
}

@inproceedings{kim2024large,
  title={Large language models meet collaborative filtering: An efficient all-round llm-based recommender system},
  author={Kim, Sein and Kang, Hongseok and Choi, Seungyoon and Kim, Donghyun and Yang, Minchul and Park, Chanyoung},
  booktitle={KDD},
  pages={1395--1406},
  year={2024}
}

@inproceedings{lee2022autoregressive,
  title={Autoregressive image generation using residual quantization},
  author={Lee, Doyup and Kim, Chiheon and Kim, Saehoon and Cho, Minsu and Han, Wook-Shin},
  booktitle={CVPR},
  pages={11523--11532},
  year={2022}
}

@inproceedings{li2023e4srec,
  title={E4SRec: An Elegant Effective Efficient Extensible Solution of Large Language Models for Sequential Recommendation},
  author={Li, Xinhang and Chen, Chong and Zhao, Xiangyu and Zhang, Yong and Xing, Chunxiao},
  journal={arXiv:2312.02443},
  year={2023}
}

@inproceedings{li2024large,
  title={Large language models for next point-of-interest recommendation},
  author={Li, Peibo and de Rijke, Maarten and Xue, Hao and Ao, Shuang and Song, Yang and Salim, Flora D},
  booktitle={SIGIR},
  pages={1463--1472},
  year={2024}
}

@inproceedings{liao2024llara,
  title={Llara: Large language-recommendation assistant},
  author={Liao, Jiayi and Li, Sihang and Yang, Zhengyi and Wu, Jiancan and Yuan, Yancheng and Wang, Xiang and He, Xiangnan},
  booktitle={SIGIR},
  pages={1785--1795},
  year={2024}
}

@article{lin2023can,
  title={How can recommender systems benefit from large language models: A survey},
  author={Lin, Jianghao and Dai, Xinyi and Xi, Yunjia and Liu, Weiwen and Chen, Bo and Zhang, Hao and Liu, Yong and Wu, Chuhan and Li, Xiangyang and Zhu, Chenxu and others},
  journal={TOIS},
  year={2024},
  publisher={ACM}
}

@inproceedings{lin2024bridging,
  title={Bridging items and language: A transition paradigm for large language model-based recommendation},
  author={Lin, Xinyu and Wang, Wenjie and Li, Yongqi and Feng, Fuli and Ng, See-Kiong and Chua, Tat-Seng},
  booktitle={KDD},
  pages={1816--1826},
  year={2024},
  publisher={ACM}
}

@inproceedings{ren2024enhancing,
  title={Enhancing sequential recommenders with augmented knowledge from aligned large language models},
  author={Ren, Yankun and Chen, Zhongde and Yang, Xinxing and Li, Longfei and Jiang, Cong and Cheng, Lei and Zhang, Bo and Mo, Linjian and Zhou, Jun},
  booktitle={SIGIR},
  pages={345--354},
  year={2024}
}

@inproceedings{ren2024representation,
  title={Representation learning with large language models for recommendation},
  author={Ren, Xubin and Wei, Wei and Xia, Lianghao and Su, Lixin and Cheng, Suqi and Wang, Junfeng and Yin, Dawei and Huang, Chao},
  booktitle={WWW},
  pages={3464--3475},
  year={2024}
}

@inproceedings{shi2024large,
  title={Large language models are learnable planners for long-term recommendation},
  author={Shi, Wentao and He, Xiangnan and Zhang, Yang and Gao, Chongming and Li, Xinyue and Zhang, Jizhi and Wang, Qifan and Feng, Fuli},
  booktitle={SIGIR},
  pages={1893--1903},
  year={2024}
}

@inproceedings{sun2024large,
  title={Large language models for intent-driven session recommendations},
  author={Sun, Zhu and Liu, Hongyang and Qu, Xinghua and Feng, Kaidong and Wang, Yan and Ong, Yew Soon},
  booktitle={SIGIR},
  pages={324--334},
  year={2024}
}

@inproceedings{tan2024idgenrec,
  title={Idgenrec: Llm-recsys alignment with textual id learning},
  author={Tan, Juntao and Xu, Shuyuan and Hua, Wenyue and Ge, Yingqiang and Li, Zelong and Zhang, Yongfeng},
  booktitle={SIGIR},
  pages={355--364},
  year={2024}
}

@article{wang2024automated,
  title={Automated disentangled sequential recommendation with large language models},
  author={Wang, Xin and Chen, Hong and Pan, Zirui and Zhou, Yuwei and Guan, Chaoyu and Sun, Lifeng and Zhu, Wenwu},
  journal={TOIS},
  year={2024},
  publisher={ACM}
}

@inproceedings{wang2024content,
  title={Content-Based Collaborative Generation for Recommender Systems},
  author={Wang, Yidan and Ren, Zhaochun and Sun, Weiwei and Yang, Jiyuan and Liang, Zhixiang and Chen, Xin and Xie, Ruobing and Yan, Su and Zhang, Xu and Ren, Pengjie and others},
  booktitle={CIKM},
  pages={2420--2430},
  year={2024}
}

@inproceedings{wang2024eager,
  title={EAGER: Two-Stream Generative Recommender with Behavior-Semantic Collaboration},
  author={Wang, Ye and Xun, Jiahao and Hong, Minjie and Zhu, Jieming and Jin, Tao and Lin, Wang and Li, Haoyuan and Li, Linjun and Xia, Yan and Zhao, Zhou and others},
  booktitle={KDD},
  pages={3245--3254},
  year={2024},
  publisher={ACM}
}

@inproceedings{wang2024reinforcement,
  title={Reinforcement learning-based recommender systems with large language models for state reward and action modeling},
  author={Wang, Jie and Karatzoglou, Alexandros and Arapakis, Ioannis and Jose, Joemon M},
  booktitle={SIGIR},
  pages={375--385},
  year={2024}
}

@inproceedings{wang2024rethinking,
  title={Rethinking large language model architectures for sequential recommendations},
  author={Wang, Hanbing and Liu, Xiaorui and Fan, Wenqi and Zhao, Xiangyu and Kini, Venkataramana and Yadav, Devendra and Wang, Fei and Wen, Zhen and Tang, Jiliang and Liu, Hui},
  journal={arxiv},
  year={2024}
}

@inproceedings{wu2024coral,
  title={Coral: collaborative retrieval-augmented large language models improve long-tail recommendation},
  author={Wu, Junda and Chang, Cheng-Chun and Yu, Tong and He, Zhankui and Wang, Jianing and Hou, Yupeng and McAuley, Julian},
  booktitle={KDD},
  pages={3391--3401},
  year={2024},
  publisher={ACM}
}

@inproceedings{xi2024towards,
  title={Towards open-world recommendation with knowledge augmentation from large language models},
  author={Xi, Yunjia and Liu, Weiwen and Lin, Jianghao and Cai, Xiaoling and Zhu, Hong and Zhu, Jieming and Chen, Bo and Tang, Ruiming and Zhang, Weinan and Yu, Yong},
  booktitle={RecSys},
  pages={12--22},
  year={2024}
}

@inproceedings{zeng2024planning,
  title={Planning ahead in generative retrieval: Guiding autoregressive generation through simultaneous decoding},
  author={Zeng, Hansi and Luo, Chen and Zamani, Hamed},
  booktitle={SIGIR},
  pages={469--480},
  year={2024}
}

@inproceedings{zhang2024agentcf,
  title={Agentcf: Collaborative learning with autonomous language agents for recommender systems},
  author={Zhang, Junjie and Hou, Yupeng and Xie, Ruobing and Sun, Wenqi and McAuley, Julian and Zhao, Wayne Xin and Lin, Leyu and Wen, Ji-Rong},
  booktitle={WWW},
  pages={3679--3689},
  year={2024},
  publisher={ACM}
}

@inproceedings{zhang2024generative,
  title={Generative retrieval via term set generation},
  author={Zhang, Peitian and Liu, Zheng and Zhou, Yujia and Dou, Zhicheng and Liu, Fangchao and Cao, Zhao},
  booktitle={SIGIR},
  pages={458--468},
  year={2024},
  publisher={ACM}
}

@inproceedings{zhang2024gpt4rec,
  title={Gpt4rec: Graph prompt tuning for streaming recommendation},
  author={Zhang, Peiyan and Yan, Yuchen and Zhang, Xi and Kang, Liying and Li, Chaozhuo and Huang, Feiran and Wang, Senzhang and Kim, Sunghun},
  booktitle={SIGIR},
  pages={1774--1784},
  year={2024}
}

@inproceedings{zhao2024let,
  title={Let me do it for you: Towards llm empowered recommendation via tool learning},
  author={Zhao, Yuyue and Wu, Jiancan and Wang, Xiang and Tang, Wei and Wang, Dingxian and de Rijke, Maarten},
  booktitle={SIGIR},
  pages={1796--1806},
  year={2024}
}

@inproceedings{zheng2024adapting,
  title={Adapting large language models by integrating collaborative semantics for recommendation},
  author={Zheng, Bowen and Hou, Yupeng and Lu, Hongyu and Chen, Yu and Zhao, Wayne Xin and Chen, Ming and Wen, Ji-Rong},
  booktitle={ICDE},
  pages={1435--1448},
  year={2024},
  organization={IEEE}
}

@inproceedings{zheng2024harnessing,
  title={Harnessing large language models for text-rich sequential recommendation},
  author={Zheng, Zhi and Chao, Wenshuo and Qiu, Zhaopeng and Zhu, Hengshu and Xiong, Hui},
  booktitle={WWW},
  pages={3207--3216},
  year={2024}
}

@inproceedings{zhu2024cost,
  title={CoST: Contrastive Quantization based Semantic Tokenization for Generative Recommendation},
  author={Zhu, Jieming and Jin, Mengqun and Liu, Qijiong and Qiu, Zexuan and Dong, Zhenhua and Li, Xiu},
  booktitle={RecSys},
  pages={969--974},
  year={2024}
}

