@article{Groeneveld2023OLMo,
  title={OLMo: Accelerating the Science of Language Models},
  author={Groeneveld, Dirk and Beltagy, Iz and Walsh, Pete and Bhagia, Akshita and Kinney, Rodney and Tafjord, Oyvind and Jha, Ananya Harsh and Ivison, Hamish and Magnusson, Ian and Wang, Yizhong and Arora, Shane and Atkinson, David and Authur, Russell and Chandu, Khyathi and Cohan, Arman and Dumas, Jennifer and Elazar, Yanai and Gu, Yuling and Hessel, Jack and Khot, Tushar and Merrill, William and Morrison, Jacob and Muennighoff, Niklas and Naik, Aakanksha and Nam, Crystal and Peters, Matthew E. and Pyatkin, Valentina and Ravichander, Abhilasha and Schwenk, Dustin and Shah, Saurabh and Smith, Will and Strubell, Emma and Subramani, Nishant and Wortsman, Mitchell and Dasigi, Pradeep and Lambert, Nathan and Richardson, Kyle and Zettlemoyer, Luke and Dodge, Jesse and Lo, Kyle and Soldaini, Luca and Smith, Noah A. and Hajishirzi, Hannaneh},
  journal={Preprint},
  year={2024}
}

@article{abdin2024phi,
  title={Phi-3 technical report: A highly capable language model locally on your phone},
  author={Abdin, Marah and Aneja, Jyoti and Awadalla, Hany and Awadallah, Ahmed and Awan, Ammar Ahmad and Bach, Nguyen and Bahree, Amit and Bakhtiari, Arash and Bao, Jianmin and Behl, Harkirat and others},
  journal={arXiv preprint arXiv:2404.14219},
  year={2024}
}

@misc{allal2024SmolLM,
      title={SmolLM - blazingly fast and remarkably powerful}, 
      author={Loubna Ben Allal and Anton Lozhkov and Elie Bakouch and Leandro von Werra and Thomas Wolf},
      year={2024},
}

@article{bai2023qwen,
  title={Qwen technical report},
  author={Bai, Jinze and Bai, Shuai and Chu, Yunfei and Cui, Zeyu and Dang, Kai and Deng, Xiaodong and Fan, Yang and Ge, Wenbin and Han, Yu and Huang, Fei and others},
  journal={arXiv preprint arXiv:2309.16609},
  year={2023}
}

@article{chen2024llm,
  title={Llm for mobile: An initial roadmap},
  author={Chen, Daihang and Liu, Yonghui and Zhou, Mingyi and Zhao, Yanjie and Wang, Haoyu and Wang, Shuai and Chen, Xiao and Bissyand{\'e}, Tegawend{\'e} F and Klein, Jacques and Li, Li},
  journal={ACM Transactions on Software Engineering and Methodology},
  year={2024},
  publisher={ACM New York, NY}
}

@article{chu2023mobilevlm,
  title={Mobilevlm: A fast, reproducible and strong vision language assistant for mobile devices},
  author={Chu, Xiangxiang and Qiao, Limeng and Lin, Xinyang and Xu, Shuang and Yang, Yang and Hu, Yiming and Wei, Fei and Zhang, Xinyu and Zhang, Bo and Wei, Xiaolin and others},
  journal={arXiv preprint arXiv:2312.16886},
  year={2023}
}

@article{chu2024mobilevlm,
  title={Mobilevlm v2: Faster and stronger baseline for vision language model},
  author={Chu, Xiangxiang and Qiao, Limeng and Zhang, Xinyu and Xu, Shuang and Wei, Fei and Yang, Yang and Sun, Xiaofei and Hu, Yiming and Lin, Xinyang and Zhang, Bo and others},
  journal={arXiv preprint arXiv:2402.03766},
  year={2024}
}

@article{dao2024transformers,
  title={Transformers are SSMs: Generalized models and efficient algorithms through structured state space duality},
  author={Dao, Tri and Gu, Albert},
  journal={arXiv preprint arXiv:2405.21060},
  year={2024}
}

@misc{griffin2024recurrentgemma,
  title={Recurrentgemma: Moving past transformers for efficient open language models},
  author={Griffin, RLHF and Teams, Gemma},
  year={2024},
  publisher={ArXiv}
}

@article{le2023bloom,
  title={Bloom: A 176b-parameter open-access multilingual language model},
  author={Le Scao, Teven and Fan, Angela and Akiki, Christopher and Pavlick, Ellie and Ili{\'c}, Suzana and Hesslow, Daniel and Castagn{\'e}, Roman and Luccioni, Alexandra Sasha and Yvon, Fran{\c{c}}ois and Gall{\'e}, Matthias and others},
  year={2023}
}

@article{li2024snapfusion,
  title={Snapfusion: Text-to-image diffusion model on mobile devices within two seconds},
  author={Li, Yanyu and Wang, Huan and Jin, Qing and Hu, Ju and Chemerys, Pavlo and Fu, Yun and Wang, Yanzhi and Tulyakov, Sergey and Ren, Jian},
  journal={Advances in Neural Information Processing Systems},
  volume={36},
  year={2024}
}

@article{liu2024mobilellm,
  title={Mobilellm: Optimizing sub-billion parameter language models for on-device use cases},
  author={Liu, Zechun and Zhao, Changsheng and Iandola, Forrest and Lai, Chen and Tian, Yuandong and Fedorov, Igor and Xiong, Yunyang and Chang, Ernie and Shi, Yangyang and Krishnamoorthi, Raghuraman and others},
  journal={arXiv preprint arXiv:2402.14905},
  year={2024}
}

@article{lu2024small,
  title={Small language models: Survey, measurements, and insights},
  author={Lu, Zhenyan and Li, Xiang and Cai, Dongqi and Yi, Rongjie and Liu, Fangming and Zhang, Xiwen and Lane, Nicholas D and Xu, Mengwei},
  journal={arXiv preprint arXiv:2409.15790},
  year={2024}
}

@article{ma2024era,
  title={The era of 1-bit llms: All large language models are in 1.58 bits},
  author={Ma, Shuming and Wang, Hongyu and Ma, Lingxiao and Wang, Lei and Wang, Wenhui and Huang, Shaohan and Dong, Li and Wang, Ruiping and Xue, Jilong and Wei, Furu},
  journal={arXiv preprint arXiv:2402.17764},
  year={2024}
}

@misc{muennighoff2024olmoeopenmixtureofexpertslanguage,
      title={OLMoE: Open Mixture-of-Experts Language Models}, 
      author={Niklas Muennighoff and Luca Soldaini and Dirk Groeneveld and Kyle Lo and Jacob Morrison and Sewon Min and Weijia Shi and Pete Walsh and Oyvind Tafjord and Nathan Lambert and Yuling Gu and Shane Arora and Akshita Bhagia and Dustin Schwenk and David Wadden and Alexander Wettig and Binyuan Hui and Tim Dettmers and Douwe Kiela and Ali Farhadi and Noah A. Smith and Pang Wei Koh and Amanpreet Singh and Hannaneh Hajishirzi},
      year={2024},
      eprint={2409.02060},
      archivePrefix={arXiv},
      primaryClass={cs.CL},
      url={https://arxiv.org/abs/2409.02060}, 
}

@article{murthy2024mobileaibench,
  title={MobileAIBench: Benchmarking LLMs and LMMs for On-Device Use Cases},
  author={Murthy, Rithesh and Yang, Liangwei and Tan, Juntao and Awalgaonkar, Tulika Manoj and Zhou, Yilun and Heinecke, Shelby and Desai, Sachin and Wu, Jason and Xu, Ran and Tan, Sarah and others},
  journal={arXiv preprint arXiv:2406.10290},
  year={2024}
}

@software{openlm2023openllama,
  author = {Geng, Xinyang and Liu, Hao},
  title = {OpenLLaMA: An Open Reproduction of LLaMA},
  month = May,
  year = 2023,
  url = {https://github.com/openlm-research/open_llama}
}

@article{peng2023rwkv,
  title={Rwkv: Reinventing rnns for the transformer era},
  author={Peng, Bo and Alcaide, Eric and Anthony, Quentin and Albalak, Alon and Arcadinho, Samuel and Biderman, Stella and Cao, Huanqi and Cheng, Xin and Chung, Michael and Grella, Matteo and others},
  journal={arXiv preprint arXiv:2305.13048},
  year={2023}
}

@article{sui2024bitsfusion,
  title={BitsFusion: 1.99 bits Weight Quantization of Diffusion Model},
  author={Sui, Yang and Li, Yanyu and Kag, Anil and Idelbayev, Yerlan and Cao, Junli and Hu, Ju and Sagar, Dhritiman and Yuan, Bo and Tulyakov, Sergey and Ren, Jian},
  journal={arXiv preprint arXiv:2406.04333},
  year={2024}
}

@misc{thawakar2024mobillama,
      title={MobiLlama: Towards Accurate and Lightweight Fully Transparent GPT}, 
      author={Omkar Thawakar and Ashmal Vayani and Salman Khan and Hisham Cholakkal and Rao Muhammad Anwer and Michael Felsberg and Timothy Baldwin and Eric P. Xing and Fahad Shahbaz Khan},
      year={2024},
      eprint={2402.16840},
      archivePrefix={arXiv},
      primaryClass={cs.CL}
}

@article{wu2024snapgen,
  title={SnapGen-V: Generating a Five-Second Video within Five Seconds on a Mobile Device},
  author={Wu, Yushu and Zhang, Zhixing and Li, Yanyu and Xu, Yanwu and Kag, Anil and Sui, Yang and Coskun, Huseyin and Ma, Ke and Lebedev, Aleksei and Hu, Ju and others},
  journal={arXiv preprint arXiv:2412.10494},
  year={2024}
}

@article{yao2024minicpm,
  title={Minicpm-v: A gpt-4v level mllm on your phone},
  author={Yao, Yuan and Yu, Tianyu and Zhang, Ao and Wang, Chongyi and Cui, Junbo and Zhu, Hongji and Cai, Tianchi and Li, Haoyu and Zhao, Weilin and He, Zhihui and others},
  journal={arXiv preprint arXiv:2408.01800},
  year={2024}
}

@article{zhang2022opt,
  title={Opt: Open pre-trained transformer language models},
  author={Zhang, Susan and Roller, Stephen and Goyal, Naman and Artetxe, Mikel and Chen, Moya and Chen, Shuohui and Dewan, Christopher and Diab, Mona and Li, Xian and Lin, Xi Victoria and others},
  journal={arXiv preprint arXiv:2205.01068},
  year={2022}
}

@article{zhang2024tinyllama,
  title={Tinyllama: An open-source small language model},
  author={Zhang, Peiyuan and Zeng, Guangtao and Wang, Tianduo and Lu, Wei},
  journal={arXiv preprint arXiv:2401.02385},
  year={2024}
}

