@article{bharadhwaj2022information,
  title={Information prioritization through empowerment in visual model-based rl},
  author={Bharadhwaj, Homanga and Babaeizadeh, Mohammad and Erhan, Dumitru and Levine, Sergey},
  journal={arXiv preprint arXiv:2204.08585},
  year={2022}
}

@article{choi2021variational,
  title={Variational empowerment as representation learning for goal-based reinforcement learning},
  author={Choi, Jongwook and Sharma, Archit and Lee, Honglak and Levine, Sergey and Gu, Shixiang Shane},
  journal={arXiv preprint arXiv:2106.01404},
  year={2021}
}

@article{ding2022generalizing,
  title={Generalizing goal-conditioned reinforcement learning with variational causal reasoning},
  author={Ding, Wenhao and Lin, Haohong and Li, Bo and Zhao, Ding},
  journal={Advances in Neural Information Processing Systems},
  volume={35},
  pages={26532--26548},
  year={2022}
}

@article{eysenbach2018diversity,
  title={Diversity is all you need: Learning skills without a reward function},
  author={Eysenbach, Benjamin and Gupta, Abhishek and Ibarz, Julian and Levine, Sergey},
  journal={arXiv preprint arXiv:1802.06070},
  year={2018}
}

@article{hwang2023quantized,
  title={Quantized Local Independence Discovery for Fine-Grained Causal Dynamics Learning in Reinforcement Learning},
  author={Hwang, Inwoo and Kwak, Yunhyeok and Choi, Suhyung and Zhang, Byoung-Tak and Lee, Sanghack},
  year={2023}
}

@article{janner2019trust,
  title={When to trust your model: Model-based policy optimization},
  author={Janner, Michael and Fu, Justin and Zhang, Marvin and Levine, Sergey},
  journal={Advances in neural information processing systems},
  volume={32},
  year={2019}
}

@article{ke2021systematic,
  title={Systematic evaluation of causal discovery in visual model based reinforcement learning},
  author={Ke, Nan Rosemary and Didolkar, Aniket and Mittal, Sarthak and Goyal, Anirudh and Lajoie, Guillaume and Bauer, Stefan and Rezende, Danilo and Bengio, Yoshua and Mozer, Michael and Pal, Christopher},
  journal={arXiv preprint arXiv:2107.00848},
  year={2021}
}

@inproceedings{klyubin2005empowerment,
  title={Empowerment: A universal agent-centric measure of control},
  author={Klyubin, Alexander S and Polani, Daniel and Nehaniv, Chrystopher L},
  booktitle={2005 ieee congress on evolutionary computation},
  volume={1},
  pages={128--135},
  year={2005},
  organization={IEEE}
}

@article{leibfried2019unified,
  title={A unified bellman optimality principle combining reward maximization and empowerment},
  author={Leibfried, Felix and Pascual-Diaz, Sergio and Grau-Moya, Jordi},
  journal={Advances in Neural Information Processing Systems},
  volume={32},
  year={2019}
}

@article{moerland2023model,
  title={Model-based reinforcement learning: A survey},
  author={Moerland, Thomas M and Broekens, Joost and Plaat, Aske and Jonker, Catholijn M and others},
  journal={Foundations and Trends{\textregistered} in Machine Learning},
  volume={16},
  number={1},
  pages={1--118},
  year={2023},
  publisher={Now Publishers, Inc.}
}

@article{mohamed2015variational,
  title={Variational information maximisation for intrinsically motivated reinforcement learning},
  author={Mohamed, Shakir and Jimenez Rezende, Danilo},
  journal={Advances in neural information processing systems},
  volume={28},
  year={2015}
}

@inproceedings{mutti2023provably,
  title={Provably efficient causal model-based reinforcement learning for systematic generalization},
  author={Mutti, Mirco and De Santi, Riccardo and Rossi, Emanuele and Calderon, Juan Felipe and Bronstein, Michael and Restelli, Marcello},
  booktitle={Proceedings of the AAAI Conference on Artificial Intelligence},
  volume={37},
  number={8},
  pages={9251--9259},
  year={2023}
}

@inproceedings{nguyen2021temporal,
  title={Temporal predictive coding for model-based planning in latent space},
  author={Nguyen, Tung D and Shu, Rui and Pham, Tuan and Bui, Hung and Ermon, Stefano},
  booktitle={International Conference on Machine Learning},
  pages={8130--8139},
  year={2021},
  organization={PMLR}
}

@article{salge2014empowerment,
  title={Empowerment--an introduction},
  author={Salge, Christoph and Glackin, Cornelius and Polani, Daniel},
  journal={Guided Self-Organization: Inception},
  pages={67--114},
  year={2014},
  publisher={Springer}
}

@article{seitzer2021causal,
  title={Causal influence detection for improving efficiency in reinforcement learning},
  author={Seitzer, Maximilian and Sch{\"o}lkopf, Bernhard and Martius, Georg},
  journal={Advances in Neural Information Processing Systems},
  volume={34},
  pages={22905--22918},
  year={2021}
}

@inproceedings{wang2021task,
  title={Task-independent causal state abstraction},
  author={Wang, Zizhao and Xiao, Xuesu and Zhu, Yuke and Stone, Peter},
  booktitle={Proceedings of the 35th International Conference on Neural Information Processing Systems, Robot Learning workshop},
  year={2021}
}

@article{wang2022causal,
  title={Causal dynamics learning for task-independent state abstraction},
  author={Wang, Zizhao and Xiao, Xuesu and Xu, Zifan and Zhu, Yuke and Stone, Peter},
  journal={arXiv preprint arXiv:2206.13452},
  year={2022}
}

@article{zhao2021consciousness,
  title={A consciousness-inspired planning agent for model-based reinforcement learning},
  author={Zhao, Mingde and Liu, Zhen and Luan, Sitao and Zhang, Shuyuan and Precup, Doina and Bengio, Yoshua},
  journal={Advances in neural information processing systems},
  volume={34},
  pages={1569--1581},
  year={2021}
}

