@article{hafner2023mastering,
  title={Mastering diverse domains through world models},
  author={Hafner, Danijar and Pasukonis, Jurgis and Ba, Jimmy and Lillicrap, Timothy},
  journal={arXiv preprint arXiv:2301.04104},
  year={2023}
}
@article{zeng2023survey,
  title={A survey on causal reinforcement learning},
  author={Zeng, Yan and Cai, Ruichu and Sun, Fuchun and Huang, Libo and Hao, Zhifeng},
  journal={arXiv preprint arXiv:2302.05209},
  year={2023}
}

@article{deng2023causal,
  title={Causal reinforcement learning: A survey},
  author={Deng, Zhihong and Jiang, Jing and Long, Guodong and Zhang, Chengqi},
  journal={arXiv preprint arXiv:2307.01452},
  year={2023}
}

@article{wang2022causal,
  title={Causal dynamics learning for task-independent state abstraction},
  author={Wang, Zizhao and Xiao, Xuesu and Xu, Zifan and Zhu, Yuke and Stone, Peter},
  journal={arXiv preprint arXiv:2206.13452},
  year={2022}
}

@inproceedings{wang2021task,
  title={Task-independent causal state abstraction},
  author={Wang, Zizhao and Xiao, Xuesu and Zhu, Yuke and Stone, Peter},
  booktitle={Proceedings of the 35th International Conference on Neural Information Processing Systems, Robot Learning workshop},
  year={2021}
}
@article{ding2022generalizing,
  title={Generalizing goal-conditioned reinforcement learning with variational causal reasoning},
  author={Ding, Wenhao and Lin, Haohong and Li, Bo and Zhao, Ding},
  journal={Advances in Neural Information Processing Systems},
  volume={35},
  pages={26532--26548},
  year={2022}
}
@article{ke2021systematic,
  title={Systematic evaluation of causal discovery in visual model based reinforcement learning},
  author={Ke, Nan Rosemary and Didolkar, Aniket and Mittal, Sarthak and Goyal, Anirudh and Lajoie, Guillaume and Bauer, Stefan and Rezende, Danilo and Bengio, Yoshua and Mozer, Michael and Pal, Christopher},
  journal={arXiv preprint arXiv:2107.00848},
  year={2021}
}

@book{spirtes2001causation,
  title={Causation, prediction, and search},
  author={Spirtes, Peter and Glymour, Clark and Scheines, Richard},
  year={2001},
  publisher={MIT press}
}
@book{pearl2009causality,
  title={Causality},
  author={Pearl, Judea},
  year={2009},
  publisher={Cambridge university press}
}
@article{moerland2023model,
  title={Model-based reinforcement learning: A survey},
  author={Moerland, Thomas M and Broekens, Joost and Plaat, Aske and Jonker, Catholijn M and others},
  journal={Foundations and Trends{\textregistered} in Machine Learning},
  volume={16},
  number={1},
  pages={1--118},
  year={2023},
  publisher={Now Publishers, Inc.}
}

@inproceedings{lu2021invariant,
  title={Invariant causal representation learning for out-of-distribution generalization},
  author={Lu, Chaochao and Wu, Yuhuai and Hern{\'a}ndez-Lobato, Jos{\'e} Miguel and Sch{\"o}lkopf, Bernhard},
  booktitle={International Conference on Learning Representations},
  year={2021}
}

@article{ding2024seeing,
  title={Seeing is not believing: Robust reinforcement learning against spurious correlation},
  author={Ding, Wenhao and Shi, Laixi and Chi, Yuejie and Zhao, Ding},
  journal={Advances in Neural Information Processing Systems},
  volume={36},
  year={2024}
}

@inproceedings{huang2022action,
  title={Action-sufficient state representation learning for control with structural constraints},
  author={Huang, Biwei and Lu, Chaochao and Leqi, Liu and Hern{\'a}ndez-Lobato, Jos{\'e} Miguel and Glymour, Clark and Sch{\"o}lkopf, Bernhard and Zhang, Kun},
  booktitle={International Conference on Machine Learning},
  pages={9260--9279},
  year={2022},
  organization={PMLR}
}
@article{zhang2020learning,
  title={Learning invariant representations for reinforcement learning without reconstruction},
  author={Zhang, Amy and McAllister, Rowan and Calandra, Roberto and Gal, Yarin and Levine, Sergey},
  journal={arXiv preprint arXiv:2006.10742},
  year={2020}
}


@article{huang2021adarl,
  title={Adarl: What, where, and how to adapt in transfer reinforcement learning},
  author={Huang, Biwei and Feng, Fan and Lu, Chaochao and Magliacane, Sara and Zhang, Kun},
  journal={arXiv preprint arXiv:2107.02729},
  year={2021}
}

@article{liu2024learning,
  title={Learning World Models with Identifiable Factorization},
  author={Liu, Yuren and Huang, Biwei and Zhu, Zhengmao and Tian, Honglong and Gong, Mingming and Yu, Yang and Zhang, Kun},
  journal={Advances in Neural Information Processing Systems},
  volume={36},
  year={2024}
}

@article{richens2024robust,
  title={Robust agents learn causal world models},
  author={Richens, Jonathan and Everitt, Tom},
  journal={arXiv preprint arXiv:2402.10877},
  year={2024}
}

@article{janner2019trust,
  title={When to trust your model: Model-based policy optimization},
  author={Janner, Michael and Fu, Justin and Zhang, Marvin and Levine, Sergey},
  journal={Advances in neural information processing systems},
  volume={32},
  year={2019}
}

@inproceedings{nguyen2021temporal,
  title={Temporal predictive coding for model-based planning in latent space},
  author={Nguyen, Tung D and Shu, Rui and Pham, Tuan and Bui, Hung and Ermon, Stefano},
  booktitle={International Conference on Machine Learning},
  pages={8130--8139},
  year={2021},
  organization={PMLR}
}

@article{zhao2021consciousness,
  title={A consciousness-inspired planning agent for model-based reinforcement learning},
  author={Zhao, Mingde and Liu, Zhen and Luan, Sitao and Zhang, Shuyuan and Precup, Doina and Bengio, Yoshua},
  journal={Advances in neural information processing systems},
  volume={34},
  pages={1569--1581},
  year={2021}
}

@article{pitis2022mocoda,
  title={Mocoda: Model-based counterfactual data augmentation},
  author={Pitis, Silviu and Creager, Elliot and Mandlekar, Ajay and Garg, Animesh},
  journal={Advances in Neural Information Processing Systems},
  volume={35},
  pages={18143--18156},
  year={2022}
}

@inproceedings{okada2021dreaming,
  title={Dreaming: Model-based reinforcement learning by latent imagination without reconstruction},
  author={Okada, Masashi and Taniguchi, Tadahiro},
  booktitle={2021 ieee international conference on robotics and automation (icra)},
  pages={4209--4215},
  year={2021},
  organization={IEEE}
}

@article{yu2020mopo,
  title={Mopo: Model-based offline policy optimization},
  author={Yu, Tianhe and Thomas, Garrett and Yu, Lantao and Ermon, Stefano and Zou, James Y and Levine, Sergey and Finn, Chelsea and Ma, Tengyu},
  journal={Advances in Neural Information Processing Systems},
  volume={33},
  pages={14129--14142},
  year={2020}
}

@inproceedings{wang2022sample,
  title={Sample-efficient reinforcement learning via conservative model-based actor-critic},
  author={Wang, Zhihai and Wang, Jie and Zhou, Qi and Li, Bin and Li, Houqiang},
  booktitle={Proceedings of the AAAI Conference on Artificial Intelligence},
  volume={36},
  number={8},
  pages={8612--8620},
  year={2022}
}

@inproceedings{amos2021model,
  title={On the model-based stochastic value gradient for continuous reinforcement learning},
  author={Amos, Brandon and Stanton, Samuel and Yarats, Denis and Wilson, Andrew Gordon},
  booktitle={Learning for Dynamics and Control},
  pages={6--20},
  year={2021},
  organization={PMLR}
}

@article{wang2024building,
  title={Building Minimal and Reusable Causal State Abstractions for Reinforcement Learning},
  author={Wang, Zizhao and Wang, Caroline and Xiao, Xuesu and Zhu, Yuke and Stone, Peter},
  journal={arXiv preprint arXiv:2401.12497},
  year={2024}
}

@inproceedings{mutti2023provably,
  title={Provably efficient causal model-based reinforcement learning for systematic generalization},
  author={Mutti, Mirco and De Santi, Riccardo and Rossi, Emanuele and Calderon, Juan Felipe and Bronstein, Michael and Restelli, Marcello},
  booktitle={Proceedings of the AAAI Conference on Artificial Intelligence},
  volume={37},
  number={8},
  pages={9251--9259},
  year={2023}
}

@article{bharadhwaj2022information,
  title={Information prioritization through empowerment in visual model-based rl},
  author={Bharadhwaj, Homanga and Babaeizadeh, Mohammad and Erhan, Dumitru and Levine, Sergey},
  journal={arXiv preprint arXiv:2204.08585},
  year={2022}
}

@article{hwang2023quantized,
  title={Quantized Local Independence Discovery for Fine-Grained Causal Dynamics Learning in Reinforcement Learning},
  author={Hwang, Inwoo and Kwak, Yunhyeok and Choi, Suhyung and Zhang, Byoung-Tak and Lee, Sanghack},
  year={2023}
}

@inproceedings{klyubin2005empowerment,
  title={Empowerment: A universal agent-centric measure of control},
  author={Klyubin, Alexander S and Polani, Daniel and Nehaniv, Chrystopher L},
  booktitle={2005 ieee congress on evolutionary computation},
  volume={1},
  pages={128--135},
  year={2005},
  organization={IEEE}
}

@article{salge2014empowerment,
  title={Empowerment--an introduction},
  author={Salge, Christoph and Glackin, Cornelius and Polani, Daniel},
  journal={Guided Self-Organization: Inception},
  pages={67--114},
  year={2014},
  publisher={Springer}
}

@article{mohamed2015variational,
  title={Variational information maximisation for intrinsically motivated reinforcement learning},
  author={Mohamed, Shakir and Jimenez Rezende, Danilo},
  journal={Advances in neural information processing systems},
  volume={28},
  year={2015}
}

@article{choi2021variational,
  title={Variational empowerment as representation learning for goal-based reinforcement learning},
  author={Choi, Jongwook and Sharma, Archit and Lee, Honglak and Levine, Sergey and Gu, Shixiang Shane},
  journal={arXiv preprint arXiv:2106.01404},
  year={2021}
}

@article{seitzer2021causal,
  title={Causal influence detection for improving efficiency in reinforcement learning},
  author={Seitzer, Maximilian and Sch{\"o}lkopf, Bernhard and Martius, Georg},
  journal={Advances in Neural Information Processing Systems},
  volume={34},
  pages={22905--22918},
  year={2021}
}

@article{leibfried2019unified,
  title={A unified bellman optimality principle combining reward maximization and empowerment},
  author={Leibfried, Felix and Pascual-Diaz, Sergio and Grau-Moya, Jordi},
  journal={Advances in Neural Information Processing Systems},
  volume={32},
  year={2019}
}



@article{klyubin2008keep,
  title={Keep your options open: An information-based driving principle for sensorimotor systems},
  author={Klyubin, Alexander S and Polani, Daniel and Nehaniv, Chrystopher L},
  journal={PloS one},
  volume={3},
  number={12},
  pages={e4018},
  year={2008},
  publisher={Public Library of Science San Francisco, USA}
}


@article{eysenbach2018diversity,
  title={Diversity is all you need: Learning skills without a reward function},
  author={Eysenbach, Benjamin and Gupta, Abhishek and Ibarz, Julian and Levine, Sergey},
  journal={arXiv preprint arXiv:1802.06070},
  year={2018}
}


@article{jung2011empowerment,
  title={Empowerment for continuous agent—environment systems},
  author={Jung, Tobias and Polani, Daniel and Stone, Peter},
  journal={Adaptive Behavior},
  volume={19},
  number={1},
  pages={16--39},
  year={2011},
  publisher={SAGE Publications Sage UK: London, England}
}


@article{murphy2002dynamic,
  title={Dynamic bayesian networks},
  author={Murphy, Kevin P and others},
  journal={Probabilistic Graphical Models, M. Jordan},
  volume={7},
  pages={431},
  year={2002}
}

@article{rubinstein1997optimization,
  title={Optimization of computer simulation models with rare events},
  author={Rubinstein, Reuven Y},
  journal={European Journal of Operational Research},
  volume={99},
  number={1},
  pages={89--112},
  year={1997},
  publisher={Elsevier}
}


@article{mutti2023exploiting,
  title={Exploiting Causal Graph Priors with Posterior Sampling for Reinforcement Learning},
  author={Mutti, Mirco and De Santi, Riccardo and Restelli, Marcello and Marx, Alexander and Ramponi, Giorgia},
  journal={arXiv preprint arXiv:2310.07518},
  year={2023}
}

@article{pitis2020counterfactual,
  title={Counterfactual data augmentation using locally factored dynamics},
  author={Pitis, Silviu and Creager, Elliot and Garg, Animesh},
  journal={Advances in Neural Information Processing Systems},
  volume={33},
  pages={3976--3990},
  year={2020}
}


@article{feng2023learning,
  title={Learning dynamic attribute-factored world models for efficient multi-object reinforcement learning},
  author={Feng, Fan and Magliacane, Sara},
  journal={Advances in Neural Information Processing Systems},
  volume={36},
  year={2023}
}

@article{guestrin2003efficient,
  title={Efficient solution algorithms for factored MDPs},
  author={Guestrin, Carlos and Koller, Daphne and Parr, Ronald and Venkataraman, Shobha},
  journal={Journal of Artificial Intelligence Research},
  volume={19},
  pages={399--468},
  year={2003}
}

@article{guestrin2001multiagent,
  title={Multiagent planning with factored MDPs},
  author={Guestrin, Carlos and Koller, Daphne and Parr, Ronald},
  journal={Advances in neural information processing systems},
  volume={14},
  year={2001}
}

@article{huang2020causal,
  title={Causal discovery from heterogeneous/nonstationary data},
  author={Huang, Biwei and Zhang, Kun and Zhang, Jiji and Ramsey, Joseph and Sanchez-Romero, Ruben and Glymour, Clark and Sch{\"o}lkopf, Bernhard},
  journal={Journal of Machine Learning Research},
  volume={21},
  number={89},
  pages={1--53},
  year={2020}
}

@article{shi2024composing,
  title={Composing Pre-Trained Object-Centric Representations for Robotics From" What" and" Where" Foundation Models},
  author={Shi, Junyao and Qian, Jianing and Ma, Yecheng Jason and Jayaraman, Dinesh},
  journal={arXiv preprint arXiv:2404.13474},
  year={2024}
}
Explain
Explain

@inproceedings{wang2023manipulate,
  title={Manipulate by seeing: Creating manipulation controllers from pre-trained representations},
  author={Wang, Jianren and Dasari, Sudeep and Srirama, Mohan Kumar and Tulsiani, Shubham and Gupta, Abhinav},
  booktitle={Proceedings of the IEEE/CVF International Conference on Computer Vision},
  pages={3859--3868},
  year={2023}
}
Explain

@inproceedings{luo2025pre,
  title={Pre-trained Visual Dynamics Representations for Efficient Policy Learning},
  author={Luo, Hao and Zhou, Bohan and Lu, Zongqing},
  booktitle={European Conference on Computer Vision},
  pages={249--267},
  year={2024},
  organization={Springer}
}
Explain

@article{team2024octo,
  title={Octo: An open-source generalist robot policy},
  author={Team, Octo Model and Ghosh, Dibya and Walke, Homer and Pertsch, Karl and Black, Kevin and Mees, Oier and Dasari, Sudeep and Hejna, Joey and Kreiman, Tobias and Xu, Charles and others},
  journal={arXiv preprint arXiv:2405.12213},
  year={2024}
}
Explain

@article{collaboration2023open,
  title={Open X-Embodiment: Robotic learning datasets and RT-X models},
  author={Collaboration, Open-X Embodiment and Padalkar, A and Pooley, A and Jain, A and Bewley, A and Herzog, A and Irpan, A and Khazatsky, A and Rai, A and Singh, A and others},
  journal={arXiv preprint arXiv:2310.08864},
  volume={1},
  number={2},
  year={2023}
}
Explain
@misc{wang2022robodesk,
  title={Robodesk with a diverse set of distractors},
  author={Wang, Tongzhou},
  year={2022}
}

@misc{kannan2021robodesk,
  title={Robodesk: A multi-task reinforcement learning benchmark},
  author={Kannan, Harini and Hafner, Danijar and Finn, Chelsea and Erhan, Dumitru},
  year={2021}
}

@inproceedings{wang2022denoised,
  title={Denoised MDPs: Learning World Models Better Than the World Itself},
  author={Wang, Tongzhou and Du, Simon and Torralba, Antonio and Isola, Phillip and Zhang, Amy and Tian, Yuandong},
  booktitle={International Conference on Machine Learning},
  pages={22591--22612},
  year={2022},
  organization={PMLR}
}

@article{tassa2018deepmind,
  title={DeepMind Control Suite},
  author={Tassa, Yuval and Doron, Yotam and Muldal, Alistair and Erez, Tom and Li, Yazhe and de Las Casas, Diego and Budden, David and Abdolmaleki, Abbas and Merel, Josh and Lefrancq, Andrew and others},
  journal={arXiv e-prints},
  pages={arXiv--1801},
  year={2018}
}

@article{spirtes2013causal,
  title={Causal inference in the presence of latent variables and selection bias},
  author={Spirtes, Peter L and Meek, Christopher and Richardson, Thomas S},
  journal={arXiv preprint arXiv:1302.4983},
  year={2013}
}

@article{chickering2002optimal,
  title={Optimal structure identification with greedy search},
  author={Chickering, David Maxwell},
  journal={Journal of machine learning research},
  volume={3},
  number={Nov},
  pages={507--554},
  year={2002}
}
@inproceedings{urpicausal,
  title={Causal Action Influence Aware Counterfactual Data Augmentation},
  author={Urp{\'\i}, N{\'u}ria Armengol and Bagatella, Marco and Vlastelica, Marin and Martius, Georg},
  booktitle={Forty-first International Conference on Machine Learning},
  year={2024}
}