@ARTICLE{Bai2022-bz,
  title         = "{Training a Helpful and Harmless Assistant with Reinforcement
                   Learning from Human Feedback}",
  author        = "Bai, Yuntao and Jones, Andy and Ndousse, Kamal and Askell,
                   Amanda and Chen, Anna and DasSarma, Nova and Drain, Dawn and
                   Fort, Stanislav and Ganguli, Deep and Henighan, Tom and
                   Joseph, Nicholas and Kadavath, Saurav and Kernion, Jackson
                   and Conerly, Tom and El-Showk, Sheer and Elhage, Nelson and
                   Hatfield-Dodds, Zac and Hernandez, Danny and Hume, Tristan
                   and Johnston, Scott and Kravec, Shauna and Lovitt, Liane and
                   Nanda, Neel and Olsson, Catherine and Amodei, Dario and
                   Brown, Tom and Clark, Jack and McCandlish, Sam and Olah,
                   Chris and Mann, Ben and Kaplan, Jared",
  month         =  apr,
  year          =  2022,
  archivePrefix = "arXiv",
  primaryClass  = "cs.CL",
  eprint        = "2204.05862"
}

@ARTICLE{Bai2022-zx,
  title         = "{Constitutional AI: Harmlessness from AI Feedback}",
  author        = "Bai, Yuntao and Kadavath, Saurav and Kundu, Sandipan and
                   Askell, Amanda and Kernion, Jackson and Jones, Andy and
                   Chen, Anna and Goldie, Anna and Mirhoseini, Azalia and
                   McKinnon, Cameron and Chen, Carol and Olsson, Catherine and
                   Olah, Christopher and Hernandez, Danny and Drain, Dawn and
                   Ganguli, Deep and Li, Dustin and Tran-Johnson, Eli and
                   Perez, Ethan and Kerr, Jamie and Mueller, Jared and Ladish,
                   Jeffrey and Landau, Joshua and Ndousse, Kamal and Lukosuite,
                   Kamile and Lovitt, Liane and Sellitto, Michael and Elhage,
                   Nelson and Schiefer, Nicholas and Mercado, Noemi and
                   DasSarma, Nova and Lasenby, Robert and Larson, Robin and
                   Ringer, Sam and Johnston, Scott and Kravec, Shauna and El
                   Showk, Sheer and Fort, Stanislav and Lanham, Tamera and
                   Telleen-Lawton, Timothy and Conerly, Tom and Henighan, Tom
                   and Hume, Tristan and Bowman, Samuel R and Hatfield-Dodds,
                   Zac and Mann, Ben and Amodei, Dario and Joseph, Nicholas and
                   McCandlish, Sam and Brown, Tom and Kaplan, Jared",
  month         =  dec,
  year          =  2022,
  archivePrefix = "arXiv",
  primaryClass  = "cs.CL",
  eprint        = "2212.08073"
}

@ARTICLE{Branch2022-ck,
  title         = "{Evaluating the Susceptibility of Pre-Trained Language Models
                   via Handcrafted Adversarial Examples}",
  author        = "Branch, Hezekiah J and Cefalu, Jonathan Rodriguez and
                   McHugh, Jeremy and Hujer, Leyla and Bahl, Aditya and del
                   Castillo Iglesias, Daniel and Heichman, Ron and Darwishi,
                   Ramesh",
  month         =  sep,
  year          =  2022,
  archivePrefix = "arXiv",
  primaryClass  = "cs.CL",
  eprint        = "2209.02128"
}

@ARTICLE{Kang2023-qa,
  title         = "{Exploiting Programmatic Behavior of LLMs: Dual-Use Through
                   Standard Security Attacks}",
  author        = "Kang, Daniel and Li, Xuechen and Stoica, Ion and Guestrin,
                   Carlos and Zaharia, Matei and Hashimoto, Tatsunori",
  month         =  feb,
  year          =  2023,
  archivePrefix = "arXiv",
  primaryClass  = "cs.CR",
  eprint        = "2302.05733"
}

@ARTICLE{Ouyang2022-wv,
  title         = "{Training language models to follow instructions with human
                   feedback}",
  author        = "Ouyang, Long and Wu, Jeff and Jiang, Xu and Almeida, Diogo
                   and Wainwright, Carroll L and Mishkin, Pamela and Zhang,
                   Chong and Agarwal, Sandhini and Slama, Katarina and Ray,
                   Alex and Schulman, John and Hilton, Jacob and Kelton, Fraser
                   and Miller, Luke and Simens, Maddie and Askell, Amanda and
                   Welinder, Peter and Christiano, Paul and Leike, Jan and
                   Lowe, Ryan",
  month         =  mar,
  year          =  2022,
  archivePrefix = "arXiv",
  primaryClass  = "cs.CL",
  eprint        = "2203.02155"
}

@ARTICLE{Wei2023-be,
  title         = "{Jailbroken: How Does LLM Safety Training Fail?}",
  author        = "Wei, Alexander and Haghtalab, Nika and Steinhardt, Jacob",
  month         =  jul,
  year          =  2023,
  archivePrefix = "arXiv",
  primaryClass  = "cs.LG",
  eprint        = "2307.02483"
}

@ARTICLE{Zou2023-lc,
  title         = "{Universal and Transferable Adversarial Attacks on Aligned
                   Language Models}",
  author        = "Zou, Andy and Wang, Zifan and Zico Kolter, J and Fredrikson,
                   Matt",
  month         =  jul,
  year          =  2023,
  archivePrefix = "arXiv",
  primaryClass  = "cs.CL",
  eprint        = "2307.15043"
}

@article{achiam2023gpt,
  title={Gpt-4 technical report},
  author={Achiam, Josh and Adler, Steven and Agarwal, Sandhini and Ahmad, Lama and Akkaya, Ilge and Aleman, Florencia Leoni and Almeida, Diogo and Altenschmidt, Janko and Altman, Sam and Anadkat, Shyamal and others},
  journal={arXiv preprint arXiv:2303.08774},
  year={2023}
}

@article{brown2020language,
  title={Language models are few-shot learners},
  author={Brown, Tom B},
  journal={arXiv preprint arXiv:2005.14165},
  year={2020}
}

@misc{chenStruQDefendingPrompt2024,
  title = {{{StruQ}}: {{Defending Against Prompt Injection}} with {{Structured Queries}}},
  shorttitle = {{{StruQ}}},
  author = {Chen, Sizhe and Piet, Julien and Sitawarin, Chawin and Wagner, David},
  year = {2024},
  month = sep,
  number = {arXiv:2402.06363},
  eprint = {2402.06363},
  primaryclass = {cs},
  publisher = {arXiv},
  urldate = {2024-09-30},
  archiveprefix = {arXiv},
  langid = {english}
}

@article{dubey2024llama,
  title={The llama 3 herd of models},
  author={Dubey, Abhimanyu and Jauhri, Abhinav and Pandey, Abhinav and Kadian, Abhishek and Al-Dahle, Ahmad and Letman, Aiesha and Mathur, Akhil and Schelten, Alan and Yang, Amy and Fan, Angela and others},
  journal={arXiv preprint arXiv:2407.21783},
  year={2024}
}

@article{glaese2022improving,
  title={Improving alignment of dialogue agents via targeted human judgements},
  author={Glaese, Amelia and McAleese, Nat and Trebacz, Maja and Aslanides, John and Firoiu, Vlad and Ewalds, Timo and Rauh, Maribeth and Weidinger, Laura and Chadwick, Martin and Thacker, Phoebe and others},
  journal={arXiv preprint arXiv:2209.14375},
  year={2022}
}

@misc{greshakeNotWhatYouve2023,
  title = {Not What You've Signed up for: {{Compromising Real-World LLM-Integrated Applications}} with {{Indirect Prompt Injection}}},
  shorttitle = {Not What You've Signed up For},
  author = {Greshake, Kai and Abdelnabi, Sahar and Mishra, Shailesh and Endres, Christoph and Holz, Thorsten and Fritz, Mario},
  year = {2023},
  month = may,
  number = {arXiv:2302.12173},
  eprint = {2302.12173},
  primaryclass = {cs},
  publisher = {arXiv},
  urldate = {2024-09-24},
  archiveprefix = {arXiv},
  langid = {english}
}

@article{khashabi2020unifiedqa,
  title={Unifiedqa: Crossing format boundaries with a single qa system},
  author={Khashabi, Daniel and Min, Sewon and Khot, Tushar and Sabharwal, Ashish and Tafjord, Oyvind and Clark, Peter and Hajishirzi, Hannaneh},
  journal={arXiv preprint arXiv:2005.00700},
  year={2020}
}

@misc{leeAligningThousandsPreferences2024,
  title = {Aligning to {{Thousands}} of {{Preferences}} via {{System Message Generalization}}},
  author = {Lee, Seongyun and Park, Sue Hyun and Kim, Seungone and Seo, Minjoon},
  year = {2024},
  month = may,
  number = {arXiv:2405.17977},
  eprint = {2405.17977},
  primaryclass = {cs},
  publisher = {arXiv},
  urldate = {2024-09-30},
  archiveprefix = {arXiv},
  langid = {english}
}

@inproceedings{li2024evaluating,
  title={Evaluating the instruction-following robustness of large language models to prompt injection},
  author={Li, Zekun and Peng, Baolin and He, Pengcheng and Yan, Xifeng},
  booktitle={Proceedings of the 2024 Conference on Empirical Methods in Natural Language Processing},
  pages={557--568},
  year={2024}
}

@misc{liMeasuringControllingInstruction2024,
  title = {Measuring and {{Controlling Instruction}} ({{In}}){{Stability}} in {{Language Model Dialogs}}},
  author = {Li, Kenneth and Liu, Tianle and Bashkansky, Naomi and Bau, David and Vi{\'e}gas, Fernanda and Pfister, Hanspeter and Wattenberg, Martin},
  year = {2024},
  month = jul,
  number = {arXiv:2402.10962},
  eprint = {2402.10962},
  primaryclass = {cs},
  publisher = {arXiv},
  urldate = {2024-09-30},
  archiveprefix = {arXiv},
  langid = {english}
}

@misc{liuPromptInjectionAttack2024,
  title = {Prompt {{Injection}} Attack against {{LLM-integrated Applications}}},
  author = {Liu, Yi and Deng, Gelei and Li, Yuekang and Wang, Kailong and Wang, Zihao and Wang, Xiaofeng and Zhang, Tianwei and Liu, Yepang and Wang, Haoyu and Zheng, Yan and Liu, Yang},
  year = {2024},
  month = mar,
  number = {arXiv:2306.05499},
  eprint = {2306.05499},
  primaryclass = {cs},
  publisher = {arXiv},
  urldate = {2024-09-24},
  archiveprefix = {arXiv},
  langid = {english}
}

@misc{luSoFAShieldedFly2024,
  title = {{{SoFA}}: {{Shielded On-the-fly Alignment}} via {{Priority Rule Following}}},
  shorttitle = {{{SoFA}}},
  author = {Lu, Xinyu and Yu, Bowen and Lu, Yaojie and Lin, Hongyu and Yu, Haiyang and Sun, Le and Han, Xianpei and Li, Yongbin},
  year = {2024},
  month = feb,
  number = {arXiv:2402.17358},
  eprint = {2402.17358},
  primaryclass = {cs},
  publisher = {arXiv},
  urldate = {2024-09-30},
  archiveprefix = {arXiv},
  langid = {english}
}

@article{mazeika2024harmbench,
  title={Harmbench: A standardized evaluation framework for automated red teaming and robust refusal},
  author={Mazeika, Mantas and Phan, Long and Yin, Xuwang and Zou, Andy and Wang, Zifan and Mu, Norman and Sakhaee, Elham and Li, Nathaniel and Basart, Steven and Li, Bo and others},
  journal={arXiv preprint arXiv:2402.04249},
  year={2024}
}

@article{mishra2021cross,
  title={Cross-task generalization via natural language crowdsourcing instructions},
  author={Mishra, Swaroop and Khashabi, Daniel and Baral, Chitta and Hajishirzi, Hannaneh},
  journal={arXiv preprint arXiv:2104.08773},
  year={2021}
}

@misc{muCanLLMsFollow2024,
  title = {Can {{LLMs Follow Simple Rules}}?},
  author = {Mu, Norman and Chen, Sarah and Wang, Zifan and Chen, Sizhe and Karamardian, David and Aljeraisy, Lulwa and Alomair, Basel and Hendrycks, Dan and Wagner, David},
  year = {2024},
  month = mar,
  number = {arXiv:2311.04235},
  eprint = {2311.04235},
  primaryclass = {cs},
  publisher = {arXiv},
  urldate = {2024-09-30},
  archiveprefix = {arXiv},
  langid = {english}
}

@article{mukherjee2023orca,
  title={Orca: Progressive learning from complex explanation traces of gpt-4},
  author={Mukherjee, Subhabrata and Mitra, Arindam and Jawahar, Ganesh and Agarwal, Sahaj and Palangi, Hamid and Awadallah, Ahmed},
  journal={arXiv preprint arXiv:2306.02707},
  year={2023}
}

@misc{perezIgnorePreviousPrompt2022,
  title = {Ignore {{Previous Prompt}}: {{Attack Techniques For Language Models}}},
  shorttitle = {Ignore {{Previous Prompt}}},
  author = {Perez, F{\'a}bio and Ribeiro, Ian},
  year = {2022},
  month = nov,
  number = {arXiv:2211.09527},
  eprint = {2211.09527},
  primaryclass = {cs},
  publisher = {arXiv},
  urldate = {2024-09-24},
  archiveprefix = {arXiv},
  langid = {english}
}

@inproceedings{piet2024jatmo,
  title={Jatmo: Prompt injection defense by task-specific finetuning},
  author={Piet, Julien and Alrashed, Maha and Sitawarin, Chawin and Chen, Sizhe and Wei, Zeming and Sun, Elizabeth and Alomair, Basel and Wagner, David},
  booktitle={European Symposium on Research in Computer Security},
  pages={105--124},
  year={2024},
  organization={Springer}
}

@misc{rehbergerBreakingInstructionHierarchy2024,
  title = {Breaking {{Instruction Hierarchy}} in {{OpenAI}}'s Gpt-4o-Mini {$\cdot$} {{Embrace The Red}}},
  author = {Rehberger, Johann},
  year = {2024},
  month = jul,
  journal = {Embrace The Red},
  urldate = {2024-09-29},
  howpublished = {https://embracethered.com/blog/posts/2024/chatgpt-gpt-4o-mini-instruction-hierarchie-bypasses/},
  langid = {american}
}

@article{sanh2021multitask,
  title={Multitask prompted training enables zero-shot task generalization},
  author={Sanh, Victor and Webson, Albert and Raffel, Colin and Bach, Stephen H and Sutawika, Lintang and Alyafeai, Zaid and Chaffin, Antoine and Stiegler, Arnaud and Scao, Teven Le and Raja, Arun and others},
  journal={arXiv preprint arXiv:2110.08207},
  year={2021}
}

@online{schulhoffIgnoreThisTitle2024,
  title = {Ignore {{This Title}} and {{HackAPrompt}}: {{Exposing Systemic Vulnerabilities}} of {{LLMs}} through a {{Global Scale Prompt Hacking Competition}}},
  shorttitle = {Ignore {{This Title}} and {{HackAPrompt}}},
  author = {Schulhoff, Sander and Pinto, Jeremy and Khan, Anaum and Bouchard, Louis-François and Si, Chenglei and Anati, Svetlina and Tagliabue, Valen and Kost, Anson Liu and Carnahan, Christopher and Boyd-Graber, Jordan},
  date = {2024-03-02},
  eprint = {2311.16119},
  eprinttype = {arXiv},
  eprintclass = {cs},
  url = {http://arxiv.org/abs/2311.16119},
  urldate = {2024-10-01},
  langid = {english},
  pubstate = {prepublished}
}

@misc{touvronLlamaOpenFoundation2023a,
  title = {Llama 2: {{Open Foundation}} and {{Fine-Tuned Chat Models}}},
  shorttitle = {Llama 2},
  author = {Touvron, Hugo and Martin, Louis and Stone, Kevin and Albert, Peter and Almahairi, Amjad and Babaei, Yasmine and Bashlykov, Nikolay and Batra, Soumya and Bhargava, Prajjwal and Bhosale, Shruti and Bikel, Dan and Blecher, Lukas and Ferrer, Cristian Canton and Chen, Moya and Cucurull, Guillem and Esiobu, David and Fernandes, Jude and Fu, Jeremy and Fu, Wenyin and Fuller, Brian and Gao, Cynthia and Goswami, Vedanuj and Goyal, Naman and Hartshorn, Anthony and Hosseini, Saghar and Hou, Rui and Inan, Hakan and Kardas, Marcin and Kerkez, Viktor and Khabsa, Madian and Kloumann, Isabel and Korenev, Artem and Koura, Punit Singh and Lachaux, Marie-Anne and Lavril, Thibaut and Lee, Jenya and Liskovich, Diana and Lu, Yinghai and Mao, Yuning and Martinet, Xavier and Mihaylov, Todor and Mishra, Pushkar and Molybog, Igor and Nie, Yixin and Poulton, Andrew and Reizenstein, Jeremy and Rungta, Rashi and Saladi, Kalyan and Schelten, Alan and Silva, Ruan and Smith, Eric Michael and Subramanian, Ranjan and Tan, Xiaoqing Ellen and Tang, Binh and Taylor, Ross and Williams, Adina and Kuan, Jian Xiang and Xu, Puxin and Yan, Zheng and Zarov, Iliyan and Zhang, Yuchen and Fan, Angela and Kambadur, Melanie and Narang, Sharan and Rodriguez, Aurelien and Stojnic, Robert and Edunov, Sergey and Scialom, Thomas},
  year = {2023},
  month = jul,
  number = {arXiv:2307.09288},
  eprint = {2307.09288},
  primaryclass = {cs},
  publisher = {arXiv},
  urldate = {2024-10-01},
  archiveprefix = {arXiv},
  langid = {english}
}

@misc{toyer2023tensor,
    title={{Tensor Trust}: Interpretable Prompt Injection Attacks from an Online Game},
    author={Toyer, Sam and Watkins, Olivia and Mendes, Ethan Adrian and Svegliato, Justin and Bailey, Luke and Wang, Tiffany and Ong, Isaac and Elmaaroufi, Karim and Abbeel, Pieter and Darrell, Trevor and Ritter, Alan and Russell, Stuart},
    year={2023},
    journal={arXiv preprint arXiv:2311.01011},
    url={https://arxiv.org/pdf/2311.01011.pdf}
}

@misc{wallaceInstructionHierarchyTraining2024,
  title = {The {{Instruction Hierarchy}}: {{Training LLMs}} to {{Prioritize Privileged Instructions}}},
  shorttitle = {The {{Instruction Hierarchy}}},
  author = {Wallace, Eric and Xiao, Kai and Leike, Reimar and Weng, Lilian and Heidecke, Johannes and Beutel, Alex},
  year = {2024},
  month = apr,
  number = {arXiv:2404.13208},
  eprint = {2404.13208},
  primaryclass = {cs},
  publisher = {arXiv},
  urldate = {2024-09-24},
  archiveprefix = {arXiv},
  langid = {english}
}

@article{wei2021finetuned,
  title={Finetuned language models are zero-shot learners},
  author={Wei, Jason and Bosma, Maarten and Zhao, Vincent Y and Guu, Kelvin and Yu, Adams Wei and Lester, Brian and Du, Nan and Dai, Andrew M and Le, Quoc V},
  journal={arXiv preprint arXiv:2109.01652},
  year={2021}
}

@article{weller2020learning,
  title={Learning from task descriptions},
  author={Weller, Orion and Lourie, Nicholas and Gardner, Matt and Peters, Matthew E},
  journal={arXiv preprint arXiv:2011.08115},
  year={2020}
}

@misc{wu2024instructionalsegmentembeddingimproving,
      title={Instructional Segment Embedding: Improving LLM Safety with Instruction Hierarchy}, 
      author={Tong Wu and Shujian Zhang and Kaiqiang Song and Silei Xu and Sanqiang Zhao and Ravi Agrawal and Sathish Reddy Indurthi and Chong Xiang and Prateek Mittal and Wenxuan Zhou},
      year={2024},
      eprint={2410.09102},
      archivePrefix={arXiv},
      primaryClass={cs.CR},
      url={https://arxiv.org/abs/2410.09102}, 
}

@article{yi2023benchmarking,
  title={Benchmarking and defending against indirect prompt injection attacks on large language models},
  author={Yi, Jingwei and Xie, Yueqi and Zhu, Bin and Kiciman, Emre and Sun, Guangzhong and Xie, Xing and Wu, Fangzhao},
  journal={arXiv preprint arXiv:2312.14197},
  year={2023}
}

@misc{yuAssessingPromptInjection2024,
  title = {Assessing {{Prompt Injection Risks}} in 200+ {{Custom GPTs}}},
  author = {Yu, Jiahao and Wu, Yuhang and Shu, Dong and Jin, Mingyu and Yang, Sabrina and Xing, Xinyu},
  year = {2024},
  month = may,
  number = {arXiv:2311.11538},
  eprint = {2311.11538},
  primaryclass = {cs},
  publisher = {arXiv},
  urldate = {2024-09-28},
  archiveprefix = {arXiv},
  langid = {english}
}

@article{zhou2023instruction,
  title={Instruction-following evaluation for large language models},
  author={Zhou, Jeffrey and Lu, Tianjian and Mishra, Swaroop and Brahma, Siddhartha and Basu, Sujoy and Luan, Yi and Zhou, Denny and Hou, Le},
  journal={arXiv preprint arXiv:2311.07911},
  year={2023}
}

