% Generated by Paperpile. Check out https://paperpile.com for more information.
% BibTeX export options can be customized via Settings -> BibTeX.

@BOOK{Chomsky1965-tn,
  title     = "{Aspects of the Theory of Syntax}",
  author    = "Chomsky, Noam",
  publisher = "The MIT Press",
  edition   =  50,
  year      =  1965
}

@ARTICLE{Wei2023-be,
  title         = "{Jailbroken: How Does LLM Safety Training Fail?}",
  author        = "Wei, Alexander and Haghtalab, Nika and Steinhardt, Jacob",
  month         =  jul,
  year          =  2023,
  archivePrefix = "arXiv",
  primaryClass  = "cs.LG",
  eprint        = "2307.02483"
}

@article{zhang2024sprig,
  title={SPRIG: Improving Large Language Model Performance by System Prompt Optimization},
  author={Zhang, Lechen and Ergen, Tolga and Logeswaran, Lajanugen and Lee, Moontae and Jurgens, David},
  journal={arXiv preprint arXiv:2410.14826},
  year={2024}
}

@article{sanchez2023stay,
  title={Stay on topic with classifier-free guidance},
  author={Sanchez, Guillaume and Fan, Honglu and Spangher, Alexander and Levi, Elad and Ammanamanchi, Pawan Sasanka and Biderman, Stella},
  journal={arXiv preprint arXiv:2306.17806},
  year={2023}
}

@article{grootendorst2022bertopic,
  title={BERTopic: Neural topic modeling with a class-based TF-IDF procedure},
  author={Grootendorst, Maarten},
  journal={arXiv preprint arXiv:2203.05794},
  year={2022}
}

@article{mcinnes2018umap,
  title={Umap: Uniform manifold approximation and projection for dimension reduction},
  author={McInnes, Leland and Healy, John and Melville, James},
  journal={arXiv preprint arXiv:1802.03426},
  year={2018}
}

@article{li2022contrastive,
  title={Contrastive decoding: Open-ended text generation as optimization},
  author={Li, Xiang Lisa and Holtzman, Ari and Fried, Daniel and Liang, Percy and Eisner, Jason and Hashimoto, Tatsunori and Zettlemoyer, Luke and Lewis, Mike},
  journal={arXiv preprint arXiv:2210.15097},
  year={2022}
}

@article{zou2024system,
  title={Is the System Message Really Important to Jailbreaks in Large Language Models?},
  author={Zou, Xiaotian and Chen, Yongkang and Li, Ke},
  journal={arXiv preprint arXiv:2402.14857},
  year={2024}
}

@ARTICLE{Jones2023-rz,
  title         = "{Automatically Auditing Large Language Models via Discrete
                   Optimization}",
  author        = "Jones, Erik and Dragan, Anca and Raghunathan, Aditi and
                   Steinhardt, Jacob",
  month         =  mar,
  year          =  2023,
  archivePrefix = "arXiv",
  primaryClass  = "cs.LG",
  eprint        = "2303.04381"
}

@ARTICLE{Thoppilan2022-om,
  title         = "{LaMDA: Language Models for Dialog Applications}",
  author        = "Thoppilan, Romal and De Freitas, Daniel and Hall, Jamie and
                   Shazeer, Noam and Kulshreshtha, Apoorv and Cheng, Heng-Tze
                   and Jin, Alicia and Bos, Taylor and Baker, Leslie and Du, Yu
                   and Li, Yaguang and Lee, Hongrae and Zheng, Huaixiu Steven
                   and Ghafouri, Amin and Menegali, Marcelo and Huang, Yanping
                   and Krikun, Maxim and Lepikhin, Dmitry and Qin, James and
                   Chen, Dehao and Xu, Yuanzhong and Chen, Zhifeng and Roberts,
                   Adam and Bosma, Maarten and Zhao, Vincent and Zhou, Yanqi
                   and Chang, Chung-Ching and Krivokon, Igor and Rusch, Will
                   and Pickett, Marc and Srinivasan, Pranesh and Man, Laichee
                   and Meier-Hellstern, Kathleen and Morris, Meredith Ringel
                   and Doshi, Tulsee and Santos, Renelito Delos and Duke, Toju
                   and Soraker, Johnny and Zevenbergen, Ben and Prabhakaran,
                   Vinodkumar and Diaz, Mark and Hutchinson, Ben and Olson,
                   Kristen and Molina, Alejandra and Hoffman-John, Erin and
                   Lee, Josh and Aroyo, Lora and Rajakumar, Ravi and Butryna,
                   Alena and Lamm, Matthew and Kuzmina, Viktoriya and Fenton,
                   Joe and Cohen, Aaron and Bernstein, Rachel and Kurzweil, Ray
                   and Aguera-Arcas, Blaise and Cui, Claire and Croak, Marian
                   and Chi, Ed and Le, Quoc",
  month         =  jan,
  year          =  2022,
  archivePrefix = "arXiv",
  primaryClass  = "cs.CL",
  eprint        = "2201.08239"
}

@ARTICLE{Longpre2023-uj,
  title         = "{The Flan Collection: Designing Data and Methods for
                   Effective Instruction Tuning}",
  author        = "Longpre, Shayne and Hou, Le and Vu, Tu and Webson, Albert
                   and Chung, Hyung Won and Tay, Yi and Zhou, Denny and Le,
                   Quoc V and Zoph, Barret and Wei, Jason and Roberts, Adam",
  month         =  jan,
  year          =  2023,
  archivePrefix = "arXiv",
  primaryClass  = "cs.AI",
  eprint        = "2301.13688"
}

@ARTICLE{Chung2022-oe,
  title         = "{Scaling Instruction-Finetuned Language Models}",
  author        = "Chung, Hyung Won and Hou, Le and Longpre, Shayne and Zoph,
                   Barret and Tay, Yi and Fedus, William and Li, Yunxuan and
                   Wang, Xuezhi and Dehghani, Mostafa and Brahma, Siddhartha
                   and Webson, Albert and Gu, Shixiang Shane and Dai, Zhuyun
                   and Suzgun, Mirac and Chen, Xinyun and Chowdhery, Aakanksha
                   and Castro-Ros, Alex and Pellat, Marie and Robinson, Kevin
                   and Valter, Dasha and Narang, Sharan and Mishra, Gaurav and
                   Yu, Adams and Zhao, Vincent and Huang, Yanping and Dai,
                   Andrew and Yu, Hongkun and Petrov, Slav and Chi, Ed H and
                   Dean, Jeff and Devlin, Jacob and Roberts, Adam and Zhou,
                   Denny and Le, Quoc V and Wei, Jason",
  month         =  oct,
  year          =  2022,
  archivePrefix = "arXiv",
  primaryClass  = "cs.LG",
  eprint        = "2210.11416"
}

@ARTICLE{Wei2021-id,
  title         = "{Finetuned Language Models Are Zero-Shot Learners}",
  author        = "Wei, Jason and Bosma, Maarten and Zhao, Vincent Y and Guu,
                   Kelvin and Yu, Adams Wei and Lester, Brian and Du, Nan and
                   Dai, Andrew M and Le, Quoc V",
  month         =  sep,
  year          =  2021,
  archivePrefix = "arXiv",
  primaryClass  = "cs.CL",
  eprint        = "2109.01652"
}

@ARTICLE{Wei2022-uf,
  title         = "{Emergent Abilities of Large Language Models}",
  author        = "Wei, Jason and Tay, Yi and Bommasani, Rishi and Raffel,
                   Colin and Zoph, Barret and Borgeaud, Sebastian and Yogatama,
                   Dani and Bosma, Maarten and Zhou, Denny and Metzler, Donald
                   and Chi, Ed H and Hashimoto, Tatsunori and Vinyals, Oriol
                   and Liang, Percy and Dean, Jeff and Fedus, William",
  month         =  jun,
  year          =  2022,
  archivePrefix = "arXiv",
  primaryClass  = "cs.CL",
  eprint        = "2206.07682"
}


@ARTICLE{Bai2022-bz,
  title         = "{Training a Helpful and Harmless Assistant with Reinforcement
                   Learning from Human Feedback}",
  author        = "Bai, Yuntao and Jones, Andy and Ndousse, Kamal and Askell,
                   Amanda and Chen, Anna and DasSarma, Nova and Drain, Dawn and
                   Fort, Stanislav and Ganguli, Deep and Henighan, Tom and
                   Joseph, Nicholas and Kadavath, Saurav and Kernion, Jackson
                   and Conerly, Tom and El-Showk, Sheer and Elhage, Nelson and
                   Hatfield-Dodds, Zac and Hernandez, Danny and Hume, Tristan
                   and Johnston, Scott and Kravec, Shauna and Lovitt, Liane and
                   Nanda, Neel and Olsson, Catherine and Amodei, Dario and
                   Brown, Tom and Clark, Jack and McCandlish, Sam and Olah,
                   Chris and Mann, Ben and Kaplan, Jared",
  month         =  apr,
  year          =  2022,
  archivePrefix = "arXiv",
  primaryClass  = "cs.CL",
  eprint        = "2204.05862"
}

@article{ivison2023camels,
  title={Camels in a changing climate: Enhancing lm adaptation with tulu 2},
  author={Ivison, Hamish and Wang, Yizhong and Pyatkin, Valentina and Lambert, Nathan and Peters, Matthew and Dasigi, Pradeep and Jang, Joel and Wadden, David and Smith, Noah A and Beltagy, Iz and others},
  journal={arXiv preprint arXiv:2311.10702},
  year={2023}
}


@ARTICLE{Bai2022-zx,
  title         = "{Constitutional AI: Harmlessness from AI Feedback}",
  author        = "Bai, Yuntao and Kadavath, Saurav and Kundu, Sandipan and
                   Askell, Amanda and Kernion, Jackson and Jones, Andy and
                   Chen, Anna and Goldie, Anna and Mirhoseini, Azalia and
                   McKinnon, Cameron and Chen, Carol and Olsson, Catherine and
                   Olah, Christopher and Hernandez, Danny and Drain, Dawn and
                   Ganguli, Deep and Li, Dustin and Tran-Johnson, Eli and
                   Perez, Ethan and Kerr, Jamie and Mueller, Jared and Ladish,
                   Jeffrey and Landau, Joshua and Ndousse, Kamal and Lukosuite,
                   Kamile and Lovitt, Liane and Sellitto, Michael and Elhage,
                   Nelson and Schiefer, Nicholas and Mercado, Noemi and
                   DasSarma, Nova and Lasenby, Robert and Larson, Robin and
                   Ringer, Sam and Johnston, Scott and Kravec, Shauna and El
                   Showk, Sheer and Fort, Stanislav and Lanham, Tamera and
                   Telleen-Lawton, Timothy and Conerly, Tom and Henighan, Tom
                   and Hume, Tristan and Bowman, Samuel R and Hatfield-Dodds,
                   Zac and Mann, Ben and Amodei, Dario and Joseph, Nicholas and
                   McCandlish, Sam and Brown, Tom and Kaplan, Jared",
  month         =  dec,
  year          =  2022,
  archivePrefix = "arXiv",
  primaryClass  = "cs.CL",
  eprint        = "2212.08073"
}

@ARTICLE{Christiano2017-ym,
  title         = "{Deep reinforcement learning from human preferences}",
  author        = "Christiano, Paul and Leike, Jan and Brown, Tom B and Martic,
                   Miljan and Legg, Shane and Amodei, Dario",
  month         =  jun,
  year          =  2017,
  archivePrefix = "arXiv",
  primaryClass  = "stat.ML",
  eprint        = "1706.03741"
}

@ARTICLE{Ziegler2019-cz,
  title         = "{Fine-Tuning Language Models from Human Preferences}",
  author        = "Ziegler, Daniel M and Stiennon, Nisan and Wu, Jeffrey and
                   Brown, Tom B and Radford, Alec and Amodei, Dario and
                   Christiano, Paul and Irving, Geoffrey",
  month         =  sep,
  year          =  2019,
  archivePrefix = "arXiv",
  primaryClass  = "cs.CL",
  eprint        = "1909.08593"
}

@ARTICLE{Stiennon2020-ft,
  title         = "{Learning to summarize from human feedback}",
  author        = "Stiennon, Nisan and Ouyang, Long and Wu, Jeff and Ziegler,
                   Daniel M and Lowe, Ryan and Voss, Chelsea and Radford, Alec
                   and Amodei, Dario and Christiano, Paul",
  month         =  sep,
  year          =  2020,
  archivePrefix = "arXiv",
  primaryClass  = "cs.CL",
  eprint        = "2009.01325"
}

@ARTICLE{Touvron2023-rt,
  title         = "{Llama 2: Open Foundation and Fine-Tuned Chat Models}",
  author        = "Touvron, Hugo and Martin, Louis and Stone, Kevin and Albert,
                   Peter and Almahairi, Amjad and Babaei, Yasmine and
                   Bashlykov, Nikolay and Batra, Soumya and Bhargava, Prajjwal
                   and Bhosale, Shruti and Bikel, Dan and Blecher, Lukas and
                   Ferrer, Cristian Canton and Chen, Moya and Cucurull, Guillem
                   and Esiobu, David and Fernandes, Jude and Fu, Jeremy and Fu,
                   Wenyin and Fuller, Brian and Gao, Cynthia and Goswami,
                   Vedanuj and Goyal, Naman and Hartshorn, Anthony and
                   Hosseini, Saghar and Hou, Rui and Inan, Hakan and Kardas,
                   Marcin and Kerkez, Viktor and Khabsa, Madian and Kloumann,
                   Isabel and Korenev, Artem and Koura, Punit Singh and
                   Lachaux, Marie-Anne and Lavril, Thibaut and Lee, Jenya and
                   Liskovich, Diana and Lu, Yinghai and Mao, Yuning and
                   Martinet, Xavier and Mihaylov, Todor and Mishra, Pushkar and
                   Molybog, Igor and Nie, Yixin and Poulton, Andrew and
                   Reizenstein, Jeremy and Rungta, Rashi and Saladi, Kalyan and
                   Schelten, Alan and Silva, Ruan and Smith, Eric Michael and
                   Subramanian, Ranjan and Tan, Xiaoqing Ellen and Tang, Binh
                   and Taylor, Ross and Williams, Adina and Kuan, Jian Xiang
                   and Xu, Puxin and Yan, Zheng and Zarov, Iliyan and Zhang,
                   Yuchen and Fan, Angela and Kambadur, Melanie and Narang,
                   Sharan and Rodriguez, Aurelien and Stojnic, Robert and
                   Edunov, Sergey and Scialom, Thomas",
  month         =  jul,
  year          =  2023,
  archivePrefix = "arXiv",
  primaryClass  = "cs.CL",
  eprint        = "2307.09288"
}

@ARTICLE{Raffel2020-bi,
  title     = "{Exploring the limits of transfer learning with a unified
               text-to-text transformer}",
  author    = "Raffel, Colin and Shazeer, Noam and Roberts, Adam and Lee,
               Katherine and Narang, Sharan and Matena, Michael and Zhou, Yanqi
               and Li, Wei and Liu, Peter J",
  journal   = "J. Mach. Learn. Res.",
  publisher = "JMLR.org",
  volume    =  21,
  number    =  1,
  pages     = "5485--5551",
  month     =  jan,
  year      =  2020
}

@ARTICLE{Perez2022-cj,
  title         = "{Red Teaming Language Models with Language Models}",
  author        = "Perez, Ethan and Huang, Saffron and Song, Francis and Cai,
                   Trevor and Ring, Roman and Aslanides, John and Glaese,
                   Amelia and McAleese, Nat and Irving, Geoffrey",
  month         =  feb,
  year          =  2022,
  archivePrefix = "arXiv",
  primaryClass  = "cs.CL",
  eprint        = "2202.03286"
}

@ARTICLE{Branch2022-ck,
  title         = "{Evaluating the Susceptibility of Pre-Trained Language Models
                   via Handcrafted Adversarial Examples}",
  author        = "Branch, Hezekiah J and Cefalu, Jonathan Rodriguez and
                   McHugh, Jeremy and Hujer, Leyla and Bahl, Aditya and del
                   Castillo Iglesias, Daniel and Heichman, Ron and Darwishi,
                   Ramesh",
  month         =  sep,
  year          =  2022,
  archivePrefix = "arXiv",
  primaryClass  = "cs.CL",
  eprint        = "2209.02128"
}

@ARTICLE{Qi2023-xa,
  title         = "{Visual Adversarial Examples Jailbreak Aligned Large Language
                   Models}",
  author        = "Qi, Xiangyu and Huang, Kaixuan and Panda, Ashwinee and
                   Henderson, Peter and Wang, Mengdi and Mittal, Prateek",
  month         =  jun,
  year          =  2023,
  archivePrefix = "arXiv",
  primaryClass  = "cs.CR",
  eprint        = "2306.13213"
}

@ARTICLE{Shen2023-bf,
  title         = "{"Do Anything Now": Characterizing and Evaluating In-The-Wild
                   Jailbreak Prompts on Large Language Models}",
  author        = "Shen, Xinyue and Chen, Zeyuan and Backes, Michael and Shen,
                   Yun and Zhang, Yang",
  month         =  aug,
  year          =  2023,
  archivePrefix = "arXiv",
  primaryClass  = "cs.CR",
  eprint        = "2308.03825"
}

@ARTICLE{Phute2023-ek,
  title         = "{LLM Self Defense: By Self Examination, LLMs Know They Are
                   Being Tricked}",
  author        = "Phute, Mansi and Helbling, Alec and Hull, Matthew and Peng,
                   Shengyun and Szyller, Sebastian and Cornelius, Cory and
                   Chau, Duen Horng",
  month         =  aug,
  year          =  2023,
  archivePrefix = "arXiv",
  primaryClass  = "cs.CL",
  eprint        = "2308.07308"
}

@ARTICLE{Robey2023-ci,
  title         = "{SmoothLLM: Defending Large Language Models Against
                   Jailbreaking Attacks}",
  author        = "Robey, Alexander and Wong, Eric and Hassani, Hamed and
                   Pappas, George J",
  month         =  oct,
  year          =  2023,
  archivePrefix = "arXiv",
  primaryClass  = "cs.LG",
  eprint        = "2310.03684"
}

@ARTICLE{Clark1989-nw,
  title   = "{The CN2 Induction Algorithm}",
  author  = "Clark, Peter and Niblett, Tim",
  journal = "Mach. Learn.",
  volume  =  3,
  number  =  4,
  pages   = "261--283",
  month   =  mar,
  year    =  1989
}

@BOOK{Elman1996-ll,
  title     = "{Rethinking Innateness: A Connectionist Perspective on
               Development}",
  author    = "Elman, Jeffrey L",
  publisher = "MIT Press",
  year      =  1996,
  language  = "en"
}

@ARTICLE{Pinker1991-in,
  title    = "{Rules of language}",
  author   = "Pinker, S",
  journal  = "Science",
  volume   =  253,
  number   =  5019,
  pages    = "530--535",
  month    =  aug,
  year     =  1991,
  language = "en"
}

@ARTICLE{Gomez1999-en,
  title    = "{Artificial grammar learning by 1-year-olds leads to specific and
              abstract knowledge}",
  author   = "Gomez, R L and Gerken, L",
  journal  = "Cognition",
  volume   =  70,
  number   =  2,
  pages    = "109--135",
  month    =  mar,
  year     =  1999,
  language = "en"
}

@ARTICLE{Zou2023-lc,
  title         = "{Universal and Transferable Adversarial Attacks on Aligned
                   Language Models}",
  author        = "Zou, Andy and Wang, Zifan and Zico Kolter, J and Fredrikson,
                   Matt",
  month         =  jul,
  year          =  2023,
  archivePrefix = "arXiv",
  primaryClass  = "cs.CL",
  eprint        = "2307.15043"
}

@ARTICLE{Zhu2023-kf,
  title         = "{Large Language Models can Learn Rules}",
  author        = "Zhu, Zhaocheng and Xue, Yuan and Chen, Xinyun and Zhou,
                   Denny and Tang, Jian and Schuurmans, Dale and Dai, Hanjun",
  month         =  oct,
  year          =  2023,
  archivePrefix = "arXiv",
  primaryClass  = "cs.AI",
  eprint        = "2310.07064"
}

@ARTICLE{Chao2023-nm,
  title         = "{Jailbreaking Black Box Large Language Models in Twenty
                   Queries}",
  author        = "Chao, Patrick and Robey, Alexander and Dobriban, Edgar and
                   Hassani, Hamed and Pappas, George J and Wong, Eric",
  month         =  oct,
  year          =  2023,
  archivePrefix = "arXiv",
  primaryClass  = "cs.LG",
  eprint        = "2310.08419"
}

@ARTICLE{Iqbal2023-ko,
  title         = "{LLM Platform Security: Applying a Systematic Evaluation
                   Framework to OpenAI's ChatGPT Plugins}",
  author        = "Iqbal, Umar and Kohno, Tadayoshi and Roesner, Franziska",
  month         =  sep,
  year          =  2023,
  archivePrefix = "arXiv",
  primaryClass  = "cs.CR",
  eprint        = "2309.10254"
}

@ARTICLE{Quinlan1986-cb,
  title   = "{Induction of decision trees}",
  author  = "Quinlan, J R",
  journal = "Mach. Learn.",
  volume  =  1,
  number  =  1,
  pages   = "81--106",
  month   =  mar,
  year    =  1986
}

@INPROCEEDINGS{Kiela2021-vw,
  title     = "{Dynabench: Rethinking Benchmarking in {NLP}}",
  booktitle = "{Proceedings of the 2021 Conference of the North American Chapter
               of the Association for Computational Linguistics: Human Language
               Technologies}",
  author    = "Kiela, Douwe and Bartolo, Max and Nie, Yixin and Kaushik,
               Divyansh and Geiger, Atticus and Wu, Zhengxuan and Vidgen,
               Bertie and Prasad, Grusha and Singh, Amanpreet and Ringshia,
               Pratik and Ma, Zhiyi and Thrush, Tristan and Riedel, Sebastian
               and Waseem, Zeerak and Stenetorp, Pontus and Jia, Robin and
               Bansal, Mohit and Potts, Christopher and Williams, Adina",
  editor    = "Toutanova, Kristina and Rumshisky, Anna and Zettlemoyer, Luke
               and Hakkani-Tur, Dilek and Beltagy, Iz and Bethard, Steven and
               Cotterell, Ryan and Chakraborty, Tanmoy and Zhou, Yichao",
  publisher = "Association for Computational Linguistics",
  pages     = "4110--4124",
  month     =  jun,
  year      =  2021,
  address   = "Online"
}

@ARTICLE{Kang2023-qa,
  title         = "{Exploiting Programmatic Behavior of LLMs: Dual-Use Through
                   Standard Security Attacks}",
  author        = "Kang, Daniel and Li, Xuechen and Stoica, Ion and Guestrin,
                   Carlos and Zaharia, Matei and Hashimoto, Tatsunori",
  month         =  feb,
  year          =  2023,
  archivePrefix = "arXiv",
  primaryClass  = "cs.CR",
  eprint        = "2302.05733"
}

@ARTICLE{Maus2023-dr,
  title         = "{Black Box Adversarial Prompting for Foundation Models}",
  author        = "Maus, Natalie and Chao, Patrick and Wong, Eric and Gardner,
                   Jacob",
  month         =  feb,
  year          =  2023,
  archivePrefix = "arXiv",
  primaryClass  = "cs.LG",
  eprint        = "2302.04237"
}

@ARTICLE{Carlini2023-fa,
  title         = "{Are aligned neural networks adversarially aligned?}",
  author        = "Carlini, Nicholas and Nasr, Milad and Choquette-Choo,
                   Christopher A and Jagielski, Matthew and Gao, Irena and
                   Awadalla, Anas and Koh, Pang Wei and Ippolito, Daphne and
                   Lee, Katherine and Tramer, Florian and Schmidt, Ludwig",
  month         =  jun,
  year          =  2023,
  archivePrefix = "arXiv",
  primaryClass  = "cs.CL",
  eprint        = "2306.15447"
}


@ARTICLE{Mireshghallah2023-vt,
  title         = "{Can LLMs Keep a Secret? Testing Privacy Implications of
                   Language Models via Contextual Integrity Theory}",
  author        = "Mireshghallah, Niloofar and Kim, Hyunwoo and Zhou, Xuhui and
                   Tsvetkov, Yulia and Sap, Maarten and Shokri, Reza and Choi,
                   Yejin",
  month         =  oct,
  year          =  2023,
  archivePrefix = "arXiv",
  primaryClass  = "cs.AI",
  eprint        = "2310.17884"
}

@ARTICLE{Staab2023-zb,
  title         = "{Beyond Memorization: Violating Privacy Via Inference with
                   Large Language Models}",
  author        = "Staab, Robin and Vero, Mark and Balunovi{\'c}, Mislav and
                   Vechev, Martin",
  month         =  oct,
  year          =  2023,
  archivePrefix = "arXiv",
  primaryClass  = "cs.AI",
  eprint        = "2310.07298"
}

@ARTICLE{Patil2023-xn,
  title         = "{Can Sensitive Information Be Deleted From LLMs? Objectives
                   for Defending Against Extraction Attacks}",
  author        = "Patil, Vaidehi and Hase, Peter and Bansal, Mohit",
  month         =  sep,
  year          =  2023,
  archivePrefix = "arXiv",
  primaryClass  = "cs.CL",
  eprint        = "2309.17410"
}

@ARTICLE{Bailey2023-hw,
  title         = "{Image Hijacks: Adversarial Images can Control Generative
                   Models at Runtime}",
  author        = "Bailey, Luke and Ong, Euan and Russell, Stuart and Emmons,
                   Scott",
  month         =  sep,
  year          =  2023,
  archivePrefix = "arXiv",
  primaryClass  = "cs.LG",
  eprint        = "2309.00236"
}

@ARTICLE{Kumar2023-jy,
  title         = "{Certifying LLM Safety against Adversarial Prompting}",
  author        = "Kumar, Aounon and Agarwal, Chirag and Srinivas, Suraj and
                   Feizi, Soheil and Lakkaraju, Hima",
  month         =  sep,
  year          =  2023,
  archivePrefix = "arXiv",
  primaryClass  = "cs.CL",
  eprint        = "2309.02705"
}


@ARTICLE{Carlini2020-dl,
  title         = "{Extracting Training Data from Large Language Models}",
  author        = "Carlini, Nicholas and Tramer, Florian and Wallace, Eric and
                   Jagielski, Matthew and Herbert-Voss, Ariel and Lee,
                   Katherine and Roberts, Adam and Brown, Tom and Song, Dawn
                   and Erlingsson, Ulfar and Oprea, Alina and Raffel, Colin",
  month         =  dec,
  year          =  2020,
  archivePrefix = "arXiv",
  primaryClass  = "cs.CR",
  eprint        = "2012.07805"
}

@ARTICLE{Debenedetti2023-xb,
  title         = "{Privacy Side Channels in Machine Learning Systems}",
  author        = "Debenedetti, Edoardo and Severi, Giorgio and Carlini,
                   Nicholas and Choquette-Choo, Christopher A and Jagielski,
                   Matthew and Nasr, Milad and Wallace, Eric and Tram{\`e}r,
                   Florian",
  month         =  sep,
  year          =  2023,
  archivePrefix = "arXiv",
  primaryClass  = "cs.CR",
  eprint        = "2309.05610"
}
@misc{muCanLLMsFollow2024,
  title = {Can {{LLMs Follow Simple Rules}}?},
  author = {Mu, Norman and Chen, Sarah and Wang, Zifan and Chen, Sizhe and Karamardian, David and Aljeraisy, Lulwa and Alomair, Basel and Hendrycks, Dan and Wagner, David},
  year = {2024},
  month = mar,
  number = {arXiv:2311.04235},
  eprint = {2311.04235},
  primaryclass = {cs},
  publisher = {arXiv},
  urldate = {2024-09-30},
  archiveprefix = {arXiv},
  langid = {english}
}
@article{meng2024simpo,
  title={Simpo: Simple preference optimization with a reference-free reward},
  author={Meng, Yu and Xia, Mengzhou and Chen, Danqi},
  journal={arXiv preprint arXiv:2405.14734},
  year={2024}
}
@article{rafailov2024direct,
  title={Direct preference optimization: Your language model is secretly a reward model},
  author={Rafailov, Rafael and Sharma, Archit and Mitchell, Eric and Manning, Christopher D and Ermon, Stefano and Finn, Chelsea},
  journal={Advances in Neural Information Processing Systems},
  volume={36},
  year={2024}
}
@article{hurst2024gpt,
  title={Gpt-4o system card},
  author={OpenAI},
  journal={arXiv preprint arXiv:2410.21276},
  year={2024}
}
@misc{hinesDefendingIndirectPrompt2024,
  title = {Defending {{Against Indirect Prompt Injection Attacks With Spotlighting}}},
  author = {Hines, Keegan and Lopez, Gary and Hall, Matthew and Zarfati, Federico and Zunger, Yonatan and Kiciman, Emre},
  year = {2024},
  month = mar,
  number = {arXiv:2403.14720},
  eprint = {2403.14720},
  primaryclass = {cs},
  publisher = {arXiv},
  urldate = {2024-09-30},
  archiveprefix = {arXiv},
  langid = {english}
}
@misc{yiBenchmarkingDefendingIndirect2024,
  title = {Benchmarking and {{Defending Against Indirect Prompt Injection Attacks}} on {{Large Language Models}}},
  author = {Yi, Jingwei and Xie, Yueqi and Zhu, Bin and Kiciman, Emre and Sun, Guangzhong and Xie, Xing and Wu, Fangzhao},
  year = {2024},
  month = mar,
  number = {arXiv:2312.14197},
  eprint = {2312.14197},
  primaryclass = {cs},
  publisher = {arXiv},
  urldate = {2024-10-01},
  archiveprefix = {arXiv},
  langid = {english}
}

@misc{abdelnabiAreYouStill2024a,
  title = {Are You Still on Track!? {{Catching LLM Task Drift}} with {{Activations}}},
  shorttitle = {Are You Still on Track!?},
  author = {Abdelnabi, Sahar and Fay, Aideen and Cherubin, Giovanni and Salem, Ahmed and Fritz, Mario and Paverd, Andrew},
  year = {2024},
  month = jul,
  number = {arXiv:2406.00799},
  eprint = {2406.00799},
  primaryclass = {cs},
  publisher = {arXiv},
  urldate = {2024-10-01},
  archiveprefix = {arXiv},
  langid = {english}
}

@misc{debenedettiDatasetLessonsLearned2024,
  title = {Dataset and {{Lessons Learned}} from the 2024 {{SaTML LLM Capture-the-Flag Competition}}},
  author = {Debenedetti, Edoardo and Rando, Javier and Paleka, Daniel and Florin, Silaghi Fineas and Albastroiu, Dragos and Cohen, Niv and Lemberg, Yuval and Ghosh, Reshmi and Wen, Rui and Salem, Ahmed and Cherubin, Giovanni and {Zanella-Beguelin}, Santiago and Schmid, Robin and Klemm, Victor and Miki, Takahiro and Li, Chenhao and Kraft, Stefan and Fritz, Mario and Tram{\`e}r, Florian and Abdelnabi, Sahar and Sch{\"o}nherr, Lea},
  year = {2024},
  month = jun,
  number = {arXiv:2406.07954},
  eprint = {2406.07954},
  primaryclass = {cs},
  publisher = {arXiv},
  urldate = {2024-09-30},
  archiveprefix = {arXiv},
  langid = {english}
}


@ARTICLE{Zou2023-px,
  title         = "{Representation Engineering: A Top-Down Approach to AI
                   Transparency}",
  author        = "Zou, Andy and Phan, Long and Chen, Sarah and Campbell, James
                   and Guo, Phillip and Ren, Richard and Pan, Alexander and
                   Yin, Xuwang and Mazeika, Mantas and Dombrowski, Ann-Kathrin
                   and Goel, Shashwat and Li, Nathaniel and Byun, Michael J and
                   Wang, Zifan and Mallen, Alex and Basart, Steven and Koyejo,
                   Sanmi and Song, Dawn and Fredrikson, Matt and Zico Kolter, J
                   and Hendrycks, Dan",
  month         =  oct,
  year          =  2023,
  archivePrefix = "arXiv",
  primaryClass  = "cs.LG",
  eprint        = "2310.01405"
}


@ARTICLE{Liu2023-ay,
  title         = "{Prompt Injection attack against LLM-integrated Applications}",
  author        = "Liu, Yi and Deng, Gelei and Li, Yuekang and Wang, Kailong
                   and Zhang, Tianwei and Liu, Yepang and Wang, Haoyu and
                   Zheng, Yan and Liu, Yang",
  month         =  jun,
  year          =  2023,
  archivePrefix = "arXiv",
  primaryClass  = "cs.CR",
  eprint        = "2306.05499"
}

@ARTICLE{Raffel2019-jt,
  title         = "{Exploring the Limits of Transfer Learning with a Unified
                   Text-to-Text Transformer}",
  author        = "Raffel, Colin and Shazeer, Noam and Roberts, Adam and Lee,
                   Katherine and Narang, Sharan and Matena, Michael and Zhou,
                   Yanqi and Li, Wei and Liu, Peter J",
  month         =  oct,
  year          =  2019,
  archivePrefix = "arXiv",
  primaryClass  = "cs.LG",
  eprint        = "1910.10683"
}

@ARTICLE{Ouyang2022-wv,
  title         = "{Training language models to follow instructions with human
                   feedback}",
  author        = "Ouyang, Long and Wu, Jeff and Jiang, Xu and Almeida, Diogo
                   and Wainwright, Carroll L and Mishkin, Pamela and Zhang,
                   Chong and Agarwal, Sandhini and Slama, Katarina and Ray,
                   Alex and Schulman, John and Hilton, Jacob and Kelton, Fraser
                   and Miller, Luke and Simens, Maddie and Askell, Amanda and
                   Welinder, Peter and Christiano, Paul and Leike, Jan and
                   Lowe, Ryan",
  month         =  mar,
  year          =  2022,
  archivePrefix = "arXiv",
  primaryClass  = "cs.CL",
  eprint        = "2203.02155"
}

@ARTICLE{Ganguli2022-nx,
  title         = "{Red Teaming Language Models to Reduce Harms: Methods,
                   Scaling Behaviors, and Lessons Learned}",
  author        = "Ganguli, Deep and Lovitt, Liane and Kernion, Jackson and
                   Askell, Amanda and Bai, Yuntao and Kadavath, Saurav and
                   Mann, Ben and Perez, Ethan and Schiefer, Nicholas and
                   Ndousse, Kamal and Jones, Andy and Bowman, Sam and Chen,
                   Anna and Conerly, Tom and DasSarma, Nova and Drain, Dawn and
                   Elhage, Nelson and El-Showk, Sheer and Fort, Stanislav and
                   Hatfield-Dodds, Zac and Henighan, Tom and Hernandez, Danny
                   and Hume, Tristan and Jacobson, Josh and Johnston, Scott and
                   Kravec, Shauna and Olsson, Catherine and Ringer, Sam and
                   Tran-Johnson, Eli and Amodei, Dario and Brown, Tom and
                   Joseph, Nicholas and McCandlish, Sam and Olah, Chris and
                   Kaplan, Jared and Clark, Jack",
  month         =  aug,
  year          =  2022,
  archivePrefix = "arXiv",
  primaryClass  = "cs.CL",
  eprint        = "2209.07858"
}


@ARTICLE{Jiang2023-ku,
  title         = "{Mistral 7B}",
  author        = "Jiang, Albert Q and Sablayrolles, Alexandre and Mensch,
                   Arthur and Bamford, Chris and Chaplot, Devendra Singh and de
                   las Casas, Diego and Bressand, Florian and Lengyel, Gianna
                   and Lample, Guillaume and Saulnier, Lucile and Lavaud,
                   L{\'e}lio Renard and Lachaux, Marie-Anne and Stock, Pierre
                   and Le Scao, Teven and Lavril, Thibaut and Wang, Thomas and
                   Lacroix, Timoth{\'e}e and El Sayed, William",
  month         =  oct,
  year          =  2023,
  archivePrefix = "arXiv",
  primaryClass  = "cs.CL",
  eprint        = "2310.06825"
}

@ARTICLE{Anil2023-si,
  title         = "{PaLM 2 Technical Report}",
  author        = "Anil, Rohan and Dai, Andrew M and Firat, Orhan and Johnson,
                   Melvin and Lepikhin, Dmitry and Passos, Alexandre and
                   Shakeri, Siamak and Taropa, Emanuel and Bailey, Paige and
                   Chen, Zhifeng and Chu, Eric and Clark, Jonathan H and El
                   Shafey, Laurent and Huang, Yanping and Meier-Hellstern,
                   Kathy and Mishra, Gaurav and Moreira, Erica and Omernick,
                   Mark and Robinson, Kevin and Ruder, Sebastian and Tay, Yi
                   and Xiao, Kefan and Xu, Yuanzhong and Zhang, Yujing and
                   Abrego, Gustavo Hernandez and Ahn, Junwhan and Austin, Jacob
                   and Barham, Paul and Botha, Jan and Bradbury, James and
                   Brahma, Siddhartha and Brooks, Kevin and Catasta, Michele
                   and Cheng, Yong and Cherry, Colin and Choquette-Choo,
                   Christopher A and Chowdhery, Aakanksha and Crepy,
                   Cl{\'e}ment and Dave, Shachi and Dehghani, Mostafa and Dev,
                   Sunipa and Devlin, Jacob and D{\'\i}az, Mark and Du, Nan and
                   Dyer, Ethan and Feinberg, Vlad and Feng, Fangxiaoyu and
                   Fienber, Vlad and Freitag, Markus and Garcia, Xavier and
                   Gehrmann, Sebastian and Gonzalez, Lucas and Gur-Ari, Guy and
                   Hand, Steven and Hashemi, Hadi and Hou, Le and Howland,
                   Joshua and Hu, Andrea and Hui, Jeffrey and Hurwitz, Jeremy
                   and Isard, Michael and Ittycheriah, Abe and Jagielski,
                   Matthew and Jia, Wenhao and Kenealy, Kathleen and Krikun,
                   Maxim and Kudugunta, Sneha and Lan, Chang and Lee, Katherine
                   and Lee, Benjamin and Li, Eric and {Music Li} and Li, Wei
                   and Li, Yaguang and Li, Jian and Lim, Hyeontaek and Lin,
                   Hanzhao and Liu, Zhongtao and Liu, Frederick and Maggioni,
                   Marcello and Mahendru, Aroma and Maynez, Joshua and Misra,
                   Vedant and Moussalem, Maysam and Nado, Zachary and Nham,
                   John and Ni, Eric and Nystrom, Andrew and Parrish, Alicia
                   and Pellat, Marie and Polacek, Martin and Polozov, Alex and
                   Pope, Reiner and Qiao, Siyuan and Reif, Emily and Richter,
                   Bryan and Riley, Parker and Castro Ros, Alex and Roy, Aurko
                   and Saeta, Brennan and Samuel, Rajkumar and Shelby, Renee
                   and Slone, Ambrose and Smilkov, Daniel and So, David R and
                   Sohn, Daniel and Tokumine, Simon and Valter, Dasha and
                   Vasudevan, Vijay and Vodrahalli, Kiran and Wang, Xuezhi and
                   Wang, Pidong and Wang, Zirui and Wang, Tao and Wieting, John
                   and Wu, Yuhuai and Xu, Kelvin and Xu, Yunhan and Xue,
                   Linting and Yin, Pengcheng and Yu, Jiahui and Zhang, Qiao
                   and Zheng, Steven and Zheng, Ce and Zhou, Weikang and Zhou,
                   Denny and Petrov, Slav and Wu, Yonghui",
  month         =  may,
  year          =  2023,
  archivePrefix = "arXiv",
  primaryClass  = "cs.CL",
  eprint        = "2305.10403"
}


@ARTICLE{Solomonoff1964-oy,
  title   = "{A formal theory of inductive inference. Part I}",
  author  = "Solomonoff, R J",
  journal = "Information and Control",
  volume  =  7,
  number  =  1,
  pages   = "1--22",
  month   =  mar,
  year    =  1964
}

@ARTICLE{Marcus1999-mk,
  title    = "{Rule learning by seven-month-old infants}",
  author   = "Marcus, G F and Vijayan, S and Bandi Rao, S and Vishton, P M",
  journal  = "Science",
  volume   =  283,
  number   =  5398,
  pages    = "77--80",
  month    =  jan,
  year     =  1999,
  language = "en"
}

@ARTICLE{Lake2015-zi,
  title    = "{Human-level concept learning through probabilistic program
              induction}",
  author   = "Lake, Brenden M and Salakhutdinov, Ruslan and Tenenbaum, Joshua B",
  journal  = "Science",
  volume   =  350,
  number   =  6266,
  pages    = "1332--1338",
  month    =  dec,
  year     =  2015,
  language = "en"
}


@ARTICLE{Greshake2023-bj,
  title         = "{Not what you've signed up for: Compromising Real-World
                   LLM-Integrated Applications with Indirect Prompt Injection}",
  author        = "Greshake, Kai and Abdelnabi, Sahar and Mishra, Shailesh and
                   Endres, Christoph and Holz, Thorsten and Fritz, Mario",
  month         =  feb,
  year          =  2023,
  archivePrefix = "arXiv",
  primaryClass  = "cs.CR",
  eprint        = "2302.12173"
}



@ARTICLE{Hendrycks2020-wl,
  title         = "{Aligning AI With Shared Human Values}",
  author        = "Hendrycks, Dan and Burns, Collin and Basart, Steven and
                   Critch, Andrew and Li, Jerry and Song, Dawn and Steinhardt,
                   Jacob",
  month         =  aug,
  year          =  2020,
  archivePrefix = "arXiv",
  primaryClass  = "cs.CY",
  eprint        = "2008.02275"
}


@ARTICLE{Kwon2023-ah,
  title         = "{Efficient Memory Management for Large Language Model Serving
                   with PagedAttention}",
  author        = "Kwon, Woosuk and Li, Zhuohan and Zhuang, Siyuan and Sheng,
                   Ying and Zheng, Lianmin and Yu, Cody Hao and Gonzalez,
                   Joseph E and Zhang, Hao and Stoica, Ion",
  month         =  sep,
  year          =  2023,
  archivePrefix = "arXiv",
  primaryClass  = "cs.LG",
  eprint        = "2309.06180"
}


@ARTICLE{McNEMAR1947-uy,
  title    = "{Note on the sampling error of the difference between correlated
              proportions or percentages}",
  author   = "McNemar, Quinn",
  journal  = "Psychometrika",
  volume   =  12,
  number   =  2,
  pages    = "153--157",
  month    =  jun,
  year     =  1947,
  language = "en"
}


@misc{vicuna2023,
    title = {Vicuna: An Open-Source Chatbot Impressing GPT-4 with 90\%* ChatGPT Quality},
    url = {https://lmsys.org/blog/2023-03-30-vicuna/},
    author = {Chiang, Wei-Lin and Li, Zhuohan and Lin, Zi and Sheng, Ying and Wu, Zhanghao and Zhang, Hao and Zheng, Lianmin and Zhuang, Siyuan and Zhuang, Yonghao and Gonzalez, Joseph E. and Stoica, Ion and Xing, Eric P.},
    month = {March},
    year = {2023}
}

@article{asimov,
  title={Runaround},
  author={Asimov, Isaac},
  journal={Astounding Science Fiction},
  year={1942}
}

@misc{aivillage, 
    title={{DEFCON AI Village}}, 
    url={https://aivillage.org},
    year={2023},
    author={{DEFCON AI Village}},
} 

@misc{tdc, 
    title={{Trojan Detection Challenge (LLM Edition) @ NeurIPS 2023}}, 
    url={https://trojandetection.ai},
    year={2023},
    author={{Trojan Detection Challenge (LLM Edition)}},
} 

@misc{hackaprompt,
    title={{HackAPrompt}}, 
    url={https://www.hackaprompt.com/},
    year={2023},
    author={{HackAPrompt}},
}

@misc{gandalf,
    title={Gandalf}, 
    url={https://gandalf.lakera.ai/},
    year={2023},
    author={{Lakera AI}},
} 

@misc{toyer2023tensor,
    title={{Tensor Trust}: Interpretable Prompt Injection Attacks from an Online Game},
    author={Toyer, Sam and Watkins, Olivia and Mendes, Ethan Adrian and Svegliato, Justin and Bailey, Luke and Wang, Tiffany and Ong, Isaac and Elmaaroufi, Karim and Abbeel, Pieter and Darrell, Trevor and Ritter, Alan and Russell, Stuart},
    year={2023},
    journal={arXiv preprint arXiv:2311.01011},
    url={https://arxiv.org/pdf/2311.01011.pdf}
}

@misc{gpt4tech,
      title={{GPT-4} Technical Report}, 
      author={OpenAI},
      year={2023},
      eprint={2303.08774},
      archivePrefix={arXiv},
      primaryClass={cs.CL}
}

@misc{gpt4system,
      title={{GPT-4} System Card}, 
      author={OpenAI},
      year={2023},
}

@misc{gpt4vsystem,
      title={{GPT-4V(ision)} System Card}, 
      author={OpenAI},
      year={2023},
}

@misc{gemma,
    title={Gemma: Open Models Based on Gemini Research and Technology},
    author={Gemma Team, Google DeepMind},
    year={2024},
    url={https://storage.googleapis.com/deepmind-media/gemma/gemma-report.pdf}
}

@ARTICLE{Wang2023-xy,
  title         = "{HelpSteer: Multi-attribute Helpfulness Dataset for SteerLM}",
  author        = "Wang, Zhilin and Dong, Yi and Zeng, Jiaqi and Adams,
                   Virginia and Sreedhar, Makesh Narsimhan and Egert, Daniel
                   and Delalleau, Olivier and Scowcroft, Jane Polak and Kant,
                   Neel and Swope, Aidan and Kuchaiev, Oleksii",
  month         =  nov,
  year          =  2023,
  archivePrefix = "arXiv",
  primaryClass  = "cs.CL",
  eprint        = "2311.09528"
}

@ARTICLE{Zhang2023-bl,
  title         = "{Tractable Control for Autoregressive Language Generation}",
  author        = "Zhang, Honghua and Dang, Meihua and Peng, Nanyun and Van den
                   Broeck, Guy",
  month         =  apr,
  year          =  2023,
  archivePrefix = "arXiv",
  primaryClass  = "cs.CL",
  eprint        = "2304.07438"
}

@ARTICLE{Yang2021-gu,
  title         = "{FUDGE: Controlled Text Generation With Future Discriminators}",
  author        = "Yang, Kevin and Klein, Dan",
  month         =  apr,
  year          =  2021,
  archivePrefix = "arXiv",
  primaryClass  = "cs.CL",
  eprint        = "2104.05218"
}

@ARTICLE{Gulcehre2023-id,
  title         = "{Reinforced Self-Training (ReST) for Language Modeling}",
  author        = "Gulcehre, Caglar and Le Paine, Tom and Srinivasan, Srivatsan
                   and Konyushkova, Ksenia and Weerts, Lotte and Sharma,
                   Abhishek and Siddhant, Aditya and Ahern, Alex and Wang,
                   Miaosen and Gu, Chenjie and Macherey, Wolfgang and Doucet,
                   Arnaud and Firat, Orhan and de Freitas, Nando",
  month         =  aug,
  year          =  2023,
  archivePrefix = "arXiv",
  primaryClass  = "cs.CL",
  eprint        = "2308.08998"
}

@ARTICLE{Lin2023-bp,
  title         = "{The Unlocking Spell on Base LLMs: Rethinking Alignment via
                   In-Context Learning}",
  author        = "Lin, Bill Yuchen and Ravichander, Abhilasha and Lu, Ximing
                   and Dziri, Nouha and Sclar, Melanie and Chandu, Khyathi and
                   Bhagavatula, Chandra and Choi, Yejin",
  month         =  dec,
  year          =  2023,
  archivePrefix = "arXiv",
  primaryClass  = "cs.CL",
  eprint        = "2312.01552"
}

@ARTICLE{Lamport1977-xz,
  title     = "{Proving the Correctness of Multiprocess Programs}",
  author    = "Lamport, L",
  journal   = "IEEE Trans. Software Eng.",
  publisher = "IEEE",
  volume    = "SE-3",
  number    =  2,
  pages     = "125--143",
  month     =  mar,
  year      =  1977
}

@ARTICLE{Anthony2017-zi,
  title         = "{Thinking Fast and Slow with Deep Learning and Tree Search}",
  author        = "Anthony, Thomas and Tian, Zheng and Barber, David",
  month         =  may,
  year          =  2017,
  archivePrefix = "arXiv",
  primaryClass  = "cs.AI",
  eprint        = "1705.08439"
}

@ARTICLE{Chalamalasetti2023-ur,
  title         = "{Clembench: Using Game Play to Evaluate Chat-Optimized
                   Language Models as Conversational Agents}",
  author        = "Chalamalasetti, Kranti and G{\"o}tze, Jana and Hakimov,
                   Sherzod and Madureira, Brielen and Sadler, Philipp and
                   Schlangen, David",
  month         =  may,
  year          =  2023,
  archivePrefix = "arXiv",
  primaryClass  = "cs.CL",
  eprint        = "2305.13455"
}

@misc{deberta-v3-base-prompt-injection-v2,
  author = {ProtectAI.com},
  title = {Fine-Tuned DeBERTa-v3-base for Prompt Injection Detection},
  year = {2024},
  publisher = {HuggingFace},
  url = {https://huggingface.co/ProtectAI/deberta-v3-base-prompt-injection-v2},
}


@software{ProtectaiLlmguard2024,
  title = {Protectai/Llm-Guard},
  date = {2024-09-29T08:36:17Z},
  origdate = {2023-07-27T19:03:13Z},
  url = {https://github.com/protectai/llm-guard},
  urldate = {2024-09-30},
  organization = {Protect AI},
  key={ProtectaiLlmguard2024}
}

@software{ProtectaiRebuff2024,
  title = {Protectai/Rebuff},
  date = {2024-09-28T20:16:19Z},
  origdate = {2023-04-24T05:49:09Z},
  url = {https://github.com/protectai/rebuff},
  urldate = {2024-09-30},
  organization = {Protect AI},
  key={ProtectaiRebuff2024}
}

@misc{huLoRALowRankAdaptation2021,
  title = {{{LoRA}}: {{Low-Rank Adaptation}} of {{Large Language Models}}},
  shorttitle = {{{LoRA}}},
  author = {Hu, Edward J. and Shen, Yelong and Wallis, Phillip and {Allen-Zhu}, Zeyuan and Li, Yuanzhi and Wang, Shean and Wang, Lu and Chen, Weizhu},
  year = {2021},
  month = oct,
  number = {arXiv:2106.09685},
  eprint = {2106.09685},
  primaryclass = {cs},
  publisher = {arXiv},
  urldate = {2024-10-01},
  archiveprefix = {arXiv},
  langid = {english}
}

@misc{zouImprovingAlignmentRobustness2024,
  title = {Improving {{Alignment}} and {{Robustness}} with {{Circuit Breakers}}},
  author = {Zou, Andy and Phan, Long and Wang, Justin and Duenas, Derek and Lin, Maxwell and Andriushchenko, Maksym and Wang, Rowan and Kolter, Zico and Fredrikson, Matt and Hendrycks, Dan},
  year = {2024},
  month = jul,
  number = {arXiv:2406.04313},
  eprint = {2406.04313},
  primaryclass = {cs},
  publisher = {arXiv},
  urldate = {2024-10-01},
  archiveprefix = {arXiv},
  langid = {english}
}


@misc{chenStruQDefendingPrompt2024,
  title = {{{StruQ}}: {{Defending Against Prompt Injection}} with {{Structured Queries}}},
  shorttitle = {{{StruQ}}},
  author = {Chen, Sizhe and Piet, Julien and Sitawarin, Chawin and Wagner, David},
  year = {2024},
  month = sep,
  number = {arXiv:2402.06363},
  eprint = {2402.06363},
  primaryclass = {cs},
  publisher = {arXiv},
  urldate = {2024-09-30},
  archiveprefix = {arXiv},
  langid = {english}
}

@online{schulhoffIgnoreThisTitle2024,
  title = {Ignore {{This Title}} and {{HackAPrompt}}: {{Exposing Systemic Vulnerabilities}} of {{LLMs}} through a {{Global Scale Prompt Hacking Competition}}},
  shorttitle = {Ignore {{This Title}} and {{HackAPrompt}}},
  author = {Schulhoff, Sander and Pinto, Jeremy and Khan, Anaum and Bouchard, Louis-François and Si, Chenglei and Anati, Svetlina and Tagliabue, Valen and Kost, Anson Liu and Carnahan, Christopher and Boyd-Graber, Jordan},
  date = {2024-03-02},
  eprint = {2311.16119},
  eprinttype = {arXiv},
  eprintclass = {cs},
  url = {http://arxiv.org/abs/2311.16119},
  urldate = {2024-10-01},
  langid = {english},
  pubstate = {prepublished}
}


@ARTICLE{Schulhoff2023-ca,
  title         = "{Ignore This Title and HackAPrompt: Exposing Systemic
                   Vulnerabilities of LLMs through a Global Scale Prompt
                   Hacking Competition}",
  author        = "Schulhoff, Sander and Pinto, Jeremy and Khan, Anaum and
                   Bouchard, Louis-Fran{\c c}ois and Si, Chenglei and Anati,
                   Svetlina and Tagliabue, Valen and Kost, Anson Liu and
                   Carnahan, Christopher and Boyd-Graber, Jordan",
  month         =  oct,
  year          =  2023,
  archivePrefix = "arXiv",
  primaryClass  = "cs.CR",
  eprint        = "2311.16119"
}


@ARTICLE{Zhu2024-xq,
  title         = "{Generative AI Security: Challenges and Countermeasures}",
  author        = "Zhu, Banghua and Mu, Norman and Jiao, Jiantao and Wagner,
                   David",
  month         =  feb,
  year          =  2024,
  archivePrefix = "arXiv",
  primaryClass  = "cs.CR",
  eprint        = "2402.12617"
}

@ARTICLE{Sitawarin2024-me,
  title         = "{PAL: Proxy-Guided Black-Box Attack on Large Language Models}",
  author        = "Sitawarin, Chawin and Mu, Norman and Wagner, David and
                   Araujo, Alexandre",
  month         =  feb,
  year          =  2024,
  archivePrefix = "arXiv",
  primaryClass  = "cs.CL",
  eprint        = "2402.09674"
}


@ARTICLE{Dong2023-vy,
  title         = "{SteerLM: Attribute Conditioned SFT as an (User-Steerable)
                   Alternative to RLHF}",
  author        = "Dong, Yi and Wang, Zhilin and Sreedhar, Makesh Narsimhan and
                   Wu, Xianchao and Kuchaiev, Oleksii",
  month         =  oct,
  year          =  2023,
  archivePrefix = "arXiv",
  primaryClass  = "cs.CL",
  eprint        = "2310.05344"
}

@MISC{qwen_2024-lt,
  title        = "{Introducing Qwen1.5}",
  key = {Qwen},
  booktitle    = "{Qwen}",
  month        =  feb,
  year         =  2024,
  howpublished = "\url{https://qwenlm.github.io/blog/qwen1.5/}",
  note         = "Accessed: 2024-2-27",
  language     = "en"
}

@ARTICLE{DeepSeek-AI2024-dd,
  title         = "{DeepSeek LLM: Scaling Open-Source Language Models with
                   Longtermism}",
  author        = "{DeepSeek-AI} and {:} and Bi, Xiao and Chen, Deli and Chen,
                   Guanting and Chen, Shanhuang and Dai, Damai and Deng,
                   Chengqi and Ding, Honghui and Dong, Kai and Du, Qiushi and
                   Fu, Zhe and Gao, Huazuo and Gao, Kaige and Gao, Wenjun and
                   Ge, Ruiqi and Guan, Kang and Guo, Daya and Guo, Jianzhong
                   and Hao, Guangbo and Hao, Zhewen and He, Ying and Hu, Wenjie
                   and Huang, Panpan and Li, Erhang and Li, Guowei and Li,
                   Jiashi and Li, Yao and Li, Y K and Liang, Wenfeng and Lin,
                   Fangyun and Liu, A X and Liu, Bo and Liu, Wen and Liu,
                   Xiaodong and Liu, Xin and Liu, Yiyuan and Lu, Haoyu and Lu,
                   Shanghao and Luo, Fuli and Ma, Shirong and Nie, Xiaotao and
                   Pei, Tian and Piao, Yishi and Qiu, Junjie and Qu, Hui and
                   Ren, Tongzheng and Ren, Zehui and Ruan, Chong and Sha,
                   Zhangli and Shao, Zhihong and Song, Junxiao and Su, Xuecheng
                   and Sun, Jingxiang and Sun, Yaofeng and Tang, Minghui and
                   Wang, Bingxuan and Wang, Peiyi and Wang, Shiyu and Wang,
                   Yaohui and Wang, Yongji and Wu, Tong and Wu, Y and Xie, Xin
                   and Xie, Zhenda and Xie, Ziwei and Xiong, Yiliang and Xu,
                   Hanwei and Xu, R X and Xu, Yanhong and Yang, Dejian and You,
                   Yuxiang and Yu, Shuiping and Yu, Xingkai and Zhang, B and
                   Zhang, Haowei and Zhang, Lecong and Zhang, Liyue and Zhang,
                   Mingchuan and Zhang, Minghua and Zhang, Wentao and Zhang,
                   Yichao and Zhao, Chenggang and Zhao, Yao and Zhou, Shangyan
                   and Zhou, Shunfeng and Zhu, Qihao and Zou, Yuheng",
  month         =  jan,
  year          =  2024,
  archivePrefix = "arXiv",
  primaryClass  = "cs.CL",
  eprint        = "2401.02954"
}


@ARTICLE{Madaan2023-pa,
  title         = "{Self-Refine: Iterative Refinement with Self-Feedback}",
  author        = "Madaan, Aman and Tandon, Niket and Gupta, Prakhar and
                   Hallinan, Skyler and Gao, Luyu and Wiegreffe, Sarah and
                   Alon, Uri and Dziri, Nouha and Prabhumoye, Shrimai and Yang,
                   Yiming and Gupta, Shashank and Majumder, Bodhisattwa Prasad
                   and Hermann, Katherine and Welleck, Sean and Yazdanbakhsh,
                   Amir and Clark, Peter",
  month         =  mar,
  year          =  2023,
  archivePrefix = "arXiv",
  primaryClass  = "cs.CL",
  eprint        = "2303.17651"
}


@ARTICLE{Dathathri2019-re,
  title         = "{Plug and Play Language Models: A Simple Approach to
                   Controlled Text Generation}",
  author        = "Dathathri, Sumanth and Madotto, Andrea and Lan, Janice and
                   Hung, Jane and Frank, Eric and Molino, Piero and Yosinski,
                   Jason and Liu, Rosanne",
  month         =  dec,
  year          =  2019,
  archivePrefix = "arXiv",
  primaryClass  = "cs.CL",
  eprint        = "1912.02164"
}

@misc{mudgal2023,
  title = {{Controlled Decoding from Language Models}},
  author = {Sidharth Mudgal and Jong Lee and Harish Ganapathy and YaGuang Li and Tao Wang and Yanping Huang and Zhifeng Chen and Heng-Tze Cheng and Michael Collins and Trevor Strohman and Jilin Chen and Alex Beutel and Ahmad Beirami},
  year = 2023,
  note = "arXiv:2310.17022",
}

@ARTICLE{Mazeika2024-sn,
  title         = "{HarmBench: A Standardized Evaluation Framework for Automated
                   Red Teaming and Robust Refusal}",
  author        = "Mazeika, Mantas and Phan, Long and Yin, Xuwang and Zou, Andy
                   and Wang, Zifan and Mu, Norman and Sakhaee, Elham and Li,
                   Nathaniel and Basart, Steven and Li, Bo and Forsyth, David
                   and Hendrycks, Dan",
  month         =  feb,
  year          =  2024,
  archivePrefix = "arXiv",
  primaryClass  = "cs.LG",
  eprint        = "2402.04249"
}

@MISC{Sutton2019-pz,
  title        = "{The Bitter Lesson}",
  author       = "Sutton, Richard",
  month        =  mar,
  year         =  2019,
  howpublished = "\url{http://www.incompleteideas.net/IncIdeas/BitterLesson.html}",
  note         = "Accessed: NA-NA-NA"
}


@ARTICLE{Zellers2019-cy,
  title         = "{HellaSwag: Can a Machine Really Finish Your Sentence?}",
  author        = "Zellers, Rowan and Holtzman, Ari and Bisk, Yonatan and
                   Farhadi, Ali and Choi, Yejin",
  month         =  may,
  year          =  2019,
  archivePrefix = "arXiv",
  primaryClass  = "cs.CL",
  eprint        = "1905.07830"
}

@ARTICLE{Hendrycks2020-zr,
  title         = "{Measuring Massive Multitask Language Understanding}",
  author        = "Hendrycks, Dan and Burns, Collin and Basart, Steven and Zou,
                   Andy and Mazeika, Mantas and Song, Dawn and Steinhardt,
                   Jacob",
  month         =  sep,
  year          =  2020,
  archivePrefix = "arXiv",
  primaryClass  = "cs.CY",
  eprint        = "2009.03300"
}

@ARTICLE{Clark2018-eo,
  title         = "{Think you have Solved Question Answering? Try ARC, the AI2
                   Reasoning Challenge}",
  author        = "Clark, Peter and Cowhey, Isaac and Etzioni, Oren and Khot,
                   Tushar and Sabharwal, Ashish and Schoenick, Carissa and
                   Tafjord, Oyvind",
  month         =  mar,
  year          =  2018,
  archivePrefix = "arXiv",
  primaryClass  = "cs.AI",
  eprint        = "1803.05457"
}

@ARTICLE{Sakaguchi2019-ji,
  title         = "{WinoGrande: An Adversarial Winograd Schema Challenge at
                   Scale}",
  author        = "Sakaguchi, Keisuke and Le Bras, Ronan and Bhagavatula,
                   Chandra and Choi, Yejin",
  month         =  jul,
  year          =  2019,
  archivePrefix = "arXiv",
  primaryClass  = "cs.CL",
  eprint        = "1907.10641"
}

@ARTICLE{Lin2021-ja,
  title         = "{TruthfulQA: Measuring How Models Mimic Human Falsehoods}",
  author        = "Lin, Stephanie and Hilton, Jacob and Evans, Owain",
  month         =  sep,
  year          =  2021,
  archivePrefix = "arXiv",
  primaryClass  = "cs.CL",
  eprint        = "2109.07958"
}


@ARTICLE{Cobbe2021-bw,
  title         = "{Training Verifiers to Solve Math Word Problems}",
  author        = "Cobbe, Karl and Kosaraju, Vineet and Bavarian, Mohammad and
                   Chen, Mark and Jun, Heewoo and Kaiser, Lukasz and Plappert,
                   Matthias and Tworek, Jerry and Hilton, Jacob and Nakano,
                   Reiichiro and Hesse, Christopher and Schulman, John",
  month         =  oct,
  year          =  2021,
  archivePrefix = "arXiv",
  primaryClass  = "cs.LG",
  eprint        = "2110.14168"
}

@misc{hayase2024querybased,
      title={Query-Based Adversarial Prompt Generation}, 
      author={Jonathan Hayase and Ema Borevkovic and Nicholas Carlini and Florian Tramèr and Milad Nasr},
      year={2024},
      eprint={2402.12329},
      archivePrefix={arXiv},
      primaryClass={cs.CL}
}

@misc{jiang2024mixtral,
      title={Mixtral of Experts}, 
      author={Albert Q. Jiang and Alexandre Sablayrolles and Antoine Roux and Arthur Mensch and Blanche Savary and Chris Bamford and Devendra Singh Chaplot and Diego de las Casas and Emma Bou Hanna and Florian Bressand and Gianna Lengyel and Guillaume Bour and Guillaume Lample and Lélio Renard Lavaud and Lucile Saulnier and Marie-Anne Lachaux and Pierre Stock and Sandeep Subramanian and Sophia Yang and Szymon Antoniak and Teven Le Scao and Théophile Gervet and Thibaut Lavril and Thomas Wang and Timothée Lacroix and William El Sayed},
      year={2024},
      eprint={2401.04088},
      archivePrefix={arXiv},
      primaryClass={cs.LG}
}

@misc{wu2024instructionalsegmentembeddingimproving,
      title={Instructional Segment Embedding: Improving LLM Safety with Instruction Hierarchy}, 
      author={Tong Wu and Shujian Zhang and Kaiqiang Song and Silei Xu and Sanqiang Zhao and Ravi Agrawal and Sathish Reddy Indurthi and Chong Xiang and Prateek Mittal and Wenxuan Zhou},
      year={2024},
      eprint={2410.09102},
      archivePrefix={arXiv},
      primaryClass={cs.CR},
      url={https://arxiv.org/abs/2410.09102}, 
}

@article{zhou2023instruction,
  title={Instruction-following evaluation for large language models},
  author={Zhou, Jeffrey and Lu, Tianjian and Mishra, Swaroop and Brahma, Siddhartha and Basu, Sujoy and Luan, Yi and Zhou, Denny and Hou, Le},
  journal={arXiv preprint arXiv:2311.07911},
  year={2023}
}

@article{llama3modelcard,
  title={Llama 3 Model Card},
  author={AI@Meta},
  year={2024},
  url = {https://github.com/meta-llama/llama3/blob/main/MODEL_CARD.md}
}

@misc{tunstall2023zephyr,
      title={Zephyr: Direct Distillation of LM Alignment}, 
      author={Lewis Tunstall and Edward Beeching and Nathan Lambert and Nazneen Rajani and Kashif Rasul and Younes Belkada and Shengyi Huang and Leandro von Werra and Clémentine Fourrier and Nathan Habib and Nathan Sarrazin and Omar Sanseviero and Alexander M. Rush and Thomas Wolf},
      year={2023},
      eprint={2310.16944},
      archivePrefix={arXiv},
      primaryClass={cs.LG}
}

@misc{starling2023,
    title = {Starling-7B: Improving LLM Helpfulness and Harmlessness with RLAIF},
    url = {},
    author = {Zhu, Banghua and Frick, Evan and Wu, Tianhao and Zhu, Hanlin and Ganesan, Karthik and Chiang, Wei-Lin and Zhang, Jian and Jiao, Jiantao},
    month = {November},
    year = {2023}
}

@misc{mizrahi2024state,
      title={State of What Art? A Call for Multi-Prompt LLM Evaluation}, 
      author={Moran Mizrahi and Guy Kaplan and Dan Malkin and Rotem Dror and Dafna Shahaf and Gabriel Stanovsky},
      year={2024},
      eprint={2401.00595},
      archivePrefix={arXiv},
      primaryClass={cs.CL}
}

@misc{alpaca_eval,
  author = {Xuechen Li and Tianyi Zhang and Yann Dubois and Rohan Taori and Ishaan Gulrajani and Carlos Guestrin and Percy Liang and Tatsunori B. Hashimoto },
  title = {AlpacaEval: An Automatic Evaluator of Instruction-following Models},
  year = {2023},
  publisher = {GitHub},
  journal = {GitHub repository},
  howpublished = {\url{https://github.com/tatsu-lab/alpaca_eval}}
}

@misc{zheng2023judging,
      title={Judging LLM-as-a-Judge with MT-Bench and Chatbot Arena}, 
      author={Lianmin Zheng and Wei-Lin Chiang and Ying Sheng and Siyuan Zhuang and Zhanghao Wu and Yonghao Zhuang and Zi Lin and Zhuohan Li and Dacheng Li and Eric P. Xing and Hao Zhang and Joseph E. Gonzalez and Ion Stoica},
      year={2023},
      eprint={2306.05685},
      archivePrefix={arXiv},
      primaryClass={cs.CL}
}

@misc{wang2023large,
      title={Large Language Models are not Fair Evaluators}, 
      author={Peiyi Wang and Lei Li and Liang Chen and Zefan Cai and Dawei Zhu and Binghuai Lin and Yunbo Cao and Qi Liu and Tianyu Liu and Zhifang Sui},
      year={2023},
      eprint={2305.17926},
      archivePrefix={arXiv},
      primaryClass={cs.CL}
}

@misc{wu2023style,
      title={Style Over Substance: Evaluation Biases for Large Language Models}, 
      author={Minghao Wu and Alham Fikri Aji},
      year={2023},
      eprint={2307.03025},
      archivePrefix={arXiv},
      primaryClass={cs.CL}
}

@misc{koo2023benchmarking,
      title={Benchmarking Cognitive Biases in Large Language Models as Evaluators}, 
      author={Ryan Koo and Minhwa Lee and Vipul Raheja and Jong Inn Park and Zae Myung Kim and Dongyeop Kang},
      year={2023},
      eprint={2309.17012},
      archivePrefix={arXiv},
      primaryClass={cs.CL}
}

@misc{perezIgnorePreviousPrompt2022,
  title = {Ignore {{Previous Prompt}}: {{Attack Techniques For Language Models}}},
  shorttitle = {Ignore {{Previous Prompt}}},
  author = {Perez, F{\'a}bio and Ribeiro, Ian},
  year = {2022},
  month = nov,
  number = {arXiv:2211.09527},
  eprint = {2211.09527},
  primaryclass = {cs},
  publisher = {arXiv},
  urldate = {2024-09-24},
  archiveprefix = {arXiv},
  langid = {english}
}

@misc{greshakeNotWhatYouve2023,
  title = {Not What You've Signed up for: {{Compromising Real-World LLM-Integrated Applications}} with {{Indirect Prompt Injection}}},
  shorttitle = {Not What You've Signed up For},
  author = {Greshake, Kai and Abdelnabi, Sahar and Mishra, Shailesh and Endres, Christoph and Holz, Thorsten and Fritz, Mario},
  year = {2023},
  month = may,
  number = {arXiv:2302.12173},
  eprint = {2302.12173},
  primaryclass = {cs},
  publisher = {arXiv},
  urldate = {2024-09-24},
  archiveprefix = {arXiv},
  langid = {english}
}

@misc{greshakePromptInjectionsAre,
  title = {Prompt {{Injections}} Are Bad, Mkay?},
  author = {Greshake, Kai},
  urldate = {2024-09-29},
  howpublished = {https://greshake.github.io/}
}

@misc{johannrehberger[@wunderwuzzi23]GoogleAIStudio2024,
  type = {Tweet},
  title = {{{Google AI Studio}} Continues to Struggle with Data Exfiltration Vulnerabilities {$\warning$}️ {{This}} Demo Shows Silent Data Exfiltration of Employee Feedback and Performance Reviews through Prompt Injection in One of the Feedback Entries. {{The POC}} Triggers Data Exfiltration via Rendering {{https://t.co/Xam1nYOl6m}}},
  author = {Rehberger, Johann},
  year = {2024},
  month = aug,
  journal = {Twitter},
  urldate = {2024-09-29},
  langid = {english}
}

@misc{liuAutomaticUniversalPrompt2024a,
  title = {Automatic and {{Universal Prompt Injection Attacks}} against {{Large Language Models}}},
  author = {Liu, Xiaogeng and Yu, Zhiyuan and Zhang, Yizhe and Zhang, Ning and Xiao, Chaowei},
  year = {2024},
  month = mar,
  number = {arXiv:2403.04957},
  eprint = {2403.04957},
  primaryclass = {cs},
  publisher = {arXiv},
  urldate = {2024-09-27},
  archiveprefix = {arXiv},
  langid = {english}
}

@misc{liuPromptInjectionAttack2024,
  title = {Prompt {{Injection}} Attack against {{LLM-integrated Applications}}},
  author = {Liu, Yi and Deng, Gelei and Li, Yuekang and Wang, Kailong and Wang, Zihao and Wang, Xiaofeng and Zhang, Tianwei and Liu, Yepang and Wang, Haoyu and Zheng, Yan and Liu, Yang},
  year = {2024},
  month = mar,
  number = {arXiv:2306.05499},
  eprint = {2306.05499},
  primaryclass = {cs},
  publisher = {arXiv},
  urldate = {2024-09-24},
  archiveprefix = {arXiv},
  langid = {english}
}

@misc{openaiGPT4oMiniAdvancing2024,
  title = {{{GPT-4o}} Mini: Advancing Cost-Efficient Intelligence},
  shorttitle = {{{GPT-4o}} Mini},
  author = {OpenAI},
  year = {2024},
  month = jul,
  urldate = {2024-09-30},
  howpublished = {https://openai.com/index/gpt-4o-mini-advancing-cost-efficient-intelligence/},
  langid = {american}
}

@misc{touvronLlamaOpenFoundation2023a,
  title = {Llama 2: {{Open Foundation}} and {{Fine-Tuned Chat Models}}},
  shorttitle = {Llama 2},
  author = {Touvron, Hugo and Martin, Louis and Stone, Kevin and Albert, Peter and Almahairi, Amjad and Babaei, Yasmine and Bashlykov, Nikolay and Batra, Soumya and Bhargava, Prajjwal and Bhosale, Shruti and Bikel, Dan and Blecher, Lukas and Ferrer, Cristian Canton and Chen, Moya and Cucurull, Guillem and Esiobu, David and Fernandes, Jude and Fu, Jeremy and Fu, Wenyin and Fuller, Brian and Gao, Cynthia and Goswami, Vedanuj and Goyal, Naman and Hartshorn, Anthony and Hosseini, Saghar and Hou, Rui and Inan, Hakan and Kardas, Marcin and Kerkez, Viktor and Khabsa, Madian and Kloumann, Isabel and Korenev, Artem and Koura, Punit Singh and Lachaux, Marie-Anne and Lavril, Thibaut and Lee, Jenya and Liskovich, Diana and Lu, Yinghai and Mao, Yuning and Martinet, Xavier and Mihaylov, Todor and Mishra, Pushkar and Molybog, Igor and Nie, Yixin and Poulton, Andrew and Reizenstein, Jeremy and Rungta, Rashi and Saladi, Kalyan and Schelten, Alan and Silva, Ruan and Smith, Eric Michael and Subramanian, Ranjan and Tan, Xiaoqing Ellen and Tang, Binh and Taylor, Ross and Williams, Adina and Kuan, Jian Xiang and Xu, Puxin and Yan, Zheng and Zarov, Iliyan and Zhang, Yuchen and Fan, Angela and Kambadur, Melanie and Narang, Sharan and Rodriguez, Aurelien and Stojnic, Robert and Edunov, Sergey and Scialom, Thomas},
  year = {2023},
  month = jul,
  number = {arXiv:2307.09288},
  eprint = {2307.09288},
  primaryclass = {cs},
  publisher = {arXiv},
  urldate = {2024-10-01},
  archiveprefix = {arXiv},
  langid = {english}
}


@misc{jiangPersonaLLMInvestigatingAbility2024,
  title = {{{PersonaLLM}}: {{Investigating}} the {{Ability}} of {{Large Language Models}} to {{Express Personality Traits}}},
  shorttitle = {{{PersonaLLM}}},
  author = {Jiang, Hang and Zhang, Xiajie and Cao, Xubo and Breazeal, Cynthia and Roy, Deb and Kabbara, Jad},
  year = {2024},
  month = apr,
  number = {arXiv:2305.02547},
  eprint = {2305.02547},
  primaryclass = {cs},
  publisher = {arXiv},
  urldate = {2024-10-01},
  archiveprefix = {arXiv},
  langid = {english}
}

@misc{GPT4,
  title = {{{GPT-4}}},
  urldate = {2024-12-13},
  author = {OpenAI},
  year = {2023},
  month = mar,
  abstract = {We've created GPT-4, the latest milestone in OpenAI's effort in scaling up deep learning. GPT-4 is a large multimodal model (accepting image and text inputs, emitting text outputs) that, while less capable than humans in many real-world scenarios, exhibits human-level performance on various professional and academic benchmarks.},
  howpublished = {https://openai.com/index/gpt-4-research/},
  langid = {american},
}

@misc{mukherjeeOrcaProgressiveLearning2023,
  title = {Orca: {{Progressive Learning}} from {{Complex Explanation Traces}} of {{GPT-4}}},
  shorttitle = {Orca},
  author = {Mukherjee, Subhabrata and Mitra, Arindam and Jawahar, Ganesh and Agarwal, Sahaj and Palangi, Hamid and Awadallah, Ahmed},
  year = {2023},
  month = jun,
  number = {arXiv:2306.02707},
  eprint = {2306.02707},
  primaryclass = {cs},
  publisher = {arXiv},
  urldate = {2024-10-01},
  archiveprefix = {arXiv},
  langid = {english}
}


@misc{HuggingChat,
  title = {{{HuggingChat}}},
  urldate = {2024-09-30},
  howpublished = {https://huggingface.co/chat},
  langid = {english}
}

@misc{openaiIntroducingGPTs2023,
  title = {Introducing {{GPTs}}},
  author = {OpenAI},
  year = {2023},
  month = nov,
  urldate = {2024-09-30},
  howpublished = {https://openai.com/index/introducing-gpts/},
  langid = {american}
}

@misc{openaiIntroducingGPTStore2024,
  title = {Introducing the {{GPT Store}}},
  author = {OpenAI},
  year = {2024},
  month = jan,
  urldate = {2024-09-30},
  howpublished = {https://openai.com/index/introducing-the-gpt-store/},
  langid = {american}
}


@misc{leeAligningThousandsPreferences2024,
  title = {Aligning to {{Thousands}} of {{Preferences}} via {{System Message Generalization}}},
  author = {Lee, Seongyun and Park, Sue Hyun and Kim, Seungone and Seo, Minjoon},
  year = {2024},
  month = may,
  number = {arXiv:2405.17977},
  eprint = {2405.17977},
  primaryclass = {cs},
  publisher = {arXiv},
  urldate = {2024-09-30},
  archiveprefix = {arXiv},
  langid = {english}
}

@misc{liMeasuringControllingInstruction2024,
  title = {Measuring and {{Controlling Instruction}} ({{In}}){{Stability}} in {{Language Model Dialogs}}},
  author = {Li, Kenneth and Liu, Tianle and Bashkansky, Naomi and Bau, David and Vi{\'e}gas, Fernanda and Pfister, Hanspeter and Wattenberg, Martin},
  year = {2024},
  month = jul,
  number = {arXiv:2402.10962},
  eprint = {2402.10962},
  primaryclass = {cs},
  publisher = {arXiv},
  urldate = {2024-09-30},
  archiveprefix = {arXiv},
  langid = {english}
}

@misc{luSoFAShieldedFly2024,
  title = {{{SoFA}}: {{Shielded On-the-fly Alignment}} via {{Priority Rule Following}}},
  shorttitle = {{{SoFA}}},
  author = {Lu, Xinyu and Yu, Bowen and Lu, Yaojie and Lin, Hongyu and Yu, Haiyang and Sun, Le and Han, Xianpei and Li, Yongbin},
  year = {2024},
  month = feb,
  number = {arXiv:2402.17358},
  eprint = {2402.17358},
  primaryclass = {cs},
  publisher = {arXiv},
  urldate = {2024-09-30},
  archiveprefix = {arXiv},
  langid = {english}
}

@misc{qinSysBenchCanLarge2024,
  title = {{{SysBench}}: {{Can Large Language Models Follow System Messages}}?},
  shorttitle = {{{SysBench}}},
  author = {Qin, Yanzhao and Zhang, Tao and Zhang, Tao and Shen, Yanjun and Luo, Wenjing and Sun, Haoze and Zhang, Yan and Qiao, Yujing and Chen, Weipeng and Zhou, Zenan and Zhang, Wentao and Cui, Bin},
  year = {2024},
  month = aug,
  number = {arXiv:2408.10943},
  eprint = {2408.10943},
  primaryclass = {cs},
  publisher = {arXiv},
  urldate = {2024-09-30},
  archiveprefix = {arXiv},
  langid = {english}
}

@misc{zhangEffectivePromptExtraction2024,
  title = {Effective {{Prompt Extraction}} from {{Language Models}}},
  author = {Zhang, Yiming and Carlini, Nicholas and Ippolito, Daphne},
  year = {2024},
  month = aug,
  number = {arXiv:2307.06865},
  eprint = {2307.06865},
  primaryclass = {cs},
  publisher = {arXiv},
  urldate = {2024-08-20},
  archiveprefix = {arXiv},
  langid = {english}
}

@misc{zhaoGPTsWindowShopping2024,
  title = {{{GPTs Window Shopping}}: {{An}} Analysis of the {{Landscape}} of {{Custom ChatGPT Models}}},
  shorttitle = {{{GPTs Window Shopping}}},
  author = {Zhao, Benjamin Zi Hao and Ikram, Muhammad and Kaafar, Mohamed Ali},
  year = {2024},
  month = may,
  number = {arXiv:2405.10547},
  eprint = {2405.10547},
  primaryclass = {cs},
  publisher = {arXiv},
  urldate = {2024-09-24},
  archiveprefix = {arXiv},
  langid = {english}
}


@misc{plinytheliberator,
  type = {Tweet},
  title = {@simonw @{{TheXeophon}} @kyliebytes {{https://t.co/rZ3LTprQQp}}},
  author = {{Pliny the Liberator}},
  year = {2024},
  month = jul,
  journal = {Twitter},
  urldate = {2024-09-29}
}

@misc{promptarmorDataExfiltrationSlack2024,
  type = {Substack Newsletter},
  title = {Data {{Exfiltration}} from {{Slack AI}} via Indirect Prompt Injection},
  author = {PromptArmor},
  year = {2024},
  month = aug,
  journal = {PromptArmor Blog},
  urldate = {2024-08-21}
}

@misc{rehbergerBreakingInstructionHierarchy2024,
  title = {Breaking {{Instruction Hierarchy}} in {{OpenAI}}'s Gpt-4o-Mini {$\cdot$} {{Embrace The Red}}},
  author = {Rehberger, Johann},
  year = {2024},
  month = jul,
  journal = {Embrace The Red},
  urldate = {2024-09-29},
  howpublished = {https://embracethered.com/blog/posts/2024/chatgpt-gpt-4o-mini-instruction-hierarchie-bypasses/},
  langid = {american}
}

@misc{rehbergerDangersAIAgents2024,
  title = {The Dangers of {{AI}} Agents Unfurling Hyperlinks and What to Do about It {$\cdot$} {{Embrace The Red}}},
  author = {Rehberger, Johann},
  year = {2024},
  month = apr,
  journal = {Embrace The Red},
  urldate = {2024-09-29},
  howpublished = {https://embracethered.com/blog/posts/2024/the-dangers-of-unfurling-and-what-you-can-do-about-it/},
  langid = {american}
}

@misc{willisonAccidentalPromptInjection2024,
  title = {Accidental Prompt Injection against {{RAG}} Applications},
  author = {Willison, Simon},
  year = {2024},
  month = jun,
  urldate = {2024-09-29},
  howpublished = {https://simonwillison.net/2024/Jun/6/accidental-prompt-injection/},
  langid = {british}
}

@misc{willisonPromptInjectionJailbreaking2024,
  title = {Prompt Injection and Jailbreaking Are Not the Same Thing},
  author = {Willison, Simon},
  year = {2024},
  month = mar,
  urldate = {2024-09-29},
  howpublished = {https://simonwillison.net/2024/Mar/5/prompt-injection-jailbreaking/},
  langid = {british}
}


@misc{yuAssessingPromptInjection2024,
  title = {Assessing {{Prompt Injection Risks}} in 200+ {{Custom GPTs}}},
  author = {Yu, Jiahao and Wu, Yuhang and Shu, Dong and Jin, Mingyu and Yang, Sabrina and Xing, Xinyu},
  year = {2024},
  month = may,
  number = {arXiv:2311.11538},
  eprint = {2311.11538},
  primaryclass = {cs},
  publisher = {arXiv},
  urldate = {2024-09-28},
  archiveprefix = {arXiv},
  langid = {english}
}

@misc{yuPROMPTFUZZHarnessingFuzzing2024,
  title = {{{PROMPTFUZZ}}: {{Harnessing Fuzzing Techniques}} for {{Robust Testing}} of {{Prompt Injection}} in {{LLMs}}},
  shorttitle = {{{PROMPTFUZZ}}},
  author = {Yu, Jiahao and Shao, Yangguang and Miao, Hanwen and Shi, Junzheng and Xing, Xinyu},
  year = {2024},
  month = sep,
  number = {arXiv:2409.14729},
  eprint = {2409.14729},
  primaryclass = {cs},
  publisher = {arXiv},
  urldate = {2024-09-29},
  archiveprefix = {arXiv},
  langid = {english}
}


@misc{zverevCanLLMsSeparate2024,
  title = {Can {{LLMs Separate Instructions From Data}}? {{And What Do We Even Mean By That}}?},
  shorttitle = {Can {{LLMs Separate Instructions From Data}}?},
  author = {Zverev, Egor and Abdelnabi, Sahar and Tabesh, Soroush and Fritz, Mario and Lampert, Christoph H.},
  year = {2024},
  month = jun,
  number = {arXiv:2403.06833},
  eprint = {2403.06833},
  primaryclass = {cs},
  publisher = {arXiv},
  urldate = {2024-09-27},
  archiveprefix = {arXiv},
  langid = {english}
}


@misc{wallaceInstructionHierarchyTraining2024,
  title = {The {{Instruction Hierarchy}}: {{Training LLMs}} to {{Prioritize Privileged Instructions}}},
  shorttitle = {The {{Instruction Hierarchy}}},
  author = {Wallace, Eric and Xiao, Kai and Leike, Reimar and Weng, Lilian and Heidecke, Johannes and Beutel, Alex},
  year = {2024},
  month = apr,
  number = {arXiv:2404.13208},
  eprint = {2404.13208},
  primaryclass = {cs},
  publisher = {arXiv},
  urldate = {2024-09-24},
  archiveprefix = {arXiv},
  langid = {english}
}

@misc{zhangEffectivePromptExtraction2024,
  title = {Effective {{Prompt Extraction}} from {{Language Models}}},
  author = {Zhang, Yiming and Carlini, Nicholas and Ippolito, Daphne},
  year = {2024},
  month = aug,
  number = {arXiv:2307.06865},
  eprint = {2307.06865},
  primaryclass = {cs},
  publisher = {arXiv},
  urldate = {2024-08-20},
  archiveprefix = {arXiv},
  langid = {english}
}

@misc{zhaoGPTsWindowShopping2024,
  title = {{{GPTs Window Shopping}}: {{An}} Analysis of the {{Landscape}} of {{Custom ChatGPT Models}}},
  shorttitle = {{{GPTs Window Shopping}}},
  author = {Zhao, Benjamin Zi Hao and Ikram, Muhammad and Kaafar, Mohamed Ali},
  year = {2024},
  month = may,
  number = {arXiv:2405.10547},
  eprint = {2405.10547},
  primaryclass = {cs},
  publisher = {arXiv},
  urldate = {2024-09-24},
  archiveprefix = {arXiv},
  langid = {english}
}

@misc{willisonPromptInjectionAttacks2022,
  title = {Prompt Injection Attacks against {{GPT-3}}},
  author = {Willison, Simon},
  year = {2022},
  month = sep,
  urldate = {2024-09-30},
  howpublished = {https://simonwillison.net/2022/Sep/12/prompt-injection/},
  langid = {british}
}


@misc{LLMRisksArchive,
  title = {{{LLMRisks Archive}}},
  journal = {OWASP Top 10 for LLM \& Generative AI Security},
  urldate = {2024-09-30},
  howpublished = {https://genai.owasp.org/llm-top-10/},
  langid = {american},
  key={LLMRisksArchive}
}


@article{li2024crowdsourced,
  title={From Crowdsourced Data to High-Quality Benchmarks: Arena-Hard and BenchBuilder Pipeline},
  author={Li, Tianle and Chiang, Wei-Lin and Frick, Evan and Dunlap, Lisa and Wu, Tianhao and Zhu, Banghua and Gonzalez, Joseph E and Stoica, Ion},
  journal={arXiv preprint arXiv:2406.11939},
  year={2024}
}

@misc{chiang2024chatbot,
    title={Chatbot Arena: An Open Platform for Evaluating LLMs by Human Preference},
    author={Wei-Lin Chiang and Lianmin Zheng and Ying Sheng and Anastasios Nikolas Angelopoulos and Tianle Li and Dacheng Li and Hao Zhang and Banghua Zhu and Michael Jordan and Joseph E. Gonzalez and Ion Stoica},
    year={2024},
    eprint={2403.04132},
    archivePrefix={arXiv},
    primaryClass={cs.AI}
}

@misc{arenahard2024,
    title = {From Live Data to High-Quality Benchmarks: The Arena-Hard Pipeline},
    url = {https://lmsys.org/blog/2024-04-19-arena-hard/},
    author = {Tianle Li*, Wei-Lin Chiang*, Evan Frick, Lisa Dunlap, Banghua Zhu, Joseph E. Gonzalez, Ion Stoica},
    month = {April},
    year = {2024}
}

@article{dubois2024length,
  title={Length-Controlled AlpacaEval: A Simple Way to Debias Automatic Evaluators},
  author={Dubois, Yann and Galambosi, Bal{\'a}zs and Liang, Percy and Hashimoto, Tatsunori B},
  journal={arXiv preprint arXiv:2404.04475},
  year={2024}
}

@misc{dubois2023alpacafarm,
  title={AlpacaFarm: A Simulation Framework for Methods that Learn from Human Feedback}, 
  author={Yann Dubois and Xuechen Li and Rohan Taori and Tianyi Zhang and Ishaan Gulrajani and Jimmy Ba and Carlos Guestrin and Percy Liang and Tatsunori B. Hashimoto},
  year={2023},
  eprint={2305.14387},
  archivePrefix={arXiv},
  primaryClass={cs.LG}
}

@misc{alpaca_eval,
  author = {Xuechen Li and Tianyi Zhang and Yann Dubois and Rohan Taori and Ishaan Gulrajani and Carlos Guestrin and Percy Liang and Tatsunori B. Hashimoto },
  title = {AlpacaEval: An Automatic Evaluator of Instruction-following Models},
  year = {2023},
  month = {5},
  publisher = {GitHub},
  journal = {GitHub repository},
  howpublished = {\url{https://github.com/tatsu-lab/alpaca_eval}}
}

@article{hendryckstest2021,
  title={Measuring Massive Multitask Language Understanding},
  author={Dan Hendrycks and Collin Burns and Steven Basart and Andy Zou and Mantas Mazeika and Dawn Song and Jacob Steinhardt},
  journal={Proceedings of the International Conference on Learning Representations (ICLR)},
  year={2021}
}

@article{hendrycks2021ethics,
  title={Aligning AI With Shared Human Values},
  author={Dan Hendrycks and Collin Burns and Steven Basart and Andrew Critch and Jerry Li and Dawn Song and Jacob Steinhardt},
  journal={Proceedings of the International Conference on Learning Representations (ICLR)},
  year={2021}
}

@misc{wang2024helpsteer2,
      title={HelpSteer2: Open-source dataset for training top-performing reward models}, 
      author={Zhilin Wang and Yi Dong and Olivier Delalleau and Jiaqi Zeng and Gerald Shen and Daniel Egert and Jimmy J. Zhang and Makesh Narsimhan Sreedhar and Oleksii Kuchaiev},
      year={2024},
      eprint={2406.08673},
      archivePrefix={arXiv},
      primaryClass={id='cs.CL' full_name='Computation and Language' is_active=True alt_name='cmp-lg' in_archive='cs' is_general=False description='Covers natural language processing. Roughly includes material in ACM Subject Class I.2.7. Note that work on artificial languages (programming languages, logics, formal systems) that does not explicitly address natural-language issues broadly construed (natural-language processing, computational linguistics, speech, text retrieval, etc.) is not appropriate for this area.'}
}

@inproceedings{lee2021deduplicating,
      title={Deduplicating Training Data Makes Language Models Better}, 
      author={Katherine Lee and Daphne Ippolito and Andrew Nystrom and Chiyuan Zhang and Douglas Eck and Chris Callison-Burch and Nicholas Carlini},
    booktitle = "Proceedings of the 60th Annual Meeting of the Association for Computational Linguistics",
    year = "2022",
    publisher = "Association for Computational Linguistics"
}

@article{dubey2024llama,
  title={The llama 3 herd of models},
  author={Dubey, Abhimanyu and Jauhri, Abhinav and Pandey, Abhinav and Kadian, Abhishek and Al-Dahle, Ahmad and Letman, Aiesha and Mathur, Akhil and Schelten, Alan and Yang, Amy and Fan, Angela and others},
  journal={arXiv preprint arXiv:2407.21783},
  year={2024}
}

@article{wei2021finetuned,
  title={Finetuned language models are zero-shot learners},
  author={Wei, Jason and Bosma, Maarten and Zhao, Vincent Y and Guu, Kelvin and Yu, Adams Wei and Lester, Brian and Du, Nan and Dai, Andrew M and Le, Quoc V},
  journal={arXiv preprint arXiv:2109.01652},
  year={2021}
}

@article{khashabi2020unifiedqa,
  title={Unifiedqa: Crossing format boundaries with a single qa system},
  author={Khashabi, Daniel and Min, Sewon and Khot, Tushar and Sabharwal, Ashish and Tafjord, Oyvind and Clark, Peter and Hajishirzi, Hannaneh},
  journal={arXiv preprint arXiv:2005.00700},
  year={2020}
}

@article{weller2020learning,
  title={Learning from task descriptions},
  author={Weller, Orion and Lourie, Nicholas and Gardner, Matt and Peters, Matthew E},
  journal={arXiv preprint arXiv:2011.08115},
  year={2020}
}

@article{mishra2021cross,
  title={Cross-task generalization via natural language crowdsourcing instructions},
  author={Mishra, Swaroop and Khashabi, Daniel and Baral, Chitta and Hajishirzi, Hannaneh},
  journal={arXiv preprint arXiv:2104.08773},
  year={2021}
}

@article{sanh2021multitask,
  title={Multitask prompted training enables zero-shot task generalization},
  author={Sanh, Victor and Webson, Albert and Raffel, Colin and Bach, Stephen H and Sutawika, Lintang and Alyafeai, Zaid and Chaffin, Antoine and Stiegler, Arnaud and Scao, Teven Le and Raja, Arun and others},
  journal={arXiv preprint arXiv:2110.08207},
  year={2021}
}

@inproceedings{piet2024jatmo,
  title={Jatmo: Prompt injection defense by task-specific finetuning},
  author={Piet, Julien and Alrashed, Maha and Sitawarin, Chawin and Chen, Sizhe and Wei, Zeming and Sun, Elizabeth and Alomair, Basel and Wagner, David},
  booktitle={European Symposium on Research in Computer Security},
  pages={105--124},
  year={2024},
  organization={Springer}
}

@article{yi2023benchmarking,
  title={Benchmarking and defending against indirect prompt injection attacks on large language models},
  author={Yi, Jingwei and Xie, Yueqi and Zhu, Bin and Kiciman, Emre and Sun, Guangzhong and Xie, Xing and Wu, Fangzhao},
  journal={arXiv preprint arXiv:2312.14197},
  year={2023}
}

@article{brown2020language,
  title={Language models are few-shot learners},
  author={Brown, Tom B},
  journal={arXiv preprint arXiv:2005.14165},
  year={2020}
}

@article{mukherjee2023orca,
  title={Orca: Progressive learning from complex explanation traces of gpt-4},
  author={Mukherjee, Subhabrata and Mitra, Arindam and Jawahar, Ganesh and Agarwal, Sahaj and Palangi, Hamid and Awadallah, Ahmed},
  journal={arXiv preprint arXiv:2306.02707},
  year={2023}
}

@article{glaese2022improving,
  title={Improving alignment of dialogue agents via targeted human judgements},
  author={Glaese, Amelia and McAleese, Nat and Trebacz, Maja and Aslanides, John and Firoiu, Vlad and Ewalds, Timo and Rauh, Maribeth and Weidinger, Laura and Chadwick, Martin and Thacker, Phoebe and others},
  journal={arXiv preprint arXiv:2209.14375},
  year={2022}
}

@article{achiam2023gpt,
  title={Gpt-4 technical report},
  author={Achiam, Josh and Adler, Steven and Agarwal, Sandhini and Ahmad, Lama and Akkaya, Ilge and Aleman, Florencia Leoni and Almeida, Diogo and Altenschmidt, Janko and Altman, Sam and Anadkat, Shyamal and others},
  journal={arXiv preprint arXiv:2303.08774},
  year={2023}
}

@inproceedings{li2024evaluating,
  title={Evaluating the instruction-following robustness of large language models to prompt injection},
  author={Li, Zekun and Peng, Baolin and He, Pengcheng and Yan, Xifeng},
  booktitle={Proceedings of the 2024 Conference on Empirical Methods in Natural Language Processing},
  pages={557--568},
  year={2024}
}

@article{mazeika2024harmbench,
  title={Harmbench: A standardized evaluation framework for automated red teaming and robust refusal},
  author={Mazeika, Mantas and Phan, Long and Yin, Xuwang and Zou, Andy and Wang, Zifan and Mu, Norman and Sakhaee, Elham and Li, Nathaniel and Basart, Steven and Li, Bo and others},
  journal={arXiv preprint arXiv:2402.04249},
  year={2024}
}

@inproceedings{
 debenedetti2024agentdojo,
 title={AgentDojo: A Dynamic Environment to Evaluate Prompt Injection Attacks and Defenses for {LLM} Agents},
 author={Edoardo Debenedetti and Jie Zhang and Mislav Balunovic and Luca Beurer-Kellner and Marc Fischer and Florian Tram{\`e}r},
 booktitle={The Thirty-eight Conference on Neural Information Processing Systems Datasets and Benchmarks Track},
 year={2024},
 url={https://openreview.net/forum?id=m1YYAQjO3w}
}

@misc{jandaghi2023faithful,
      title={Faithful Persona-based Conversational Dataset Generation with Large Language Models}, 
      author={Pegah Jandaghi and XiangHai Sheng and Xinyi Bai and Jay Pujara and Hakim Sidahmed},
      year={2023},
      eprint={2312.10007},
      archivePrefix={arXiv},
      primaryClass={cs.CL}
}

@inproceedings{flores101,
  title={The FLORES-101  Evaluation Benchmark for Low-Resource and Multilingual Machine Translation},
  author={Goyal, Naman and Gao, Cynthia and Chaudhary, Vishrav and Chen, Peng-Jen and Wenzek, Guillaume and Ju, Da and Krishnan, Sanjana and Ranzato, Marc'Aurelio and Guzm\'{a}n, Francisco and Fan, Angela},
  year={2021}
}

@article{mu2024rule,
  title={Rule based rewards for language model safety},
  author={Mu, Tong and Helyar, Alec and Heidecke, Johannes and Achiam, Joshua and Vallone, Andrea and Kivlichan, Ian and Lin, Molly and Beutel, Alex and Schulman, John and Weng, Lilian},
  journal={arXiv preprint arXiv:2411.01111},
  year={2024}
}

@techreport{Mitchell2023CDPO,
  author       = {Mitchell, Eric},
  title        = {A note on DPO with noisy preferences \& relationship to IPO},
  institution  = {ericmitchell.ai},
  year         = {2023},
  month        = {november},
  note         = {Version 1.1; November 25, 2023},
  url          = {https://ericmitchell.ai/cdpo.pdf}
}

@article{zaremba2025trading,
  title={Trading inference-time compute for adversarial robustness},
  author={Zaremba, Wojciech and Nitishinskaya, Evgenia and Barak, Boaz and Lin, Stephanie and Toyer, Sam and Yu, Yaodong and Dias, Rachel and Wallace, Eric and Xiao, Kai and Heidecke, Johannes and others},
  journal={arXiv preprint arXiv:2501.18841},
  year={2025}
}

@inproceedings{anil2024many,
  title={Many-shot jailbreaking},
  author={Anil, Cem and Durmus, Esin and Rimsky, Nina and Sharma, Mrinank and Benton, Joe and Kundu, Sandipan and Batson, Joshua and Tong, Meg and Mu, Jesse and Ford, Daniel J and others},
  booktitle={The Thirty-eighth Annual Conference on Neural Information Processing Systems},
  year={2024}
}