@inproceedings{hu2024animate,
  title={Animate anyone: Consistent and controllable image-to-video synthesis for character animation},
  author={Hu, Li},
  booktitle={Proceedings of the IEEE/CVF Conference on Computer Vision and Pattern Recognition},
  pages={8153--8163},
  year={2024}
}


@inproceedings{danvevcek2022emoca,
  title={Emoca: Emotion driven monocular face capture and animation},
  author={Dan{\v{e}}{\v{c}}ek, Radek and Black, Michael J and Bolkart, Timo},
  booktitle={Proceedings of the IEEE/CVF Conference on Computer Vision and Pattern Recognition},
  pages={20311--20322},
  year={2022}
}



@article{siarohin2019first,
  title={First order motion model for image animation},
  author={Siarohin, Aliaksandr and Lathuili{\`e}re, St{\'e}phane and Tulyakov, Sergey and Ricci, Elisa and Sebe, Nicu},
  journal={Advances in neural information processing systems},
  volume={32},
  year={2019}
}



@article{li2017learning,
  title={Learning a model of facial shape and expression from 4D scans.},
  author={Li et al, Tianye},
  journal={ACM Trans. Graph.},
  volume={36},
  number={6},
  pages={194--1},
  year={2017}
}

@article{feng2021learning,
  title={Learning an animatable detailed 3D face model from in-the-wild images},
  author={Feng, Yao and Feng, Haiwen and Black, Michael J and Bolkart, Timo},
  journal={ACM Transactions on Graphics (ToG)},
  volume={40},
  number={4},
  pages={1--13},
  year={2021},
  publisher={ACM New York, NY, USA}
}

@inproceedings{hong2022headnerf,
  title={Headnerf: A real-time nerf-based parametric head model},
  author={Hong, Yang and Peng, Bo and Xiao, Haiyao and Liu, Ligang and Zhang, Juyong},
  booktitle={Proceedings of the IEEE/CVF Conference on Computer Vision and Pattern Recognition},
  pages={20374--20384},
  year={2022}
}

@inproceedings{ghosh2020gif,
  title={Gif: Generative interpretable faces},
  author={Ghosh, Partha and Gupta, Pravir Singh and Uziel, Roy and Ranjan, Anurag and Black, Michael J and Bolkart, Timo},
  booktitle={2020 International Conference on 3D Vision (3DV)},
  pages={868--878},
  year={2020},
  organization={IEEE}
}

@inproceedings{han2024face,
  title={Face-Adapter for Pre-trained Diffusion Models with Fine-Grained ID and Attribute Control},
  author={Han, Yue and Zhu, Junwei and He, Keke and Chen, Xu and Ge, Yanhao and Li, Wei and Li, Xiangtai and Zhang, Jiangning and Wang, Chengjie and Liu, Yong},
  booktitle={European Conference on Computer Vision},
  pages={20--36},
  year={2024},
  organization={Springer}
}

@article{wang2004image,
  title={Image quality assessment: from error visibility to structural similarity},
  author={Wang, Zhou and Bovik, Alan C and Sheikh, Hamid R and Simoncelli, Eero P},
  journal={IEEE transactions on image processing},
  volume={13},
  number={4},
  pages={600--612},
  year={2004},
  publisher={IEEE}
}


@inproceedings{sun2022dual,
  title={Dual contrastive learning for general face forgery detection},
  author={Sun, Ke and Yao, Taiping and Chen, Shen and Ding, Shouhong and Li, Jilin and Ji, Rongrong},
  booktitle={AAAI},
  volume={36},
  number={2},
  pages={2316--2324},
  year={2022}
}



@inproceedings{ren2021pirenderer,
  title={Pirenderer: Controllable portrait image generation via semantic neural rendering},
  author={Ren, Yurui and Li, Ge and Chen, Yuanqi and Li, Thomas H and Liu, Shan},
  booktitle={ICCV},
  pages={13759--13768},
  year={2021}
}

@inproceedings{xiang2023denoising,
  title={Denoising diffusion autoencoders are unified self-supervised learners},
  author={Xiang, Weilai and Yang, Hongyu and Huang, Di and Wang, Yunhong},
  booktitle={Proceedings of the IEEE/CVF International Conference on Computer Vision},
  pages={15802--15812},
  year={2023}
}

@inproceedings{wang2022high,
  title={High-fidelity gan inversion for image attribute editing},
  author={Wang, Tengfei and Zhang, Yong and Fan, Yanbo and Wang, Jue and Chen, Qifeng},
  booktitle={Proceedings of the IEEE/CVF conference on computer vision and pattern recognition},
  pages={11379--11388},
  year={2022}
}



@inproceedings{zhu2020domain,
  title={In-domain gan inversion for real image editing},
  author={Zhu, Jiapeng and Shen, Yujun and Zhao, Deli and Zhou, Bolei},
  booktitle={European conference on computer vision},
  pages={592--608},
  year={2020},
  organization={Springer}
}


@inproceedings{cheng2022inout,
  title={Inout: Diverse image outpainting via gan inversion},
  author={Cheng, Yen-Chi and Lin, Chieh Hubert and Lee, Hsin-Ying and Ren, Jian and Tulyakov, Sergey and Yang, Ming-Hsuan},
  booktitle={Proceedings of the IEEE/CVF Conference on Computer Vision and Pattern Recognition},
  pages={11431--11440},
  year={2022}
}

@inproceedings{deng2019accurate,
  title={Accurate 3d face reconstruction with weakly-supervised learning: From single image to image set},
  author={Deng, Yu and Yang, Jiaolong and Xu, Sicheng and Chen, Dong and Jia, Yunde and Tong, Xin},
  booktitle={Proceedings of the IEEE/CVF conference on computer vision and pattern recognition workshops},
  pages={0--0},
  year={2019}
}


@article{yu2021bisenet,
  title={Bisenet v2: Bilateral network with guided aggregation for real-time semantic segmentation},
  author={Yu, Changqian and Gao, Changxin and Wang, Jingbo and Yu, Gang and Shen, Chunhua and Sang, Nong},
  journal={International journal of computer vision},
  volume={129},
  pages={3051--3068},
  year={2021},
  publisher={Springer}
}


@article{kollias2019deep,
  title={Deep affect prediction in-the-wild: Aff-wild database and challenge, deep architectures, and beyond},
  author={Kollias, Dimitrios and Tzirakis, Panagiotis and Nicolaou, Mihalis A and Papaioannou, Athanasios and Zhao, Guoying and Schuller, Bj{\"o}rn and Kotsia, Irene and Zafeiriou, Stefanos},
  journal={International Journal of Computer Vision},
  volume={127},
  number={6},
  pages={907--929},
  year={2019},
  publisher={Springer}
}

@incollection{blanz2023morphable,
  title={A morphable model for the synthesis of 3D faces},
  author={Blanz, Volker and Vetter, Thomas},
  booktitle={Seminal Graphics Papers: Pushing the Boundaries, Volume 2},
  pages={157--164},
  year={2023}
}

@inproceedings{paysan20093d,
  title={A 3D face model for pose and illumination invariant face recognition},
  author={Paysan, Pascal and Knothe, Reinhard and Amberg, Brian and Romdhani, Sami and Vetter, Thomas},
  booktitle={2009 sixth IEEE international conference on advanced video and signal based surveillance},
  pages={296--301},
  year={2009},
  organization={Ieee}
}

@inproceedings{sohl2015deep,
  title={Deep unsupervised learning using nonequilibrium thermodynamics},
  author={Sohl-Dickstein, Jascha and Weiss, Eric and Maheswaranathan, Niru and Ganguli, Surya},
  booktitle={International conference on machine learning},
  pages={2256--2265},
  year={2015},
  organization={PMLR}
}

@inproceedings{rombach2022high,
  title={High-resolution image synthesis with latent diffusion models},
  author={Rombach, Robin and Blattmann, Andreas and Lorenz, Dominik and Esser, Patrick and Ommer, Bj{\"o}rn},
  booktitle={Proceedings of the IEEE/CVF conference on computer vision and pattern recognition},
  pages={10684--10695},
  year={2022}
}


@inproceedings{zhang2023adding,
  title={Adding conditional control to text-to-image diffusion models},
  author={Zhang, Lvmin and Rao, Anyi and Agrawala, Maneesh},
  booktitle={Proceedings of the IEEE/CVF International Conference on Computer Vision},
  pages={3836--3847},
  year={2023}
}



@inproceedings{mou2024t2i,
  title={T2i-adapter: Learning adapters to dig out more controllable ability for text-to-image diffusion models},
  author={Mou, Chong and Wang, Xintao and Xie, Liangbin and Wu, Yanze and Zhang, Jian and Qi, Zhongang and Shan, Ying},
  booktitle={Proceedings of the AAAI Conference on Artificial Intelligence},
  volume={38},
  number={5},
  pages={4296--4304},
  year={2024}
}

@inproceedings{radford2021learning,
  title={Learning transferable visual models from natural language supervision},
  author={Radford, Alec and Kim, Jong Wook and Hallacy, Chris and Ramesh, Aditya and Goh, Gabriel and Agarwal, Sandhini and Sastry, Girish and Askell, Amanda and Mishkin, Pamela and Clark, Jack and others},
  booktitle={International conference on machine learning},
  pages={8748--8763},
  year={2021},
  organization={PMLR}
}


@inproceedings{deng2019accurate,
  title={Accurate 3d face reconstruction with weakly-supervised learning: From single image to image set},
  author={Deng, Yu and Yang, Jiaolong and Xu, Sicheng and Chen, Dong and Jia, Yunde and Tong, Xin},
  booktitle={Proceedings of the IEEE/CVF conference on computer vision and pattern recognition workshops},
  pages={0--0},
  year={2019}
}

@inproceedings{ding2023diffusionrig,
  title={Diffusionrig: Learning personalized priors for facial appearance editing},
  author={Ding, Zheng and Zhang, Xuaner and Xia, Zhihao and Jebe, Lars and Tu, Zhuowen and Zhang, Xiuming},
  booktitle={Proceedings of the IEEE/CVF Conference on Computer Vision and Pattern Recognition},
  pages={12736--12746},
  year={2023}
}

@inproceedings{zhao2022thin,
  title={Thin-plate spline motion model for image animation},
  author={Zhao, Jian and Zhang, Hui},
  booktitle={Proceedings of the IEEE/CVF Conference on Computer Vision and Pattern Recognition},
  pages={3657--3666},
  year={2022}
}

@inproceedings{zeng2023face,
  title={Face animation with an attribute-guided diffusion model},
  author={Zeng, Bohan and Liu, Xuhui and Gao, Sicheng and Liu, Boyu and Li, Hong and Liu, Jianzhuang and Zhang, Baochang},
  booktitle={Proceedings of the IEEE/CVF Conference on Computer Vision and Pattern Recognition},
  pages={628--637},
  year={2023}
}

@inproceedings{bounareli2023hyperreenact,
  title={Hyperreenact: one-shot reenactment via jointly learning to refine and retarget faces},
  author={Bounareli, Stella and Tzelepis, Christos and Argyriou, Vasileios and Patras, Ioannis and Tzimiropoulos, Georgios},
  booktitle={Proceedings of the IEEE/CVF International Conference on Computer Vision},
  pages={7149--7159},
  year={2023}
}

@article{gal2022image,
  title={An image is worth one word: Personalizing text-to-image generation using textual inversion},
  author={Gal, Rinon and Alaluf, Yuval and Atzmon, Yuval and Patashnik, Or and Bermano, Amit H and Chechik, Gal and Cohen-Or, Daniel},
  journal={arXiv preprint arXiv:2208.01618},
  year={2022}
}

@inproceedings{ruiz2023dreambooth,
  title={Dreambooth: Fine tuning text-to-image diffusion models for subject-driven generation},
  author={Ruiz, Nataniel and Li, Yuanzhen and Jampani, Varun and Pritch, Yael and Rubinstein, Michael and Aberman, Kfir},
  booktitle={Proceedings of the IEEE/CVF conference on computer vision and pattern recognition},
  pages={22500--22510},
  year={2023}
}

@article{guo2023ldfnet,
  title={LDFNet: Lightweight dynamic fusion network for face forgery detection by integrating local artifacts and global texture information},
  author={Guo, Zhiqing and Wang, Liejun and Yang, Wenzhong and Yang, Gaobo and Li, Keqin},
  journal={IEEE Transactions on Circuits and Systems for Video Technology},
  volume={34},
  number={2},
  pages={1255--1265},
  year={2023},
  publisher={IEEE}
}

@article{zhang2024face,
  title={Face forgery detection via multi-feature fusion and local enhancement},
  author={Zhang, Dengyong and Chen, Jiahao and Liao, Xin and Li, Feng and Chen, Jiaxin and Yang, Gaobo},
  journal={IEEE Transactions on Circuits and Systems for Video Technology},
  year={2024},
  publisher={IEEE}
}

@article{zhang2023bi,
  title={Bi-source Reconstruction based Classification Network for Face Forgery Video Detection},
  author={Zhang, Dongming and Fu, Chenqin and Lu, Dingyu and Li, Jun and Zhang, Yongdong},
  journal={IEEE Transactions on Circuits and Systems for Video Technology},
  year={2023},
  publisher={IEEE}
}

@article{yu2024distilling,
  title={Distilling Multi-level Semantic Cues across Multi-modalities for Face Forgery Detection},
  author={Yu, Lingyun and Xie, Tian and Liu, Chuanbin and Jin, Guoqing and Ding, Zhiguo and Xie, Hongtao},
  journal={IEEE Transactions on Circuits and Systems for Video Technology},
  year={2024},
  publisher={IEEE}
}

@article{tu2021image,
  title={Image-to-video generation via 3D facial dynamics},
  author={Tu, Xiaoguang and Zou, Yingtian and Zhao, Jian and Ai, Wenjie and Dong, Jian and Yao, Yuan and Wang, Zhikang and Guo, Guodong and Li, Zhifeng and Liu, Wei and others},
  journal={IEEE Transactions on Circuits and Systems for Video Technology},
  volume={32},
  number={4},
  pages={1805--1819},
  year={2021},
  publisher={IEEE}
}

@article{xin2023learning,
  title={Learning a High Fidelity Identity Representation for Face Frontalization},
  author={Xin, Jingwei and Wei, Zikai and Wang, Nannan and Li, Jie and Wang, Xiaoyu and Gao, Xinbo},
  journal={IEEE Transactions on Circuits and Systems for Video Technology},
  volume={33},
  number={11},
  pages={6952--6964},
  year={2023},
  publisher={IEEE}
}

@article{zhu2024dfie3d,
  title={DFIE3D: 3D-aware disentangled face inversion and editing via facial-contrastive learning},
  author={Zhu, Xiaoqiang and Zhou, Jiayu and You, Lihua and Yang, Xiaosong and Chang, Jian and Zhang, Jian Jun and Zeng, Dan},
  journal={IEEE Transactions on Circuits and Systems for Video Technology},
  year={2024},
  publisher={IEEE}
}

@article{taha2020learned,
  title={Learned 3D shape representations using fused geometrically augmented images: Application to facial expression and action unit detection},
  author={Taha, Bilal and Hayat, Munawar and Berretti, Stefano and Hatzinakos, Dimitrios and Werghi, Naoufel},
  journal={IEEE Transactions on Circuits and Systems for Video Technology},
  volume={30},
  number={9},
  pages={2900--2916},
  year={2020},
  publisher={IEEE}
}

@article{ye2023ip,
  title={Ip-adapter: Text compatible image prompt adapter for text-to-image diffusion models},
  author={Ye, Hu and Zhang, Jun and Liu, Sibo and Han, Xiao and Yang, Wei},
  journal={arXiv preprint arXiv:2308.06721},
  year={2023}
}

@article{wang2024instantid,
  title={Instantid: Zero-shot identity-preserving generation in seconds},
  author={Wang, Qixun and Bai, Xu and Wang, Haofan and Qin, Zekui and Chen, Anthony and Li, Huaxia and Tang, Xu and Hu, Yao},
  journal={arXiv preprint arXiv:2401.07519},
  year={2024}
}

@article{gao2024adaptive,
  title={Adaptive Conditional Denoising Diffusion Model with Hybrid Affinity Regularizer for Generalized Zero-shot Learning},
  author={Gao, Mengyu and Dong, Qiulei},
  journal={IEEE Transactions on Circuits and Systems for Video Technology},
  year={2024},
  publisher={IEEE}
}

@article{yan2023towards,
  title={Towards high-quality hdr deghosting with conditional diffusion models},
  author={Yan, Qingsen and Hu, Tao and Sun, Yuan and Tang, Hao and Zhu, Yu and Dong, Wei and Van Gool, Luc and Zhang, Yanning},
  journal={IEEE Transactions on Circuits and Systems for Video Technology},
  year={2023},
  publisher={IEEE}
}

@article{huang2024detail,
  title={Detail-Preserving Diffusion Models for Low-Light Image Enhancement},
  author={Huang, Yan and Liao, Xiaoshan and Liang, Jinxiu and Shi, Boxin and Xu, Yong and Le Callet, Patrick},
  journal={IEEE Transactions on Circuits and Systems for Video Technology},
  year={2024},
  publisher={IEEE}
}

@article{que2024denoising,
  title={Denoising Diffusion Probabilistic Model for Face Sketch-to-Photo Synthesis},
  author={Que, Yue and Xiong, Li and Wan, Weiguo and Xia, Xue and Liu, Zhiwei},
  journal={IEEE Transactions on Circuits and Systems for Video Technology},
  year={2024},
  publisher={IEEE}
}

@article{papa2024d4d,
  title={D4D: An RGBD diffusion model to boost monocular depth estimation},
  author={Papa, Lorenzo and Russo, Paolo and Amerini, Irene},
  journal={IEEE Transactions on Circuits and Systems for Video Technology},
  year={2024},
  publisher={IEEE}
}

@article{kang2024image,
  title={Image intrinsic components guided conditional diffusion model for low-light image enhancement},
  author={Kang, Sicong and Gao, Shuaibo and Wu, Wenhui and Wang, Xu and Wang, Shuoyao and Qiu, Guoping},
  journal={IEEE Transactions on Circuits and Systems for Video Technology},
  year={2024},
  publisher={IEEE}
}

@article{huang2024interactive,
  title={Interactive Generative Adversarial Networks with High-Frequency Compensation for Facial Attribute Editing},
  author={Huang, Wenmin and Luo, Weiqi and Cao, Xiaochun and Huang, Jiwu},
  journal={IEEE Transactions on Circuits and Systems for Video Technology},
  year={2024},
  publisher={IEEE}
}

@article{li2024toward,
  title={Toward Open-World Text-Driven Face Generation and Manipulation via StyleGAN3},
  author={Li, Zonglin and Zhang, Zhaoxin and Liu, Peiqiang and Liu, Qinglin and Sun, Xin},
  journal={IEEE Transactions on Circuits and Systems for Video Technology},
  year={2024},
  publisher={IEEE}
}


@article{zhou2022hrinversion,
  title={HRInversion: High-resolution GAN inversion for cross-domain image synthesis},
  author={Zhou, Peng and Xie, Lingxi and Ni, Bingbing and Liu, Lin and Tian, Qi},
  journal={IEEE Transactions on Circuits and Systems for Video Technology},
  volume={33},
  number={5},
  pages={2147--2161},
  year={2022},
  publisher={IEEE}
}

@inproceedings{patashnik2021styleclip,
  title={Styleclip: Text-driven manipulation of stylegan imagery},
  author={Patashnik, Or and Wu, Zongze and Shechtman, Eli and Cohen-Or, Daniel and Lischinski, Dani},
  booktitle={Proceedings of the IEEE/CVF international conference on computer vision},
  pages={2085--2094},
  year={2021}
}

@inproceedings{kim2022diffusionclip,
  title={Diffusionclip: Text-guided diffusion models for robust image manipulation},
  author={Kim, Gwanghyun and Kwon, Taesung and Ye, Jong Chul},
  booktitle={Proceedings of the IEEE/CVF conference on computer vision and pattern recognition},
  pages={2426--2435},
  year={2022}
}


@article{xu2024ootdiffusion,
  title={Ootdiffusion: Outfitting fusion based latent diffusion for controllable virtual try-on},
  author={Xu, Yuhao and Gu, Tao and Chen, Weifeng and Chen, Chengcai},
  journal={arXiv preprint arXiv:2403.01779},
  year={2024}
}