@article{3DGS,
  title="3d gaussian splatting for real-time radiance field rendering.",
  author="Kerbl, Bernhard and Kopanas, Georgios and Leimk{\"u}hler, Thomas and Drettakis, George",
  journal="ACM Trans. Graph.",
  volume="42",
  number="4",
  pages="139--1",
  year="2023"
}

@inproceedings{4dgaussian,
  title="4d gaussian splatting for real-time dynamic scene rendering",
  author="Wu, Guanjun and Yi, Taoran and Fang, Jiemin and Xie, Lingxi and Zhang, Xiaopeng and Wei, Wei and Liu, Wenyu and Tian, Qi and Wang, Xinggang",
  booktitle="Proceedings of the IEEE/CVF Conference on Computer Vision and Pattern Recognition",
  pages="20310--20320",
  year="2024"
}

@inproceedings{dnerf,
  title="D-nerf: Neural radiance fields for dynamic scenes",
  author="Pumarola, Albert and Corona, Enric and Pons-Moll, Gerard and Moreno-Noguer, Francesc",
  booktitle="Proceedings of the IEEE/CVF Conference on Computer Vision and Pattern Recognition",
  pages="10318--10327",
  year="2021"
}

@inproceedings{kplane,
  title="K-planes: Explicit radiance fields in space, time, and appearance",
  author="Fridovich-Keil, Sara and Meanti, Giacomo and Warburg, Frederik Rahb{\ae}k and Recht, Benjamin and Kanazawa, Angjoo",
  booktitle="Proceedings of the IEEE/CVF Conference on Computer Vision and Pattern Recognition",
  pages="12479--12488",
  year="2023"
}

@inproceedings{mip360,
  title="Mip-nerf 360: Unbounded anti-aliased neural radiance fields",
  author="Barron, Jonathan T and Mildenhall, Ben and Verbin, Dor and Srinivasan, Pratul P and Hedman, Peter",
  booktitle="Proceedings of the IEEE/CVF conference on computer vision and pattern recognition",
  pages="5470--5479",
  year="2022"
}

@article{nerf,
  title="Nerf: Representing scenes as neural radiance fields for view synthesis",
  author="Mildenhall, Ben and Srinivasan, Pratul P and Tancik, Matthew and Barron, Jonathan T and Ramamoorthi, Ravi and Ng, Ren",
  journal="Communications of the ACM",
  volume="65",
  number="1",
  pages="99--106",
  year="2021",
  publisher="ACM New York, NY, USA"
}

