@inproceedings{Berger:survey,
  title="A survey of surface reconstruction from point clouds",
  author="Berger, Matthew and Tagliasacchi, Andrea and Seversky, Lee M and Alliez, Pierre and Guennebaud, Gael and Levine, Joshua A and Sharf, Andrei and Silva, Claudio T",
  booktitle="Computer graphics forum",
  volume="36",
  pages="301--329",
  year="2017",
  organization="Wiley Online Library"
}

@inproceedings{xie2022neural,
  title="Neural fields in visual computing and beyond",
  author="Xie, Yiheng and Takikawa, Towaki and Saito, Shunsuke and Litany, Or and Yan, Shiqin and Khan, Numair and Tombari, Federico and Tompkin, James and Sitzmann, Vincent and Sridhar, Srinath",
  booktitle="Computer Graphics Forum",
  volume="41",
  pages="641--676",
  year="2022",
  organization="Wiley Online Library"
}

@article{nerf,
  title="Nerf: Representing scenes as neural radiance fields for view synthesis",
  author="Mildenhall, Ben and Srinivasan, Pratul P and Tancik, Matthew and Barron, Jonathan T and Ramamoorthi, Ravi and Ng, Ren",
  journal="Communications of the ACM",
  volume="65",
  number="1",
  pages="99--106",
  year="2021",
  publisher="ACM New York, NY, USA"
}
@inproceedings{dnerf,
  title="D-nerf: Neural radiance fields for dynamic scenes",
  author="Pumarola, Albert and Corona, Enric and Pons-Moll, Gerard and Moreno-Noguer, Francesc",
  booktitle="Proceedings of the IEEE/CVF Conference on Computer Vision and Pattern Recognition",
  pages="10318--10327",
  year="2021"
}

@inproceedings{kplane,
  title="K-planes: Explicit radiance fields in space, time, and appearance",
  author="Fridovich-Keil, Sara and Meanti, Giacomo and Warburg, Frederik Rahb{\ae}k and Recht, Benjamin and Kanazawa, Angjoo",
  booktitle="Proceedings of the IEEE/CVF Conference on Computer Vision and Pattern Recognition",
  pages="12479--12488",
  year="2023"
}


@inproceedings{genn2n,
  title="GenN2N: Generative NeRF2NeRF Translation",
  author="Liu, Xiangyue and Xue, Han and Luo, Kunming and Tan, Ping and Yi, Li",
  booktitle="Proceedings of the IEEE/CVF Conference on Computer Vision and Pattern Recognition",
  pages="5105--5114",
  year="2024"
}

@article{dreamfusion,
  title="Dreamfusion: Text-to-3d using 2d diffusion",
  author="Poole, Ben and Jain, Ajay and Barron, Jonathan T and Mildenhall, Ben",
  journal="arXiv preprint arXiv:2209.14988",
  year="2022"
}

@inproceedings{nerfediting,
  title="Nerf-editing: geometry editing of neural radiance fields",
  author="Yuan, Yu-Jie and Sun, Yang-Tian and Lai, Yu-Kun and Ma, Yuewen and Jia, Rongfei and Gao, Lin",
  booktitle="Proceedings of the IEEE/CVF Conference on Computer Vision and Pattern Recognition",
  pages="18353--18364",
  year="2022"
}

@article{dmnerf,
  title="Dm-nerf: 3d scene geometry decomposition and manipulation from 2d images",
  author="Wang, Bing and Chen, Lu and Yang, Bo",
  journal="arXiv preprint arXiv:2208.07227",
  year="2022"
}

@article{bajcsy1988active,
  title="Active perception",
  author="Bajcsy, Ruzena",
  journal="Proceedings of the IEEE",
  volume="76",
  number="8",
  pages="966--1005",
  year="1988",
  publisher="IEEE"
}

@article{aloimonos1988active,
  title="Active vision",
  author="Aloimonos, John and Weiss, Isaac and Bandyopadhyay, Amit",
  journal="International journal of computer vision",
  volume="1",
  pages="333--356",
  year="1988",
  publisher="Springer"
}

@article{Quality-driven,
    author = "Wu, Shihao and Sun, Wei and Long, Pinxin and Huang, Hui and Cohen-Or, Daniel and Gong, Minglun and Deussen, Oliver and Chen, Baoquan",
    title = "Quality-driven poisson-guided autoscanning",
    year = "2014",
    publisher = "Association for Computing Machinery",
    volume = "33",
    journal = "ACM Trans. Graph."
}

@article{active,
  title="Active object reconstruction using a guided view planner",
  author="Yang, Xin and Wang, Yuanbo and Wang, Yaru and Yin, Baocai and Zhang, Qiang and Wei, Xiaopeng and Fu, Hongbo",
  journal="arXiv preprint arXiv:1805.03081",
  year="2018"
}

@inproceedings{iNeRF,
  author="Yen-Chen, Lin and Florence, Pete and Barron, Jonathan T. and Rodriguez, Alberto and Isola, Phillip and Lin, Tsung-Yi",
  booktitle="2021 IEEE/RSJ International Conference on Intelligent Robots and Systems (IROS)", 
  title="iNeRF: Inverting Neural Radiance Fields for Pose Estimation",
  year="2021",
  volume="",
  number="",
  pages="1323-1330"
}

@inproceedings{RealTimeView,
  author="Hedman, Peter and Srinivasan, Pratul P. and Mildenhall, Ben and Barron, Jonathan T. and Debevec, Paul",
  booktitle="2021 IEEE/CVF International Conference on Computer Vision (ICCV)", 
  title="Baking Neural Radiance Fields for Real-Time View Synthesis",
  year="2021",
  pages="5855-5864"
}
@inproceedings{efficientNeRF,
  title="Efficient Neural Radiance Fields for Interactive Free-viewpoint Video",
  author="Lin, Haotong and Peng, Sida and Xu, Zhen and Yan, Yunzhi and Shuai, Qing and Bao, Hujun and Zhou, Xiaowei",
  booktitle="SIGGRAPH Asia 2022 Conference Papers",
  pages="1--9",
  year="2022"
}
@inproceedings{RenderingRealTime,
  author="Wang, Liao and Zhang, Jiakai and Liu, Xinhang and Zhao, Fuqiang and Zhang, Yanshun and Zhang, Yingliang and Wu, Minve and Yu, Jingyi and Xu, Lan",
  booktitle="2022 IEEE/CVF Conference on Computer Vision and Pattern Recognition (CVPR)", 
  title="Fourier PlenOctrees for Dynamic Radiance Field Rendering in Real-time",
  year="2022",
  pages="13514-13524"
}
@inproceedings{learningRealtime,
  author="Wan, Ziyu and Richardt, Christian and Božič, Aljaž and Li, Chao and Rengarajan, Vijay and Nam, Seonghyeon and Xiang, Xiaoyu and Li, Tuotuo and Zhu, Bo and Ranjan, Rakesh and Liao, Jing",
  booktitle="2023 IEEE/CVF Conference on Computer Vision and Pattern Recognition (CVPR)", 
  title="Learning Neural Duplex Radiance Fields for Real-Time View Synthesis", 
  year="2023",
  pages="8307-8316"
}
@inproceedings{mobilenerf,
  author="Chen, Zhiqin and Funkhouser, Thomas and Hedman, Peter and Tagliasacchi, Andrea",
  booktitle="2023 IEEE/CVF Conference on Computer Vision and Pattern Recognition (CVPR)", 
  title="MobileNeRF: Exploiting the Polygon Rasterization Pipeline for Efficient Neural Field Rendering on Mobile Architectures",
  year="2023",
  pages="16569-16578"
}
@article{nerfbridge,
  title="NerfBridge: Bringing Real-time, Online Neural Radiance Field Training to Robotics",
  author="Yu, Javier and Low, Jun En and Nagami, Keiko and Schwager, Mac",
  journal="arXiv preprint arXiv:2305.09761",
  year="2023"
}
@article{NeRF-Navigation,
  author="Adamkiewicz, Michal and Chen, Timothy and Caccavale, Adam and Gardner, Rachel and Culbertson, Preston and Bohg, Jeannette and Schwager, Mac",
  journal="IEEE Robotics and Automation Letters", 
  title="Vision-Only Robot Navigation in a Neural Radiance World",
  year="2022",
  volume="7",
  number="2",
  pages="4606-4613"
}
@article{ravi2024sam2,
  title="SAM 2: Segment Anything in Images and Videos",
  author="Ravi, Nikhila and Gabeur, Valentin and Hu, Yuan-Ting and Hu, Ronghang and Ryali, Chaitanya and Ma, Tengyu and Khedr, Haitham and R{\"a}dle, Roman and Rolland, Chloe and Gustafson, Laura and Mintun, Eric and Pan, Junting and Alwala, Kalyan Vasudev and Carion, Nicolas and Wu, Chao-Yuan and Girshick, Ross and Doll{\'a}r, Piotr and Feichtenhofer, Christoph",
  journal="arXiv preprint arXiv:2408.00714",
  url="https://arxiv.org/abs/2408.00714",
  year="2024"
}
@article{ngp,
  title="Instant neural graphics primitives with a multiresolution hash encoding",
  author="M{\"u}ller, Thomas and Evans, Alex and Schied, Christoph and Keller, Alexander",
  journal="ACM transactions on graphics (TOG)",
  volume="41",
  number="4",
  pages="1--15",
  year="2022",
  publisher="ACM New York, NY, USA"
}

@inproceedings{mip360,
  title="Mip-nerf 360: Unbounded anti-aliased neural radiance fields",
  author="Barron, Jonathan T and Mildenhall, Ben and Verbin, Dor and Srinivasan, Pratul P and Hedman, Peter",
  booktitle="Proceedings of the IEEE/CVF conference on computer vision and pattern recognition",
  pages="5470--5479",
  year="2022"
}

@inproceedings{kplanes,
  title="K-planes: Explicit radiance fields in space, time, and appearance",
  author="Fridovich-Keil, Sara and Meanti, Giacomo and Warburg, Frederik Rahb{\ae}k and Recht, Benjamin and Kanazawa, Angjoo",
  booktitle="Proceedings of the IEEE/CVF Conference on Computer Vision and Pattern Recognition",
  pages="12479--12488",
  year="2023"
}

@article{sam2,
  title="Sam 2: Segment anything in images and videos",
  author="Ravi, Nikhila and Gabeur, Valentin and Hu, Yuan-Ting and Hu, Ronghang and Ryali, Chaitanya and Ma, Tengyu and Khedr, Haitham and R{\"a}dle, Roman and Rolland, Chloe and Gustafson, Laura and others",
  journal="arXiv preprint arXiv:2408.00714",
  year="2024"
}
@article{colmap,
  title="ColMap: A memory-efficient occupancy grid mapping framework",
  author="Fisher, Alex and Cannizzaro, Ricardo and Cochrane, Madeleine and Nagahawatte, Chatura and Palmer, Jennifer L",
  journal="Robotics and Autonomous Systems",
  volume="142",
  pages="103755",
  year="2021",
  publisher="Elsevier"
}

@article{adam,
  title="Adam: A METHOD FOR STOCHASTIC OPTIMIZATION",
  author="Kingma, Diederik P and Ba, Jimmy",
  journal="arXiv preprint arXiv:1412.6980",
  year="2014"
}

@article{pytorch,
  title="PyTorch: An Imperative Style, High-Performance Deep Learning Library",
  author="Paszke, Adam and Gross, Sam and Massa, Francisco and Lerer, Adam and Bradbury, James and Chanan, Gregory and Killeen, Trevor and Lin, Zeming and Gimelshein, Natalia and Antiga, Luca and others",
  journal="Advances in neural information processing systems",
  volume="32",
  year="2019"
}

@article{3DGS,
  title="3d gaussian splatting for real-time radiance field rendering.",
  author="Kerbl, Bernhard and Kopanas, Georgios and Leimk{\"u}hler, Thomas and Drettakis, George",
  journal="ACM Trans. Graph.",
  volume="42",
  number="4",
  pages="139--1",
  year="2023"
}

@inproceedings{dy3dgs,
  title="Dynamic 3d gaussians: Tracking by persistent dynamic view synthesis",
  author="Luiten, Jonathon and Kopanas, Georgios and Leibe, Bastian and Ramanan, Deva",
  booktitle="2024 International Conference on 3D Vision (3DV)",
  pages="800--809",
  year="2024",
  organization="IEEE"
}



@inproceedings{psnr,
  author="Zhang, Richard and Isola, Phillip and Efros, Alexei A. and Shechtman, Eli and Wang, Oliver",
  booktitle="2018 IEEE/CVF Conference on Computer Vision and Pattern Recognition", 
  title="The Unreasonable Effectiveness of Deep Features as a Perceptual Metric",
  year="2018",
  pages="586-595"
}
@article{ssim,
  title="Image Quality Assessment: From Error Visibility to Structural Similarity",
  author="Wang, Zhou and Bovik, Alan C and Sheikh, Hamid R and Simoncelli, Eero P",
  journal="IEEE transactions on image processing",
  volume="13",
  number="4",
  pages="600--612",
  year="2004"
}

@inproceedings{lpips,
  title="The unreasonable effectiveness of deep features as a perceptual metric",
  author="Zhang, Richard and Isola, Phillip and Efros, Alexei A and Shechtman, Eli and Wang, Oliver",
  booktitle="Proceedings of the IEEE conference on computer vision and pattern recognition",
  pages="586--595",
  year="2018"
}

@article{vr,
  title="Virtual reality",
  author="Wohlgenannt, Isabell and Simons, Alexander and Stieglitz, Stefan",
  journal="Business \& Information Systems Engineering",
  volume="62",
  pages="455--461",
  year="2020",
  publisher="Springer"
}

@article{embodiedAI,
  title="Computing machinery and intelligence-AM Turing",
  author="Machinery, Computing",
  journal="Mind",
  volume="59",
  number="236",
  pages="433",
  year="1950"
}

@misc{AR,
  title="AR at boeing",
  author="Caudell, Tom",
  journal="2002-07-10 [2014-11-02]. ht-tp://www, idemployee, id. tue. nl/gwm rauterberg/presenta-tions/hci-history/sld096, htm",
  year="1990"
}

@article{gaming,
  title="The rehabilitation gaming system: a review",
  author="Cameir{\~a}o, M{\'o}nica S and Berm{\'u}dez i Badia, Sergi and Duarte Oller, Esther and Verschure, Paul FMJ",
  journal="Advanced Technologies in Rehabilitation",
  pages="65--83",
  year="2009",
  publisher="IOS Press"
}

@inproceedings{4dgaussian,
  title="4d gaussian splatting for real-time dynamic scene rendering",
  author="Wu, Guanjun and Yi, Taoran and Fang, Jiemin and Xie, Lingxi and Zhang, Xiaopeng and Wei, Wei and Liu, Wenyu and Tian, Qi and Wang, Xinggang",
  booktitle="Proceedings of the IEEE/CVF Conference on Computer Vision and Pattern Recognition",
  pages="20310--20320",
  year="2024"
}