@inproceedings{Comsa,
  author       = {Iulia M. Comsa and
                  Julian Martin Eisenschlos and
                  Srini Narayanan},
  title        = {MiQA: {A} Benchmark for Inference on Metaphorical Questions},
  booktitle    = {Proceedings of the 2nd Conference of the Asia-Pacific Chapter of the
                  Association for Computational Linguistics and the 12th International
                  Joint Conference on Natural Language Processing, {AACL/IJCNLP} 2022
                  - Volume 2: Short Papers, Online only, November 20-23, 2022},
  pages        = {373--381},
  publisher    = {Association for Computational Linguistics},
  year         = {2022},
}

@inproceedings{Hicke,
  author       = {Rebecca M. M. Hicke and
                  Ross Deans Kristensen{-}McLachlan},
  title        = {{SCIENCE} {IS} {EXPLORATION:} Computational Frontiers for Conceptual
                  Metaphor Theory},
  booktitle    = {Proceedings of the Computational Humanities Research Conference 2024,
                  Aarhus, Denmark, December 4-6, 2024},
  series       = {{CEUR} Workshop Proceedings},
  volume       = {3834},
  pages        = {1105--1116},
  publisher    = {CEUR-WS.org},
  year         = {2024},
}

@inproceedings{ape,
  author       = {Yongchao Zhou and
                  Andrei Ioan Muresanu and
                  Ziwen Han and
                  Keiran Paster and
                  Silviu Pitis and
                  Harris Chan and
                  Jimmy Ba},
  title        = {Large Language Models are Human-Level Prompt Engineers},
  booktitle    = {International Conference on Learning Representations (ICLR)},
  year         = {2023},
}

@inproceedings{brown2020language,
  author       = {Tom B. Brown and Benjamin Mann and Nick Ryder and Melanie Subbiah and Jared Kaplan and Prafulla Dhariwal and Arvind Neelakantan and Pranav Shyam and Girish Sastry and Amanda Askell and Sandhini Agarwal and Ariel Herbert-Voss and Gretchen Krueger and Tom Henighan and Rewon Child and Aditya Ramesh and Daniel M. Ziegler and Jeffrey Wu and Clemens Winter and Christopher Hesse and Mark Chen and Eric Sigler and Mateusz Litwin and Scott Gray and Benjamin Chess and Jack Clark and Christopher Berner and Sam McCandlish and Alec Radford and Ilya Sutskever and Dario Amodei},
 pages = {24824--24837},
  title        = {Language Models are Few-Shot Learners},
  booktitle    = {Neural Information Processing Systems (NeurIPS)},
volume = {35},
 year = {2022}
}
{2022}
}

@inproceedings{cp,
  author       = {Oliver Kramer and Jill Baumann},
  title        = {Unlocking Structured Thinking in Language Models with Cognitive Prompting},
  booktitle    = {European Symposium on Artificial Neural Networks - {ESANN}},
  year         = {2025},
  pages = {1-6}
}

@inproceedings{opro,
title={Large Language Models as Optimizers},
author={Chengrun Yang and Xuezhi Wang and Yifeng Lu and Hanxiao Liu and Quoc V Le and Denny Zhou and Xinyun Chen},
booktitle={International Conference on Learning Representations (ICLR)},
year={2024},
}

@article{promptbreeder2022,
  author       = {Chrisantha Fernando and Dylan Banarse and Henryk Michalewski and Simon Osindero and Tim Rockt√§schel},
  title        = {Promptbreeder: Self-Referential Self-Improvement Via Prompt Evolution},
  journal    = {Neural Information Processing Systems (NeurIPS) Workshop},
  year         = {2023}
}

@inproceedings{prystawski2023psychologically,
  author    = {Ben Prystawski and Paul Thibodeau and Christopher Potts and Noah D. Goodman},
  title     = {Psychologically-Informed Chain-of-Thought Prompts for Metaphor Understanding in Large Language Models},
  booktitle = {Proceedings of the 45th Annual Conference of the Cognitive Science Society (CogSci 2023)},
  year      = {2023}
}

@inproceedings{tree,
  author       = {Shunyu Yao and
                  Dian Yu and
                  Jeffrey Zhao and
                  Izhak Shafran and
                  Tom Griffiths and
                  Yuan Cao and
                  Karthik Narasimhan},

  title        = {Tree of Thoughts: Deliberate Problem Solving with Large Language Models},
  booktitle    = {Neural Information Processing Systems (NeurIPS)},
pages = {11809--11822},
volume = {36},
  year         = {2023},
}

@inproceedings{wei2022chain,
  author       = {Jason Wei and
                  Xuezhi Wang and
                  Dale Schuurmans and
                  Maarten Bosma and
                  Brian Ichter and
                  Fei Xia and
                  Ed H. Chi and
                  Quoc V. Le and
                  Denny Zhou},
  title        = {Chain-of-Thought Prompting Elicits Reasoning in Large Language Models},
  booktitle    = {Neural Information Processing Systems (NeurIPS) Workshop},
pages = {24824--24837},
volume = {35},
  year         = {2022},
}

@inproceedings{yao2022react,
  author       = {Shunyu Yao and Jeffrey Zhao and Dian Yu and Nan Du and Izhak Shafran and Karthik R. Narasimhan and Yuan Cao},
  title        = {ReAct: Synergizing Reasoning and Acting in Language Models},
  booktitle    = {International Conference on Learning Representations (ICLR)},
  year         = {2023}
}

