@inproceedings{brown2020language,
  author       = {Tom B. Brown and Benjamin Mann and Nick Ryder and Melanie Subbiah and Jared Kaplan and Prafulla Dhariwal and Arvind Neelakantan and Pranav Shyam and Girish Sastry and Amanda Askell and Sandhini Agarwal and Ariel Herbert-Voss and Gretchen Krueger and Tom Henighan and Rewon Child and Aditya Ramesh and Daniel M. Ziegler and Jeffrey Wu and Clemens Winter and Christopher Hesse and Mark Chen and Eric Sigler and Mateusz Litwin and Scott Gray and Benjamin Chess and Jack Clark and Christopher Berner and Sam McCandlish and Alec Radford and Ilya Sutskever and Dario Amodei},
 pages = {24824--24837},
  title        = {Language Models are Few-Shot Learners},
  booktitle    = {Neural Information Processing Systems (NeurIPS)},
volume = {35},
 year = {2022}
}
{2022}
}


@inproceedings{cp,
  author       = {Oliver Kramer and Jill Baumann},
  title        = {Unlocking Structured Thinking in Language Models with Cognitive Prompting},
  booktitle    = {European Symposium on Artificial Neural Networks - {ESANN}},
  year         = {2025},
  pages = {1-6}
}


@inproceedings{wei2022chain,
  author       = {Jason Wei and
                  Xuezhi Wang and
                  Dale Schuurmans and
                  Maarten Bosma and
                  Brian Ichter and
                  Fei Xia and
                  Ed H. Chi and
                  Quoc V. Le and
                  Denny Zhou},
  title        = {Chain-of-Thought Prompting Elicits Reasoning in Large Language Models},
  booktitle    = {Neural Information Processing Systems (NeurIPS) Workshop},
pages = {24824--24837},
volume = {35},
  year         = {2022},
}

@inproceedings{yao2022react,
  author       = {Shunyu Yao and Jeffrey Zhao and Dian Yu and Nan Du and Izhak Shafran and Karthik R. Narasimhan and Yuan Cao},
  title        = {ReAct: Synergizing Reasoning and Acting in Language Models},
  booktitle    = {International Conference on Learning Representations (ICLR)},
  year         = {2023}
}

@article{promptbreeder2022,
  author       = {Chrisantha Fernando and Dylan Banarse and Henryk Michalewski and Simon Osindero and Tim Rocktäschel},
  title        = {Promptbreeder: Self-Referential Self-Improvement Via Prompt Evolution},
  journal    = {Neural Information Processing Systems (NeurIPS) Workshop},
  year         = {2023}
}



@inproceedings{ape,
  author       = {Yongchao Zhou and
                  Andrei Ioan Muresanu and
                  Ziwen Han and
                  Keiran Paster and
                  Silviu Pitis and
                  Harris Chan and
                  Jimmy Ba},
  title        = {Large Language Models are Human-Level Prompt Engineers},
  booktitle    = {International Conference on Learning Representations (ICLR)},
  year         = {2023},
}


@misc{white2023promptpatterncatalogenhance,
  author       = {Jules White and Quchen Fu and Sam Hays and Michael Sandborn and Carlos Olea and Henry Gilbert and Ashraf Elnashar and Jesse Spencer-Smith and Douglas C. Schmidt},
  title        = {A Prompt Pattern Catalog to Enhance Prompt Engineering with ChatGPT},
  year         = {2023}
}


@inproceedings{wang2023self,
title={Self-Consistency Improves Chain of Thought Reasoning in Language Models},
author={Xuezhi Wang and Jason Wei and Dale Schuurmans and Quoc V Le and Ed H. Chi and Sharan Narang and Aakanksha Chowdhery and Denny Zhou},
booktitle={International Conference on Learning Representations (ICLR)},
year={2023},
}


@inproceedings{opro,
title={Large Language Models as Optimizers},
author={Chengrun Yang and Xuezhi Wang and Yifeng Lu and Hanxiao Liu and Quoc V Le and Denny Zhou and Xinyun Chen},
booktitle={International Conference on Learning Representations (ICLR)},
year={2024},
}


@inproceedings{rag,
  author       = {Patrick S. H. Lewis and Ethan Perez and Aleksandra Piktus and Fabio Petroni and Vladimir Karpukhin and Naman Goyal and Heinrich K{\"{u}}ttler and Mike Lewis and Wen{-}tau Yih and Tim Rockt{\"{a}}schel and Sebastian Riedel and Douwe Kiela},
  title        = {Retrieval-Augmented Generation for Knowledge-Intensive {NLP} Tasks},
  booktitle    = {Neural Information Processing Systems (NeurIPS)},
  pages = {9459--9474},
  volume = {33},
  year         = {2020}
}

@book{vygotsky1987,
  title={The Collected Works of L. S. Vygotsky: Problems of the Theory and History of Psychology},
  author={Vygotsky, Lev},
  year={1987},
  publisher={Springer}
}

@book{luria1965,
  title={Speech and the Development of Mental Processes in the Child},
  author={Luria, Alexander},
  year={1965},
  publisher={Staples Press}
}

@article{alderson2015,
  title={Inner speech: Development, cognitive functions, phenomenology},
  author={Alderson-Day, Ben and Fernyhough, Charles},
  journal={Psychological Bulletin},
  volume={141},
  number={5},
  pages={931-965},
  year={2015},
  publisher={American Psychological Association}
}



@misc{llama,
      title={LLaMA: Open and Efficient Foundation Language Models}, 
      author={Hugo Touvron and Thibaut Lavril and Gautier Izacard and Xavier Martinet and Marie-Anne Lachaux and Timothée Lacroix and Baptiste Rozière and Naman Goyal and Eric Hambro and Faisal Azhar and Aurelien Rodriguez and Armand Joulin and Edouard Grave and Guillaume Lample},
      year={2023},
      eprint={2302.13971},
      archivePrefix={arXiv},
      primaryClass={cs.CL},
}


@inproceedings{dept,
  author       = {Zhengxiang Shi and Aldo Lipani},
  title        = {DePT: Decomposed Prompt Tuning for Parameter-Efficient Fine-tuning},
  booktitle    = {International Conference on Learning Representations (ICLR)},
  year         = {2024},
}


@inproceedings{tree,
  author       = {Shunyu Yao and
                  Dian Yu and
                  Jeffrey Zhao and
                  Izhak Shafran and
                  Tom Griffiths and
                  Yuan Cao and
                  Karthik Narasimhan},

  title        = {Tree of Thoughts: Deliberate Problem Solving with Large Language Models},
  booktitle    = {Neural Information Processing Systems (NeurIPS)},
pages = {11809--11822},
volume = {36},
  year         = {2023},
}

@inproceedings{llm_code,
  author       = {Daya Guo and Canwen Xu and Nan Duan and Jian Yin and Julian McAuley},

  title        = {LongCoder: A Long-Range Pre-trained Language Model for Code Completion},
  booktitle    = {International Conference on Machine Learning (ICML)},
    pages        = {12098--12107},
  year         = {2023},
}

@inproceedings{llm_qa,
 author = {Lu, Pan and Mishra, Swaroop and Xia, Tanglin and Qiu, Liang and Chang, Kai-Wei and Zhu, Song-Chun and Tafjord, Oyvind and Clark, Peter and Kalyan, Ashwin},
 booktitle = {Neural Information Processing Systems (NeurIPS)},
 title = {Learn to Explain: Multimodal Reasoning via Thought Chains for Science Question Answering},
pages = {2507--2521},
volume = {35},
 year = {2022}
}

@inproceedings{llm_text_sum,
 author = {Stiennon, Nisan and Ouyang, Long and Wu, Jeffrey and Ziegler, Daniel and Lowe, Ryan and Voss, Chelsea and Radford, Alec and Amodei, Dario and Christiano, Paul F},
 booktitle = {Neural Information Processing Systems (NeurIPS)},
 pages = {3008--3021},
 title = {Learning to summarize with human feedback},
 volume = {33},
 year = {2020}
}




@book{fernyhough2010,
  title={The baby in the mirror: A child's world from birth to three},
  author={Fernyhough, Charles},
  year={2010},
  publisher={Granta Books}
}


@article{gsm8k,
  title={Training Verifiers to Solve Math Word Problems},
  author={Cobbe, Karl and Kosaraju, Vineet and Bavarian, Mohammad and Chen, Mark and Jun, Heewoo and Kaiser, Lukasz and Plappert, Matthias and Tworek, Jerry and Hilton, Jacob and Nakano, Reiichiro and Hesse, Christopher and Schulman, John},
  journal={arXiv preprint arXiv:2110.14168},
  year={2021}
}

@book{anderson1996,
  title={ACT-R: A theory of higher-level cognition and its relation to visual attention},
  author={Anderson, John R. and Lebiere, Christian},
  year={1996},
  publisher={Psychological Review}
}

@inproceedings{prystawski2023psychologically,
  author    = {Ben Prystawski and Paul Thibodeau and Christopher Potts and Noah D. Goodman},
  title     = {Psychologically-Informed Chain-of-Thought Prompts for Metaphor Understanding in Large Language Models},
  booktitle = {Proceedings of the 45th Annual Conference of the Cognitive Science Society (CogSci 2023)},
  year      = {2023}
}

@inproceedings{Hicke,
  author       = {Rebecca M. M. Hicke and
                  Ross Deans Kristensen{-}McLachlan},
  title        = {{SCIENCE} {IS} {EXPLORATION:} Computational Frontiers for Conceptual
                  Metaphor Theory},
  booktitle    = {Proceedings of the Computational Humanities Research Conference 2024,
                  Aarhus, Denmark, December 4-6, 2024},
  series       = {{CEUR} Workshop Proceedings},
  volume       = {3834},
  pages        = {1105--1116},
  publisher    = {CEUR-WS.org},
  year         = {2024},
}

@inproceedings{Comsa,
  author       = {Iulia M. Comsa and
                  Julian Martin Eisenschlos and
                  Srini Narayanan},
  title        = {MiQA: {A} Benchmark for Inference on Metaphorical Questions},
  booktitle    = {Proceedings of the 2nd Conference of the Asia-Pacific Chapter of the
                  Association for Computational Linguistics and the 12th International
                  Joint Conference on Natural Language Processing, {AACL/IJCNLP} 2022
                  - Volume 2: Short Papers, Online only, November 20-23, 2022},
  pages        = {373--381},
  publisher    = {Association for Computational Linguistics},
  year         = {2022},
}

@incollection{Lakoff2,
  author    = {George Lakoff},
  title     = {The Contemporary Theory of Metaphor},
  booktitle = {Metaphor and Thought},
  edition   = {2},
  publisher = {Cambridge University Press},
  address   = {Cambridge},
  pages     = {202--251},
  year      = {1993}
}

@book{Lakoff1,
  title     = {Metaphors We Live By},
  author    = {George Lakoff and Mark Johnson},
  year      = {1980},
  publisher = {University of Chicago Press},
  address   = {Chicago, IL}
}