@article{austin2021structured,
  title={Structured denoising diffusion models in discrete state-spaces},
  author={Austin, Jacob and Johnson, Daniel D and Ho, Jonathan and Tarlow, Daniel and Van Den Berg, Rianne},
  journal={Advances in Neural Information Processing Systems},
  volume={34},
  pages={17981--17993},
  year={2021}
}

@inproceedings{bansal2023universal,
  title={Universal guidance for diffusion models},
  author={Bansal, Arpit and Chu, Hong-Min and Schwarzschild, Avi and Sengupta, Soumyadip and Goldblum, Micah and Geiping, Jonas and Goldstein, Tom},
  booktitle={Proceedings of the IEEE/CVF Conference on Computer Vision and Pattern Recognition},
  pages={843--852},
  year={2023}
}

@article{bengio2021machine,
  title={Machine learning for combinatorial optimization: a methodological tour dâ€™horizon},
  author={Bengio, Yoshua and Lodi, Andrea and Prouvost, Antoine},
  journal={European Journal of Operational Research},
  volume={290},
  number={2},
  pages={405--421},
  year={2021},
  publisher={Elsevier}
}

@article{bengio2023gflownet,
  title={Gflownet foundations},
  author={Bengio, Yoshua and Lahlou, Salem and Deleu, Tristan and Hu, Edward J and Tiwari, Mo and Bengio, Emmanuel},
  journal={The Journal of Machine Learning Research},
  volume={24},
  number={1},
  pages={10006--10060},
  year={2023},
  publisher={JMLRORG}
}

@article{chung2022diffusion,
  title={Diffusion posterior sampling for general noisy inverse problems},
  author={Chung, Hyungjin and Kim, Jeongsol and Mccann, Michael T and Klasky, Marc L and Ye, Jong Chul},
  journal={arXiv preprint arXiv:2209.14687},
  year={2022}
}

@article{da2021learning,
  title={Learning 2-opt heuristics for routing problems via deep reinforcement learning},
  author={da Costa, Paulo and Rhuggenaath, Jason and Zhang, Yingqian and Akcay, Alp and Kaymak, Uzay},
  journal={SN Computer Science},
  volume={2},
  pages={1--16},
  year={2021},
  publisher={Springer}
}

@article{dhariwal2021diffusion,
  title={Diffusion models beat gans on image synthesis},
  author={Dhariwal, Prafulla and Nichol, Alexander},
  journal={Advances in neural information processing systems},
  volume={34},
  pages={8780--8794},
  year={2021}
}

@inproceedings{fu2021generalize,
  title={Generalize a small pre-trained model to arbitrarily large tsp instances},
  author={Fu, Zhang-Hua and Qiu, Kai-Bin and Zha, Hongyuan},
  booktitle={Proceedings of the AAAI conference on artificial intelligence},
  volume={35},
  number={8},
  pages={7474--7482},
  year={2021}
}

@article{goodfellow2020generative,
  title={Generative adversarial networks},
  author={Goodfellow, Ian and Pouget-Abadie, Jean and Mirza, Mehdi and Xu, Bing and Warde-Farley, David and Ozair, Sherjil and Courville, Aaron and Bengio, Yoshua},
  journal={Communications of the ACM},
  volume={63},
  number={11},
  pages={139--144},
  year={2020},
  publisher={ACM New York, NY, USA}
}

@article{ho2020denoising,
  title={Denoising diffusion probabilistic models},
  author={Ho, Jonathan and Jain, Ajay and Abbeel, Pieter},
  journal={Advances in neural information processing systems},
  volume={33},
  pages={6840--6851},
  year={2020}
}

@article{ho2022classifier,
  title={Classifier-free diffusion guidance},
  author={Ho, Jonathan and Salimans, Tim},
  journal={arXiv preprint arXiv:2207.12598},
  year={2022}
}

@inproceedings{hottung2021learning,
  title={Learning a latent search space for routing problems using variational autoencoders},
  author={Hottung, Andr{\'e} and Bhandari, Bhanu and Tierney, Kevin},
  booktitle={International Conference on Learning Representations},
  year={2021}
}

@inproceedings{hou2023generalize,
  title={Generalize learned heuristics to solve large-scale vehicle routing problems in real-time},
  author={Hou, Qingchun and Yang, Jingwei and Su, Yiqiang and Wang, Xiaoqing and Deng, Yuming},
  booktitle={The Eleventh International Conference on Learning Representations},
  year={2023}
}

@article{joshi2019efficient,
  title={An efficient graph convolutional network technique for the travelling salesman problem},
  author={Joshi, Chaitanya K and Laurent, Thomas and Bresson, Xavier},
  journal={arXiv preprint arXiv:1906.01227},
  year={2019}
}

@article{khalil2017learning,
  title={Learning combinatorial optimization algorithms over graphs},
  author={Khalil, Elias and Dai, Hanjun and Zhang, Yuyu and Dilkina, Bistra and Song, Le},
  journal={Advances in neural information processing systems},
  volume={30},
  year={2017}
}

@article{kim2022sym,
  title={Sym-nco: Leveraging symmetricity for neural combinatorial optimization},
  author={Kim, Minsu and Park, Junyoung and Park, Jinkyoo},
  journal={Advances in Neural Information Processing Systems},
  volume={35},
  pages={1936--1949},
  year={2022}
}

@article{kingma2013auto,
  title={Auto-encoding variational bayes},
  author={Kingma, Diederik P},
  journal={arXiv preprint arXiv:1312.6114},
  year={2013}
}

@article{kool2018attention,
  title={Attention, learn to solve routing problems!},
  author={Kool, Wouter and Van Hoof, Herke and Welling, Max},
  journal={arXiv preprint arXiv:1803.08475},
  year={2018}
}

@article{kwon2020pomo,
  title={Pomo: Policy optimization with multiple optima for reinforcement learning},
  author={Kwon, Yeong-Dae and Choo, Jinho and Kim, Byoungjip and Yoon, Iljoo and Gwon, Youngjune and Min, Seungjai},
  journal={Advances in Neural Information Processing Systems},
  volume={33},
  pages={21188--21198},
  year={2020}
}

@article{li2021learning,
  title={Learning to delegate for large-scale vehicle routing},
  author={Li, Sirui and Yan, Zhongxia and Wu, Cathy},
  journal={Advances in Neural Information Processing Systems},
  volume={34},
  pages={26198--26211},
  year={2021}
}

@article{li2024distribution,
  title={From distribution learning in training to gradient search in testing for combinatorial optimization},
  author={Li, Yang and Guo, Jinpei and Wang, Runzhong and Yan, Junchi},
  journal={Advances in Neural Information Processing Systems},
  volume={36},
  year={2024}
}

@article{qiu2022dimes,
  title={Dimes: A differentiable meta solver for combinatorial optimization problems},
  author={Qiu, Ruizhong and Sun, Zhiqing and Yang, Yiming},
  journal={Advances in Neural Information Processing Systems},
  volume={35},
  pages={25531--25546},
  year={2022}
}

@article{sanokowski2024diffusion,
  title={A Diffusion Model Framework for Unsupervised Neural Combinatorial Optimization},
  author={Sanokowski, Sebastian and Hochreiter, Sepp and Lehner, Sebastian},
  journal={arXiv preprint arXiv:2406.01661},
  year={2024}
}

@inproceedings{shen2024understanding,
  title={Understanding and Improving Training-free Loss-based Diffusion Guidance},
  author={Shen, Yifei and JIANG, XINYANG and Yang, Yifan and Wang, Yezhen and Han, Dongqi and Li, Dongsheng},
  booktitle={The Thirty-eighth Annual Conference on Neural Information Processing Systems},
  year={2024}
}

@inproceedings{sohl2015deep,
  title={Deep unsupervised learning using nonequilibrium thermodynamics},
  author={Sohl-Dickstein, Jascha and Weiss, Eric and Maheswaranathan, Niru and Ganguli, Surya},
  booktitle={International conference on machine learning},
  pages={2256--2265},
  year={2015},
  organization={PMLR}
}

@article{song2019generative,
  title={Generative modeling by estimating gradients of the data distribution},
  author={Song, Yang and Ermon, Stefano},
  journal={Advances in neural information processing systems},
  volume={32},
  year={2019}
}

@article{song2020score,
  title={Score-based generative modeling through stochastic differential equations},
  author={Song, Yang and Sohl-Dickstein, Jascha and Kingma, Diederik P and Kumar, Abhishek and Ermon, Stefano and Poole, Ben},
  journal={arXiv preprint arXiv:2011.13456},
  year={2020}
}

@article{sun2023difusco,
  title={Difusco: Graph-based diffusion solvers for combinatorial optimization},
  author={Sun, Zhiqing and Yang, Yiming},
  journal={Advances in Neural Information Processing Systems},
  volume={36},
  pages={3706--3731},
  year={2023}
}

@article{vaswani2017attention,
  title={Attention is all you need},
  author={Vaswani, A},
  journal={Advances in Neural Information Processing Systems},
  year={2017}
}

@article{wang2024asp,
  title={Asp: Learn a universal neural solver!},
  author={Wang, Chenguang and Yu, Zhouliang and McAleer, Stephen and Yu, Tianshu and Yang, Yaodong},
  journal={IEEE Transactions on Pattern Analysis and Machine Intelligence},
  year={2024},
  publisher={IEEE}
}

@article{wu2021learning,
  title={Learning improvement heuristics for solving routing problems},
  author={Wu, Yaoxin and Song, Wen and Cao, Zhiguang and Zhang, Jie and Lim, Andrew},
  journal={IEEE transactions on neural networks and learning systems},
  volume={33},
  number={9},
  pages={5057--5069},
  year={2021},
  publisher={IEEE}
}

@inproceedings{yu2023freedom,
  title={Freedom: Training-free energy-guided conditional diffusion model},
  author={Yu, Jiwen and Wang, Yinhuai and Zhao, Chen and Ghanem, Bernard and Zhang, Jian},
  booktitle={Proceedings of the IEEE/CVF International Conference on Computer Vision},
  pages={23174--23184},
  year={2023}
}

@article{zhang2023survey,
  title={A survey for solving mixed integer programming via machine learning},
  author={Zhang, Jiayi and Liu, Chang and Li, Xijun and Zhen, Hui-Ling and Yuan, Mingxuan and Li, Yawen and Yan, Junchi},
  journal={Neurocomputing},
  volume={519},
  pages={205--217},
  year={2023},
  publisher={Elsevier}
}

