@article{bengio2021machine,
  title={Machine learning for combinatorial optimization: a methodological tour dâ€™horizon},
  author={Bengio, Yoshua and Lodi, Andrea and Prouvost, Antoine},
  journal={European Journal of Operational Research},
  volume={290},
  number={2},
  pages={405--421},
  year={2021},
  publisher={Elsevier}
}

@article{zhang2023survey,
  title={A survey for solving mixed integer programming via machine learning},
  author={Zhang, Jiayi and Liu, Chang and Li, Xijun and Zhen, Hui-Ling and Yuan, Mingxuan and Li, Yawen and Yan, Junchi},
  journal={Neurocomputing},
  volume={519},
  pages={205--217},
  year={2023},
  publisher={Elsevier}
}

@article{khalil2017learning,
  title={Learning combinatorial optimization algorithms over graphs},
  author={Khalil, Elias and Dai, Hanjun and Zhang, Yuyu and Dilkina, Bistra and Song, Le},
  journal={Advances in neural information processing systems},
  volume={30},
  year={2017}
}

@article{kool2018attention,
  title={Attention, learn to solve routing problems!},
  author={Kool, Wouter and Van Hoof, Herke and Welling, Max},
  journal={arXiv preprint arXiv:1803.08475},
  year={2018}
}

@article{kwon2020pomo,
  title={Pomo: Policy optimization with multiple optima for reinforcement learning},
  author={Kwon, Yeong-Dae and Choo, Jinho and Kim, Byoungjip and Yoon, Iljoo and Gwon, Youngjune and Min, Seungjai},
  journal={Advances in Neural Information Processing Systems},
  volume={33},
  pages={21188--21198},
  year={2020}
}

@article{kim2022sym,
  title={Sym-nco: Leveraging symmetricity for neural combinatorial optimization},
  author={Kim, Minsu and Park, Junyoung and Park, Jinkyoo},
  journal={Advances in Neural Information Processing Systems},
  volume={35},
  pages={1936--1949},
  year={2022}
}

@inproceedings{hottung2021learning,
  title={Learning a latent search space for routing problems using variational autoencoders},
  author={Hottung, Andr{\'e} and Bhandari, Bhanu and Tierney, Kevin},
  booktitle={International Conference on Learning Representations},
  year={2021}
}

@article{vaswani2017attention,
  title={Attention is all you need},
  author={Vaswani, A},
  journal={Advances in Neural Information Processing Systems},
  year={2017}
}

@article{joshi2019efficient,
  title={An efficient graph convolutional network technique for the travelling salesman problem},
  author={Joshi, Chaitanya K and Laurent, Thomas and Bresson, Xavier},
  journal={arXiv preprint arXiv:1906.01227},
  year={2019}
}

@inproceedings{fu2021generalize,
  title={Generalize a small pre-trained model to arbitrarily large tsp instances},
  author={Fu, Zhang-Hua and Qiu, Kai-Bin and Zha, Hongyuan},
  booktitle={Proceedings of the AAAI conference on artificial intelligence},
  volume={35},
  number={8},
  pages={7474--7482},
  year={2021}
}

@article{qiu2022dimes,
  title={Dimes: A differentiable meta solver for combinatorial optimization problems},
  author={Qiu, Ruizhong and Sun, Zhiqing and Yang, Yiming},
  journal={Advances in Neural Information Processing Systems},
  volume={35},
  pages={25531--25546},
  year={2022}
}

@article{da2021learning,
  title={Learning 2-opt heuristics for routing problems via deep reinforcement learning},
  author={da Costa, Paulo and Rhuggenaath, Jason and Zhang, Yingqian and Akcay, Alp and Kaymak, Uzay},
  journal={SN Computer Science},
  volume={2},
  pages={1--16},
  year={2021},
  publisher={Springer}
}

@article{wu2021learning,
  title={Learning improvement heuristics for solving routing problems},
  author={Wu, Yaoxin and Song, Wen and Cao, Zhiguang and Zhang, Jie and Lim, Andrew},
  journal={IEEE transactions on neural networks and learning systems},
  volume={33},
  number={9},
  pages={5057--5069},
  year={2021},
  publisher={IEEE}
}

@article{chen2019learning,
  title={Learning to perform local rewriting for combinatorial optimization},
  author={Chen, Xinyun and Tian, Yuandong},
  journal={Advances in neural information processing systems},
  volume={32},
  year={2019}
}

@article{li2021learning,
  title={Learning to delegate for large-scale vehicle routing},
  author={Li, Sirui and Yan, Zhongxia and Wu, Cathy},
  journal={Advances in Neural Information Processing Systems},
  volume={34},
  pages={26198--26211},
  year={2021}
}

@inproceedings{hou2023generalize,
  title={Generalize learned heuristics to solve large-scale vehicle routing problems in real-time},
  author={Hou, Qingchun and Yang, Jingwei and Su, Yiqiang and Wang, Xiaoqing and Deng, Yuming},
  booktitle={The Eleventh International Conference on Learning Representations},
  year={2023}
}

@article{kingma2013auto,
  title={Auto-encoding variational bayes},
  author={Kingma, Diederik P},
  journal={arXiv preprint arXiv:1312.6114},
  year={2013}
}

@article{goodfellow2020generative,
  title={Generative adversarial networks},
  author={Goodfellow, Ian and Pouget-Abadie, Jean and Mirza, Mehdi and Xu, Bing and Warde-Farley, David and Ozair, Sherjil and Courville, Aaron and Bengio, Yoshua},
  journal={Communications of the ACM},
  volume={63},
  number={11},
  pages={139--144},
  year={2020},
  publisher={ACM New York, NY, USA}
}

@article{ho2020denoising,
  title={Denoising diffusion probabilistic models},
  author={Ho, Jonathan and Jain, Ajay and Abbeel, Pieter},
  journal={Advances in neural information processing systems},
  volume={33},
  pages={6840--6851},
  year={2020}
}

@article{song2020score,
  title={Score-based generative modeling through stochastic differential equations},
  author={Song, Yang and Sohl-Dickstein, Jascha and Kingma, Diederik P and Kumar, Abhishek and Ermon, Stefano and Poole, Ben},
  journal={arXiv preprint arXiv:2011.13456},
  year={2020}
}

@inproceedings{sohl2015deep,
  title={Deep unsupervised learning using nonequilibrium thermodynamics},
  author={Sohl-Dickstein, Jascha and Weiss, Eric and Maheswaranathan, Niru and Ganguli, Surya},
  booktitle={International conference on machine learning},
  pages={2256--2265},
  year={2015},
  organization={PMLR}
}

@article{song2019generative,
  title={Generative modeling by estimating gradients of the data distribution},
  author={Song, Yang and Ermon, Stefano},
  journal={Advances in neural information processing systems},
  volume={32},
  year={2019}
}

@article{dhariwal2021diffusion,
  title={Diffusion models beat gans on image synthesis},
  author={Dhariwal, Prafulla and Nichol, Alexander},
  journal={Advances in neural information processing systems},
  volume={34},
  pages={8780--8794},
  year={2021}
}

@article{bengio2023gflownet,
  title={Gflownet foundations},
  author={Bengio, Yoshua and Lahlou, Salem and Deleu, Tristan and Hu, Edward J and Tiwari, Mo and Bengio, Emmanuel},
  journal={The Journal of Machine Learning Research},
  volume={24},
  number={1},
  pages={10006--10060},
  year={2023},
  publisher={JMLRORG}
}

@article{sun2023difusco,
  title={Difusco: Graph-based diffusion solvers for combinatorial optimization},
  author={Sun, Zhiqing and Yang, Yiming},
  journal={Advances in Neural Information Processing Systems},
  volume={36},
  pages={3706--3731},
  year={2023}
}

@article{austin2021structured,
  title={Structured denoising diffusion models in discrete state-spaces},
  author={Austin, Jacob and Johnson, Daniel D and Ho, Jonathan and Tarlow, Daniel and Van Den Berg, Rianne},
  journal={Advances in Neural Information Processing Systems},
  volume={34},
  pages={17981--17993},
  year={2021}
}

@article{li2024distribution,
  title={From distribution learning in training to gradient search in testing for combinatorial optimization},
  author={Li, Yang and Guo, Jinpei and Wang, Runzhong and Yan, Junchi},
  journal={Advances in Neural Information Processing Systems},
  volume={36},
  year={2024}
}

@article{sanokowski2024diffusion,
  title={A Diffusion Model Framework for Unsupervised Neural Combinatorial Optimization},
  author={Sanokowski, Sebastian and Hochreiter, Sepp and Lehner, Sebastian},
  journal={arXiv preprint arXiv:2406.01661},
  year={2024}
}

@article{wang2024asp,
  title={Asp: Learn a universal neural solver!},
  author={Wang, Chenguang and Yu, Zhouliang and McAleer, Stephen and Yu, Tianshu and Yang, Yaodong},
  journal={IEEE Transactions on Pattern Analysis and Machine Intelligence},
  year={2024},
  publisher={IEEE}
}

@article{ho2022classifier,
  title={Classifier-free diffusion guidance},
  author={Ho, Jonathan and Salimans, Tim},
  journal={arXiv preprint arXiv:2207.12598},
  year={2022}
}

@inproceedings{bansal2023universal,
  title={Universal guidance for diffusion models},
  author={Bansal, Arpit and Chu, Hong-Min and Schwarzschild, Avi and Sengupta, Soumyadip and Goldblum, Micah and Geiping, Jonas and Goldstein, Tom},
  booktitle={Proceedings of the IEEE/CVF Conference on Computer Vision and Pattern Recognition},
  pages={843--852},
  year={2023}
}

@article{chung2022diffusion,
  title={Diffusion posterior sampling for general noisy inverse problems},
  author={Chung, Hyungjin and Kim, Jeongsol and Mccann, Michael T and Klasky, Marc L and Ye, Jong Chul},
  journal={arXiv preprint arXiv:2209.14687},
  year={2022}
}

@inproceedings{yu2023freedom,
  title={Freedom: Training-free energy-guided conditional diffusion model},
  author={Yu, Jiwen and Wang, Yinhuai and Zhao, Chen and Ghanem, Bernard and Zhang, Jian},
  booktitle={Proceedings of the IEEE/CVF International Conference on Computer Vision},
  pages={23174--23184},
  year={2023}
}

@article{karalias2020erdos,
  title={Erdos goes neural: an unsupervised learning framework for combinatorial optimization on graphs},
  author={Karalias, Nikolaos and Loukas, Andreas},
  journal={Advances in Neural Information Processing Systems},
  volume={33},
  pages={6659--6672},
  year={2020}
}

@book{papadimitriou1998combinatorial,
  title={Combinatorial optimization: algorithms and complexity},
  author={Papadimitriou, Christos H and Steiglitz, Kenneth},
  year={1998},
  publisher={Courier Corporation}
}

@article{karalias2020erdos,
  title={Erdos goes neural: an unsupervised learning framework for combinatorial optimization on graphs},
  author={Karalias, Nikolaos and Loukas, Andreas},
  journal={Advances in Neural Information Processing Systems},
  volume={33},
  pages={6659--6672},
  year={2020}
}

@article{lucas2014ising,
  title={Ising formulations of many NP problems},
  author={Lucas, Andrew},
  journal={Frontiers in physics},
  volume={2},
  pages={5},
  year={2014},
  publisher={Frontiers Media SA}
}

@inproceedings{lu2023contrastive,
  title={Contrastive energy prediction for exact energy-guided diffusion sampling in offline reinforcement learning},
  author={Lu, Cheng and Chen, Huayu and Chen, Jianfei and Su, Hang and Li, Chongxuan and Zhu, Jun},
  booktitle={International Conference on Machine Learning},
  pages={22825--22855},
  year={2023},
  organization={PMLR}
}

@article{lecun2006tutorial,
  title={A tutorial on energy-based learning},
  author={LeCun, Yann and Chopra, Sumit and Hadsell, Raia and Ranzato, M and Huang, Fujie and others},
  journal={Predicting structured data},
  volume={1},
  number={0},
  year={2006}
}

@article{balas1989prize,
  title={The prize collecting traveling salesman problem},
  author={Balas, Egon},
  journal={Networks},
  volume={19},
  number={6},
  pages={621--636},
  year={1989},
  publisher={Wiley Online Library}
}

@inproceedings{xin2021multi,
  title={Multi-decoder attention model with embedding glimpse for solving vehicle routing problems},
  author={Xin, Liang and Song, Wen and Cao, Zhiguang and Zhang, Jie},
  booktitle={Proceedings of the AAAI Conference on Artificial Intelligence},
  volume={35},
  number={13},
  pages={12042--12049},
  year={2021}
}

@article{lin2024cross,
  title={Cross-problem learning for solving vehicle routing problems},
  author={Lin, Zhuoyi and Wu, Yaoxin and Zhou, Bangjian and Cao, Zhiguang and Song, Wen and Zhang, Yingqian and Jayavelu, Senthilnath},
  journal={arXiv preprint arXiv:2404.11677},
  year={2024}
}

@article{song2020denoising,
  title={Denoising diffusion implicit models},
  author={Song, Jiaming and Meng, Chenlin and Ermon, Stefano},
  journal={arXiv preprint arXiv:2010.02502},
  year={2020}
}

@article{arora1998polynomial,
  title={Polynomial time approximation schemes for Euclidean traveling salesman and other geometric problems},
  author={Arora, Sanjeev},
  journal={Journal of the ACM (JACM)},
  volume={45},
  number={5},
  pages={753--782},
  year={1998},
  publisher={ACM New York, NY, USA}
}

@book{gonzalez2007handbook,
  title={Handbook of approximation algorithms and metaheuristics},
  author={Gonzalez, Teofilo F},
  year={2007},
  publisher={Chapman and Hall/CRC}
}

@article{golden1987orienteering,
  title={The orienteering problem},
  author={Golden, Bruce L and Levy, Larry and Vohra, Rakesh},
  journal={Naval Research Logistics (NRL)},
  volume={34},
  number={3},
  pages={307--318},
  year={1987},
  publisher={Wiley Online Library}
}

@article{kobeaga2018efficient,
  title={An efficient evolutionary algorithm for the orienteering problem},
  author={Kobeaga, Gorka and Merino, Mar{\'\i}a and Lozano, Jose A},
  journal={Computers \& Operations Research},
  volume={90},
  pages={42--59},
  year={2018},
  publisher={Elsevier}
}

@article{tsiligirides1984heuristic,
  title={Heuristic methods applied to orienteering},
  author={Tsiligirides, Theodore},
  journal={Journal of the Operational Research Society},
  volume={35},
  number={9},
  pages={797--809},
  year={1984},
  publisher={Taylor \& Francis}
}

@article{lin1973efficient,
  title={An efficient heuristic algorithm for the traveling salesman problem},
  author={Lin, S},
  journal={Oper. Res.},
  volume={21},
  pages={498--516},
  year={1973}
}

@inproceedings{shen2024understanding,
  title={Understanding and Improving Training-free Loss-based Diffusion Guidance},
  author={Shen, Yifei and JIANG, XINYANG and Yang, Yifan and Wang, Yezhen and Han, Dongqi and Li, Dongsheng},
  booktitle={The Thirty-eighth Annual Conference on Neural Information Processing Systems},
  year={2024}
}

@article{joshi2020learning,
  title={Learning the travelling salesperson problem requires rethinking generalization},
  author={Joshi, Chaitanya K and Cappart, Quentin and Rousseau, Louis-Martin and Laurent, Thomas},
  journal={arXiv preprint arXiv:2006.07054},
  year={2020}
}

@article{bresson2018experimental,
  title={An experimental study of neural networks for variable graphs},
  author={Bresson, Xavier and Laurent, Thomas},
  year={2018}
}