% Long form of conference & journal abbreviations -- especially for camera ready
@String(PAMI  = {IEEE Trans. Pattern Anal. Mach. Intell.})
@String(IJCV  = {Int. J. Comput. Vis.})
@String(CVPR  = {IEEE Conf. Comput. Vis. Pattern Recog.})
@String(ICCV  = {Int. Conf. Comput. Vis.})
@String(ECCV  = {Eur. Conf. Comput. Vis.})
@String(NeurIPS = {Adv. Neural Inform. Process. Syst.})
@String(ICML  = {Int. Conf. Mach. Learn.})
@String(ICLR  = {Int. Conf. Learn. Represent.})
@String(ACCV  = {Asian Conf. Comput. Vis.})
@String(BMVC  = {Brit. Mach. Vis. Conf.})
@String(CVPRW = {IEEE Conf. Comput. Vis. Pattern Recog. Worksh.})
@String(AAAI  = {AAAI})
@String(IJCAI = {IJCAI})
@String(ICIP  = {IEEE Int. Conf. Image Process.})
@String(ICPR  = {Int. Conf. Pattern Recog.})
@String(ICASSP=	{ICASSP})
@String(ICME  = {Int. Conf. Multimedia and Expo})
@String(JMLR  = {J. Mach. Learn. Res.})
@String(TMLR  = {Trans. Mach. Learn Res.})
@String(TOG   = {ACM Trans. Graph.})
@String(TIP   = {IEEE Trans. Image Process.})
@String(TVCG  = {IEEE Trans. Vis. Comput. Graph.})
@String(TCSVT = {IEEE Trans. Circuit Syst. Video Technol.})
@String(TMM   = {IEEE Trans. Multimedia})
@String(ACMMM = {ACM Int. Conf. Multimedia})
@String(PR    = {Pattern Recognition})

@String(MNI	  = {Nature Mach. Intell.})
@String(SPL	  = {IEEE Sign. Process. Letters})
@String(VR    = {Vis. Res.})
@String(JOV	  = {J. Vis.})
@String(TVC   = {The Vis. Comput.})
@String(JCST  = {J. Comput. Sci. Tech.})
@String(CGF   = {Comput. Graph. Forum})
@String(CVM   = {Computational Visual Media})


% Short form of conference & journal abbreviations -- especially for submission version
% if desired, remove these macros in favor of the above ones
@String(PAMI  = {IEEE TPAMI})
@String(IJCV  = {IJCV})
@String(CVPR  = {CVPR})
@String(ICCV  = {ICCV})
@String(ECCV  = {ECCV})
@String(NeurIPS = {NeurIPS})
@String(ICML  = {ICML})
@String(ICLR  = {ICLR})
@String(ACCV  = {ACCV})
@String(BMVC  =	{BMVC})
@String(CVPRW = {CVPRW})
@String(AAAI  = {AAAI})
@String(IJCAI = {IJCAI})
@String(ICIP  = {ICIP})
@String(ICPR  = {ICPR})
@String(ICASSP=	{ICASSP})
@String(ICME  =	{ICME})
@String(JMLR  = {JMLR})
@String(TMLR  = {TMLR})
@String(TOG   = {ACM TOG})
@String(TIP   = {IEEE TIP})
@String(TVCG  = {IEEE TVCG})
@String(TCSVT = {IEEE TCSVT})
@String(TMM   =	{IEEE TMM})
@String(ACMMM = {ACM MM})
@String(PR    = {PR})


@inproceedings{he2016deep,
  author    = {Kaiming He and
               Xiangyu Zhang and
               Shaoqing Ren and
               Jian Sun},
  title     = {Deep Residual Learning for Image Recognition},
  booktitle = {CVPR},
  year      = {2016},
}

@inproceedings{devlin2018bert,
  title={Bert: Pre-training of deep bidirectional transformers for language understanding},
  author={Devlin, Jacob and Chang, Ming-Wei and Lee, Kenton and Toutanova, Kristina},
  booktitle={NAACL},
  year={2019}
}

@inproceedings{sharif2016accessorize,
  title={Accessorize to a crime: Real and stealthy attacks on state-of-the-art face recognition},
  author={Sharif, Mahmood and Bhagavatula, Sruti and Bauer, Lujo and Reiter, Michael K},
  booktitle={CCS},
  year={2016}
}

@article{gu2017badnets,
  title={Badnets: Identifying vulnerabilities in the machine learning model supply chain},
  author={Gu, Tianyu and Dolan-Gavitt, Brendan and Garg, Siddharth},
  journal={arXiv preprint arXiv:1708.06733},
  year={2017}
}

@inproceedings{wang2019neural,
  title={Neural cleanse: Identifying and mitigating backdoor attacks in neural networks},
  author={Wang, Bolun and Yao, Yuanshun and Shan, Shawn and Li, Huiying and Viswanath, Bimal and Zheng, Haitao and Zhao, Ben Y},
  booktitle={S\&P},
  year={2019},
}

@article{guo2019tabor,
  title={Tabor: A highly accurate approach to inspecting and restoring trojan backdoors in ai systems},
  author={Guo, Wenbo and Wang, Lun and Xing, Xinyu and Du, Min and Song, Dawn},
  journal={arXiv preprint arXiv:1908.01763},
  year={2019}
}

@inproceedings{liu2019abs,
  title={Abs: Scanning neural networks for back-doors by artificial brain stimulation},
  author={Liu, Yingqi and Lee, Wen-Chuan and Tao, Guanhong and Ma, Shiqing and Aafer, Yousra and Zhang, Xiangyu},
  booktitle={CCS},
  year={2019}
}

@article{guo2021aeva,
  title={AEVA: Black-box Backdoor Detection Using Adversarial Extreme Value Analysis},
  author={Guo, Junfeng and Li, Ang and Liu, Cong},
  journal={arXiv preprint arXiv:2110.14880},
  year={2021}
}

@inproceedings{chen2019deepinspect,
  title={DeepInspect: A Black-box Trojan Detection and Mitigation Framework for Deep Neural Networks.},
  author={Chen, Huili and Fu, Cheng and Zhao, Jishen and Koushanfar, Farinaz},
  booktitle={IJCAI},
  year={2019}
}

@inproceedings{wang2020practical,
  title={Practical detection of trojan neural networks: Data-limited and data-free cases},
  author={Wang, Ren and Zhang, Gaoyuan and Liu, Sijia and Chen, Pin-Yu and Xiong, Jinjun and Wang, Meng},
  booktitle={ECCV},
  year={2020},
}

@inproceedings{li2021neural,
title={Neural Attention Distillation: Erasing Backdoor Triggers from Deep Neural Networks},
author={Yige Li and Xixiang Lyu and Nodens Koren and Lingjuan Lyu and Bo Li and Xingjun Ma},
booktitle={ICLR},
year={2021},
}

@article{li2021anti,
  title={Anti-backdoor learning: Training clean models on poisoned data},
  author={Li, Yige and Lyu, Xixiang and Koren, Nodens and Lyu, Lingjuan and Li, Bo and Ma, Xingjun},
  journal={NeurIPS},
  year={2021}
}

@inproceedings{liu2018fine,
  title={Fine-pruning: Defending against backdooring attacks on deep neural networks},
  author={Liu, Kang and Dolan-Gavitt, Brendan and Garg, Siddharth},
  booktitle={RAID},
  year={2018},
}

@inproceedings{Zhao2020Bridging,
title={Bridging Mode Connectivity in Loss Landscapes and Adversarial Robustness},
author={Pu Zhao and Pin-Yu Chen and Payel Das and Karthikeyan Natesan Ramamurthy and Xue Lin},
booktitle={ICLR},
year={2020},
}

@article{tran2018spectral,
  title={Spectral signatures in backdoor attacks},
  author={Tran, Brandon and Li, Jerry and Madry, Aleksander},
  journal={NeurIPS},
  year={2018}
}

@article{chen2018detecting,
  title={Detecting backdoor attacks on deep neural networks by activation clustering},
  author={Chen, Bryant and Carvalho, Wilka and Baracaldo, Nathalie and Ludwig, Heiko and Edwards, Benjamin and Lee, Taesung and Molloy, Ian and Srivastava, Biplav},
  journal={arXiv preprint arXiv:1811.03728},
  year={2018}
}

@inproceedings{hayase2021defense,
  title={Defense against backdoor attacks via robust covariance estimation},
  author={Hayase, Jonathan and Kong, Weihao and Somani, Raghav and Oh, Sewoong},
  booktitle={ICML},
  year={2021},
}

@inproceedings{gao2019strip,
  title={Strip: A defence against trojan attacks on deep neural networks},
  author={Gao, Yansong and Xu, Change and Wang, Derui and Chen, Shiping and Ranasinghe, Damith C and Nepal, Surya},
  booktitle={ACSAC},
  year={2019}
}

@inproceedings{xu2021detecting,
  title={Detecting ai trojans using meta neural analysis},
  author={Xu, Xiaojun and Wang, Qi and Li, Huichen and Borisov, Nikita and Gunter, Carl A and Li, Bo},
  booktitle={S\&P},
  year={2021},
}

@inproceedings{tang2021demon,
  title={Demon in the Variant: Statistical Analysis of $\{$DNNs$\}$ for Robust Backdoor Contamination Detection},
  author={Tang, Di and Wang, XiaoFeng and Tang, Haixu and Zhang, Kehuan},
  booktitle={USENIX Security},
  year={2021}
}

@article{zhao2021deep,
  title={What do deep nets learn? class-wise patterns revealed in the input space},
  author={Zhao, Shihao and Ma, Xingjun and Wang, Yisen and Bailey, James and Li, Bo and Jiang, Yu-Gang},
  journal={arXiv preprint arXiv:2101.06898},
  year={2021}
}

@article{nguyen2020input,
  title={Input-aware dynamic backdoor attack},
  author={Nguyen, Tuan Anh and Tran, Anh},
  journal={NeurIPS},
  year={2020}
}

@inproceedings{li2021invisible,
  title={Invisible backdoor attack with sample-specific triggers},
  author={Li, Yuezun and Li, Yiming and Wu, Baoyuan and Li, Longkang and He, Ran and Lyu, Siwei},
  booktitle={ICCV},
  year={2021}
}

@inproceedings{
hu2022trigger,
title={Trigger Hunting with a Topological Prior for Trojan Detection},
author={Xiaoling Hu and Xiao Lin and Michael Cogswell and Yi Yao and Susmit Jha and Chao Chen},
booktitle={ICLR},
year={2022},
}

@inproceedings{
xiang2022posttraining,
title={Post-Training Detection of Backdoor Attacks for Two-Class and Multi-Attack Scenarios},
author={Zhen Xiang and David Miller and George Kesidis},
booktitle={ICLR},
year={2022},
}

@inproceedings{
wu2021adversarial,
title={Adversarial Neuron Pruning Purifies Backdoored Deep Models},
author={Dongxian Wu and Yisen Wang},
booktitle={NeurIPS},
year={2021},
}

@inproceedings{
manoj2021excess,
title={Excess Capacity and Backdoor Poisoning},
author={Naren Sarayu Manoj and Avrim Blum},
booktitle={NeurIPS},
year={2021},
}

@article{chen2017targeted,
  title={Targeted backdoor attacks on deep learning systems using data poisoning},
  author={Chen, Xinyun and Liu, Chang and Li, Bo and Lu, Kimberly and Song, Dawn},
  journal={arXiv preprint arXiv:1712.05526},
  year={2017}
}

@article{turner2018clean,
  title={Clean-label backdoor attacks},
  author={Turner, Alexander and Tsipras, Dimitris and Madry, Aleksander},
  year={2018}
}

@article{shafahi2018poison,
  title={Poison frogs! targeted clean-label poisoning attacks on neural networks},
  author={Shafahi, Ali and Huang, W Ronny and Najibi, Mahyar and Suciu, Octavian and Studer, Christoph and Dumitras, Tudor and Goldstein, Tom},
  journal={NeurIPS},
  year={2018}
}

@inproceedings{barni2019new,
  title={A new backdoor attack in cnns by training set corruption without label poisoning},
  author={Barni, Mauro and Kallas, Kassem and Tondi, Benedetta},
  booktitle={ICIP},
  year={2019},
}

@inproceedings{liu2018trojaning,
  title={Trojaning attack on neural networks},
  author={Liu, Yingqi and Ma, Shiqing and Aafer, Yousra and Lee, Wen-Chuan and Zhai, Juan and Wang, Weihang and Zhang, Xiangyu},
  booktitle={NDSS},
  year={2018}
}

@article{krizhevsky2009learning,
  title={Learning multiple layers of features from tiny images},
  author={Krizhevsky, Alex and Hinton, Geoffrey and others},
  year={2009},
}

@inproceedings{liu2020reflection,
  title={Reflection backdoor: A natural backdoor attack on deep neural networks},
  author={Liu, Yunfei and Ma, Xingjun and Bailey, James and Lu, Feng},
  booktitle={ECCV},
  year={2020},
}

@article{cheng2020deep,
  title={Deep feature space trojan attack of neural networks by controlled detoxification},
  author={Cheng, Siyuan and Liu, Yingqi and Ma, Shiqing and Zhang, Xiangyu},
  journal={arXiv preprint arXiv:2012.11212},
  year={2020}
}

@inproceedings{garg2020can,
  title={Can adversarial weight perturbations inject neural backdoors},
  author={Garg, Siddhant and Kumar, Adarsh and Goel, Vibhor and Liang, Yingyu},
  booktitle={CIKM},
  year={2020}
}

@inproceedings{
huang2021unlearnable,
title={Unlearnable Examples: Making Personal Data Unexploitable},
author={Hanxun Huang and Xingjun Ma and Sarah Monazam Erfani and James Bailey and Yisen Wang},
booktitle={ICLR},
year={2021},
}

@inproceedings{munoz2017towards,
  title={Towards poisoning of deep learning algorithms with back-gradient optimization},
  author={Mu{\~n}oz-Gonz{\'a}lez, Luis and Biggio, Battista and Demontis, Ambra and Paudice, Andrea and Wongrassamee, Vasin and Lupu, Emil C and Roli, Fabio},
  booktitle={AISec},
  year={2017}
}

@article{tao2021better,
  title={Better safe than sorry: Preventing delusive adversaries with adversarial training},
  author={Tao, Lue and Feng, Lei and Yi, Jinfeng and Huang, Sheng-Jun and Chen, Songcan},
  journal={NeurIPS},
  year={2021}
}

@article{fowl2021preventing,
  title={Preventing unauthorized use of proprietary data: Poisoning for secure dataset release},
  author={Fowl, Liam and Chiang, Ping-yeh and Goldblum, Micah and Geiping, Jonas and Bansal, Arpit and Czaja, Wojtek and Goldstein, Tom},
  journal={arXiv preprint arXiv:2103.02683},
  year={2021}
}

@article{fowl2021adversarial,
  title={Adversarial examples make strong poisons},
  author={Fowl, Liam and Goldblum, Micah and Chiang, Ping-yeh and Geiping, Jonas and Czaja, Wojciech and Goldstein, Tom},
  journal={NeurIPS},
  year={2021}
}

@inproceedings{shen2021backdoor,
  title={Backdoor scanning for deep neural networks through k-arm optimization},
  author={Shen, Guangyu and Liu, Yingqi and Tao, Guanhong and An, Shengwei and Xu, Qiuling and Cheng, Siyuan and Ma, Shiqing and Zhang, Xiangyu},
  booktitle={ICML},
  year={2021},
}

@inproceedings{fong2017interpretable,
  title={Interpretable explanations of black boxes by meaningful perturbation},
  author={Fong, Ruth and Vedaldi, Andrea},
  booktitle={ICCV},
  year={2017}
}

@inproceedings{fong2019understanding,
  title={Understanding deep networks via extremal perturbations and smooth masks},
  author={Fong, Ruth and Patrick, Mandela and Vedaldi, Andrea},
  booktitle={ICCV},
  year={2019}
}

@article{yang2021class,
  title={Class-Disentanglement and Applications in Adversarial Detection and Defense},
  author={Yang, Kaiwen and Zhou, Tianyi and Tian, Xinmei and Tao, Dacheng and others},
  journal={NeurIPS},
  year={2021}
}

@inproceedings{ribeiro2016should,
  title={``Why should i trust you?" Explaining the predictions of any classifier},
  author={Ribeiro, Marco Tulio and Singh, Sameer and Guestrin, Carlos},
  booktitle={SIGKDD},
  year={2016}
}

@article{geirhos2020shortcut,
  title={Shortcut learning in deep neural networks},
  author={Geirhos, Robert and Jacobsen, J{\"o}rn-Henrik and Michaelis, Claudio and Zemel, Richard and Brendel, Wieland and Bethge, Matthias and Wichmann, Felix A},
  journal={Nature Machine Intelligence},
  year={2020},
}

@article{zech2018variable,
  title={Variable generalization performance of a deep learning model to detect pneumonia in chest radiographs: a cross-sectional study},
  author={Zech, John R and Badgeley, Marcus A and Liu, Manway and Costa, Anthony B and Titano, Joseph J and Oermann, Eric Karl},
  journal={PLoS medicine},
  year={2018},
}

@inproceedings{beery2018recognition,
  title={Recognition in terra incognita},
  author={Beery, Sara and Van Horn, Grant and Perona, Pietro},
  booktitle={ECCV},
  year={2018}
}

@article{geirhos2018imagenet,
  title={ImageNet-trained CNNs are biased towards texture; increasing shape bias improves accuracy and robustness},
  author={Geirhos, Robert and Rubisch, Patricia and Michaelis, Claudio and Bethge, Matthias and Wichmann, Felix A and Brendel, Wieland},
  journal={arXiv preprint arXiv:1811.12231},
  year={2018}
}

@inproceedings{deng2009imagenet,
  title={Imagenet: A large-scale hierarchical image database},
  author={Deng, Jia and Dong, Wei and Socher, Richard and Li, Li-Jia and Li, Kai and Fei-Fei, Li},
  booktitle={CVPR},
  year={2009},
}

@article{kingma2014adam,
  title={Adam: A method for stochastic optimization},
  author={Kingma, Diederik P and Ba, Jimmy},
  journal={arXiv preprint arXiv:1412.6980},
  year={2014}
}

@article{arpit2019predicting,
  title={Predicting with high correlation features},
  author={Arpit, Devansh and Xiong, Caiming and Socher, Richard},
  journal={arXiv preprint arXiv:1910.00164},
  year={2019}
}

@article{lecun1998gradient,
  title={Gradient-based learning applied to document recognition},
  author={LeCun, Yann and Bottou, L{\'e}on and Bengio, Yoshua and Haffner, Patrick},
  journal={Proceedings of the IEEE},
  year={1998},
}

@article{shumailov2021manipulating,
  title={Manipulating sgd with data ordering attacks},
  author={Shumailov, Ilia and Shumaylov, Zakhar and Kazhdan, Dmitry and Zhao, Yiren and Papernot, Nicolas and Erdogdu, Murat A and Anderson, Ross},
  journal={NeurIPS},
  year={2021}
}

@article{doan2021backdoor,
  title={Backdoor Attack with Imperceptible Input and Latent Modification},
  author={Doan, Khoa and Lao, Yingjie and Li, Ping},
  journal={NeurIPS},
  year={2021}
}

@inproceedings{doan2021lira,
  title={LIRA: Learnable, Imperceptible and Robust Backdoor Attacks},
  author={Doan, Khoa and Lao, Yingjie and Zhao, Weijie and Li, Ping},
  booktitle={ICCV},
  year={2021}
}

@inproceedings{bagdasaryan2021blind,
  title={Blind backdoors in deep learning models},
  author={Bagdasaryan, Eugene and Shmatikov, Vitaly},
  booktitle={USENIX Security},
  year={2021}
}

@inproceedings{wenger2021backdoor,
  title={Backdoor attacks against deep learning systems in the physical world},
  author={Wenger, Emily and Passananti, Josephine and Bhagoji, Arjun Nitin and Yao, Yuanshun and Zheng, Haitao and Zhao, Ben Y},
  booktitle={CVPR},
  year={2021}
}

@inproceedings{
dosovitskiy2021an,
title={An Image is Worth 16x16 Words: Transformers for Image Recognition at Scale},
author={Alexey Dosovitskiy and Lucas Beyer and Alexander Kolesnikov and Dirk Weissenborn and Xiaohua Zhai and Thomas Unterthiner and Mostafa Dehghani and Matthias Minderer and Georg Heigold and Sylvain Gelly and Jakob Uszkoreit and Neil Houlsby},
booktitle={ICLR},
year={2021},
}

@article{brown2020language,
  title={Language models are few-shot learners},
  author={Brown, Tom and Mann, Benjamin and Ryder, Nick and Subbiah, Melanie and Kaplan, Jared D and Dhariwal, Prafulla and Neelakantan, Arvind and Shyam, Pranav and Sastry, Girish and Askell, Amanda and others},
  journal={NeurIPS},
  year={2020}
}

@article{li2020rethinking,
  title={Rethinking the trigger of backdoor attack},
  author={Li, Yiming and Zhai, Tongqing and Wu, Baoyuan and Jiang, Yong and Li, Zhifeng and Xia, Shutao},
  journal={arXiv preprint arXiv:2004.04692},
  year={2020}
}

@article{yu2021indiscriminate,
  title={Indiscriminate Poisoning Attacks Are Shortcuts},
  author={Yu, Da and Zhang, Huishuai and Chen, Wei and Yin, Jian and Liu, Tie-Yan},
  journal={arXiv preprint arXiv:2111.00898},
  year={2021}
}

@inproceedings{lin2020composite,
  title={Composite backdoor attack for deep neural network by mixing existing benign features},
  author={Lin, Junyu and Xu, Lei and Liu, Yingqi and Zhang, Xiangyu},
  booktitle={CCS},
  year={2020}
}

@inproceedings{zeiler2014visualizing,
  title={Visualizing and understanding convolutional networks},
  author={Zeiler, Matthew D and Fergus, Rob},
  booktitle={ECCV},
  year={2014},
}

@article{simonyan2013deep,
  title={Deep inside convolutional networks: Visualising image classification models and saliency maps},
  author={Simonyan, Karen and Vedaldi, Andrea and Zisserman, Andrew},
  journal={arXiv preprint arXiv:1312.6034},
  year={2013}
}

@article{springenberg2014striving,
  title={Striving for simplicity: The all convolutional net},
  author={Springenberg, Jost Tobias and Dosovitskiy, Alexey and Brox, Thomas and Riedmiller, Martin},
  journal={arXiv preprint arXiv:1412.6806},
  year={2014}
}

@inproceedings{mahendran2016salient,
  title={Salient deconvolutional networks},
  author={Mahendran, Aravindh and Vedaldi, Andrea},
  booktitle={ECCV},
  year={2016},
}

@article{dabkowski2017real,
  title={Real time image saliency for black box classifiers},
  author={Dabkowski, Piotr and Gal, Yarin},
  journal={NeurIPS},
  year={2017}
}

@article{petsiuk2018rise,
  title={Rise: Randomized input sampling for explanation of black-box models},
  author={Petsiuk, Vitali and Das, Abir and Saenko, Kate},
  journal={arXiv preprint arXiv:1806.07421},
  year={2018}
}

@inproceedings{zhou2016learning,
  title={Learning deep features for discriminative localization},
  author={Zhou, Bolei and Khosla, Aditya and Lapedriza, Agata and Oliva, Aude and Torralba, Antonio},
  booktitle={CVPR},
  year={2016}
}

@inproceedings{selvaraju2017grad,
  title={Grad-cam: Visual explanations from deep networks via gradient-based localization},
  author={Selvaraju, Ramprasaath R and Cogswell, Michael and Das, Abhishek and Vedantam, Ramakrishna and Parikh, Devi and Batra, Dhruv},
  booktitle={ICCV},
  year={2017}
}

@inproceedings{kolouri2020universal,
  title={Universal litmus patterns: Revealing backdoor attacks in cnns},
  author={Kolouri, Soheil and Saha, Aniruddha and Pirsiavash, Hamed and Hoffmann, Heiko},
  booktitle={CVPR},
  year={2020}
}

@inproceedings{zeng2021rethinking,
  title={Rethinking the backdoor attacks' triggers: A frequency perspective},
  author={Zeng, Yi and Park, Won and Mao, Z Morley and Jia, Ruoxi},
  booktitle={ICCV},
  year={2021}
}

@inproceedings{
nguyen2021wanet,
title={WaNet - Imperceptible Warping-based Backdoor Attack},
author={Tuan Anh Nguyen and Anh Tuan Tran},
booktitle={ICLR},
year={2021},
}

@inproceedings{borgnia2021strong,
  title={Strong data augmentation sanitizes poisoning and backdoor attacks without an accuracy tradeoff},
  author={Borgnia, Eitan and Cherepanova, Valeriia and Fowl, Liam and Ghiasi, Amin and Geiping, Jonas and Goldblum, Micah and Goldstein, Tom and Gupta, Arjun},
  booktitle={ICASSP},
  year={2021},
}

@inproceedings{
huang2022backdoor,
title={Backdoor Defense via Decoupling the Training Process},
author={Kunzhe Huang and Yiming Li and Baoyuan Wu and Zhan Qin and Kui Ren},
booktitle={ICLR},
year={2022},
}

@inproceedings{
zeng2022adversarial,
title={Adversarial Unlearning of Backdoors via Implicit Hypergradient},
author={Yi Zeng and Si Chen and Won Park and Zhuoqing Mao and Ming Jin and Ruoxi Jia},
booktitle={ICLR},
year={2022},
}

@inproceedings{peri2020deep,
  title={Deep k-nn defense against clean-label data poisoning attacks},
  author={Peri, Neehar and Gupta, Neal and Huang, W Ronny and Fowl, Liam and Zhu, Chen and Feizi, Soheil and Goldstein, Tom and Dickerson, John P},
  booktitle={ECCV},
  year={2020},
}

@inproceedings{chattopadhay2018grad,
  title={Grad-cam++: Generalized gradient-based visual explanations for deep convolutional networks},
  author={Chattopadhay, Aditya and Sarkar, Anirban and Howlader, Prantik and Balasubramanian, Vineeth N},
  booktitle={WACV},
  year={2018},
}

@article{srinivas2019full,
  title={Full-gradient representation for neural network visualization},
  author={Srinivas, Suraj and Fleuret, Fran{\c{c}}ois},
  journal={NeurIPS},
  year={2019}
}

@inproceedings{grabska2021towards,
  title={Towards Better Visual Explanations for Deep Image Classifiers},
  author={Grabska-Barwinska, Agnieszka and Rannen-Triki, Amal and Rivasplata, Omar and Gy{\"o}rgy, Andr{\'a}s},
  booktitle={eXplainable AI approaches for debugging and diagnosis.},
  year={2021}
}

@article{ilyas2019adversarial,
  title={Adversarial examples are not bugs, they are features},
  author={Ilyas, Andrew and Santurkar, Shibani and Tsipras, Dimitris and Engstrom, Logan and Tran, Brandon and Madry, Aleksander},
  journal={NeurIPS},
  volume={32},
  year={2019}
}

@inproceedings{houben2013detection,
  title={Detection of traffic signs in real-world images: The German Traffic Sign Detection Benchmark},
  author={Houben, Sebastian and Stallkamp, Johannes and Salmen, Jan and Schlipsing, Marc and Igel, Christian},
  booktitle={IJCNN},
  year={2013},
}

@inproceedings{he2016identity,
  title={Identity mappings in deep residual networks},
  author={He, Kaiming and Zhang, Xiangyu and Ren, Shaoqing and Sun, Jian},
  booktitle={ECCV},
  year={2016},
}

@inproceedings{sandler2018mobilenetv2,
  title={Mobilenetv2: Inverted residuals and linear bottlenecks},
  author={Sandler, Mark and Howard, Andrew and Zhu, Menglong and Zhmoginov, Andrey and Chen, Liang-Chieh},
  booktitle={CVPR},
  year={2018}
}

@inproceedings{szegedy2015going,
  title={Going deeper with convolutions},
  author={Szegedy, Christian and Liu, Wei and Jia, Yangqing and Sermanet, Pierre and Reed, Scott and Anguelov, Dragomir and Erhan, Dumitru and Vanhoucke, Vincent and Rabinovich, Andrew},
  booktitle={CVPR},
  year={2015}
}

@inproceedings{simonyan2014very,
author={Karen Simonyan and
               Andrew Zisserman},
title={Very Deep Convolutional Networks for Large-Scale Image Recognition},
booktitle={ICLR},
year={2015},
}

@inproceedings{tan2019efficientnet,
  title={Efficientnet: Rethinking model scaling for convolutional neural networks},
  author={Tan, Mingxing and Le, Quoc},
  booktitle={ICML},
  year={2019},
}

@inproceedings{
loshchilov2017sgdr,
title={{SGDR}: Stochastic Gradient Descent with Warm Restarts},
author={Ilya Loshchilov and Frank Hutter},
booktitle={ICLR},
year={2017},
}

@inproceedings{guan2022few,
  title={Few-shot Backdoor Defense Using Shapley Estimation},
  author={Guan, Jiyang and Tu, Zhuozhuo and He, Ran and Tao, Dacheng},
  booktitle={CVPR},
  year={2022}
}

@inproceedings{tao2022better,
  title={Better Trigger Inversion Optimization in Backdoor Scanning},
  author={Tao, Guanhong and Shen, Guangyu and Liu, Yingqi and An, Shengwei and Xu, Qiuling and Ma, Shiqing and Li, Pan and Zhang, Xiangyu},
  booktitle={CVPR},
  year={2022}
}

@inproceedings{feng2022fiba,
  title={FIBA: Frequency-Injection based Backdoor Attack in Medical Image Analysis},
  author={Feng, Yu and Ma, Benteng and Zhang, Jing and Zhao, Shanshan and Xia, Yong and Tao, Dacheng},
  booktitle={CVPR},
  year={2022}
}

@inproceedings{torralba2011unbiased,
  title={Unbiased look at dataset bias},
  author={Torralba, Antonio and Efros, Alexei A},
  booktitle={CVPR},
  year={2011},
}

@article{bolukbasi2016man,
  title={Man is to computer programmer as woman is to homemaker? debiasing word embeddings},
  author={Bolukbasi, Tolga and Chang, Kai-Wei and Zou, James Y and Saligrama, Venkatesh and Kalai, Adam T},
  journal={NeurIPS},
  year={2016}
}

@inproceedings{liu2022complex,
  title={Complex Backdoor Detection by Symmetric Feature Differencing},
  author={Liu, Yingqi and Shen, Guangyu and Tao, Guanhong and Wang, Zhenting and Ma, Shiqing and Zhang, Xiangyu},
  booktitle={CVPR},
  year={2022}
}

@article{nam2020learning,
  title={Learning from failure: De-biasing classifier from biased classifier},
  author={Nam, Junhyun and Cha, Hyuntak and Ahn, Sungsoo and Lee, Jaeho and Shin, Jinwoo},
  journal={NeurIPS},
  year={2020}
}

@inproceedings{tartaglione2021end,
  title={End: Entangling and disentangling deep representations for bias correction},
  author={Tartaglione, Enzo and Barbano, Carlo Alberto and Grangetto, Marco},
  booktitle={CVPR},
  year={2021}
}

@inproceedings{liu2015faceattributes,
  title = {Deep Learning Face Attributes in the Wild},
  author = {Liu, Ziwei and Luo, Ping and Wang, Xiaogang and Tang, Xiaoou},
  booktitle = {ICCV},
  year = {2015} 
}

@inproceedings{zhang2018examining,
  title={Examining cnn representations with respect to dataset bias},
  author={Zhang, Quanshi and Wang, Wenguan and Zhu, Song-Chun},
  booktitle={AAAI},
  year={2018}
}

@inproceedings{du2021towards,
  title={Towards Interpreting and Mitigating Shortcut Learning Behavior of NLU models},
  author={Du, Mengnan and Manjunatha, Varun and Jain, Rajiv and Deshpande, Ruchi and Dernoncourt, Franck and Gu, Jiuxiang and Sun, Tong and Hu, Xia},
  booktitle={NAACL-HLT},
  year={2021}
}


@inproceedings{khani2021removing,
  title={Removing spurious features can hurt accuracy and affect groups disproportionately},
  author={Khani, Fereshte and Liang, Percy},
  booktitle={ACM FAccT},
  year={2021}
}

@article{xiao2020noise,
  title={Noise or signal: The role of image backgrounds in object recognition},
  author={Xiao, Kai and Engstrom, Logan and Ilyas, Andrew and Madry, Aleksander},
  journal={arXiv preprint arXiv:2006.09994},
  year={2020}
}

@article{chen2020self,
  title={Self-training avoids using spurious features under domain shift},
  author={Chen, Yining and Wei, Colin and Kumar, Ananya and Ma, Tengyu},
  journal={NeurIPS},
  year={2020}
}

@inproceedings{niven2019probing,
  title={Probing neural network comprehension of natural language arguments},
  author={Niven, Timothy and Kao, Hung Yu},
  booktitle={ACL},
  year={2019},
}

@inproceedings{schult2008exploring,
  title={Exploring network structure, dynamics, and function using NetworkX},
  author={Schult, Daniel A},
  booktitle={SciPy},
  year={2008},
}

@inproceedings{chou2020sentinet,
  title={Sentinet: Detecting localized universal attacks against deep learning systems},
  author={Chou, Edward and Tramer, Florian and Pellegrino, Giancarlo},
  booktitle={SPW},
  year={2020},
}


@inproceedings{zhao2020clean,
  title={Clean-label backdoor attacks on video recognition models},
  author={Zhao, Shihao and Ma, Xingjun and Zheng, Xiang and Bailey, James and Chen, Jingjing and Jiang, Yu-Gang},
  booktitle={CVPR},
  year={2020}
}

@article{sun2020poisoned,
  title={Poisoned classifiers are not only backdoored, they are fundamentally broken},
  author={Sun, Mingjie and Agarwal, Siddhant and Kolter, J Zico},
  journal={arXiv preprint arXiv:2010.09080},
  year={2020}
}

@inproceedings{drucker1991double,
  title={Double backpropagation increasing generalization performance},
  author={Drucker, Harris and Le Cun, Yann},
  booktitle={IJCNN},
  year={1991},
}

@inproceedings{dolatabadi2022collider,
  title={COLLIDER: A Robust Training Framework for Backdoor Data},
  author={Dolatabadi, Hadi Mohaghegh and Erfani, Sarah and Leckie, Christopher},
  booktitle={ACCV},
  year={2022}
}

@article{li2022few,
  title={Few-shot backdoor attacks on visual object tracking},
  author={Li, Yiming and Zhong, Haoxiang and Ma, Xingjun and Jiang, Yong and Xia, Shu-Tao},
  journal={ICLR},
  year={2022}
}

@inproceedings{sun2022backdoor,
  title={Backdoor attacks on crowd counting},
  author={Sun, Yuhua and Zhang, Tailai and Ma, Xingjun and Zhou, Pan and Lou, Jian and Xu, Zichuan and Di, Xing and Cheng, Yu and Sun, Lichao},
  booktitle={ACM MM},
  year={2022}
}


@inproceedings{jiang2022backdoor,
  title={Backdoor Attacks on Time Series: A Generative Approach},
  author={Jiang, Yujing and Ma, Xingjun and Erfani, Sarah Monazam and Bailey, James},
  booktitle={SaTML},
  year={2023}
}

@inproceedings{
chen2022effective,
title={Effective Backdoor Defense by Exploiting Sensitivity of Poisoned Samples},
author={Weixin Chen and Baoyuan Wu and Haoqian Wang},
booktitle={NeurIPS},
editor={Alice H. Oh and Alekh Agarwal and Danielle Belgrave and Kyunghyun Cho},
year={2022},
}

@inproceedings{wang2022measuring,
  title={Measuring and Mitigating Name Biases in Neural Machine Translation},
  author={Wang, Jun and Rubinstein, Benjamin and Cohn, Trevor},
  booktitle={ACL},
  year={2022}
}

@inproceedings{wang2022bppattack,
  title={Bppattack: Stealthy and efficient trojan attacks against deep neural networks via image quantization and contrastive adversarial learning},
  author={Wang, Zhenting and Zhai, Juan and Ma, Shiqing},
  booktitle={CVPR},
  year={2022}
}

@inproceedings{li2023embarrassingly,
  title={An embarrassingly simple backdoor attack on self-supervised learning},
  author={Li, Changjiang and Pang, Ren and Xi, Zhaohan and Du, Tianyu and Ji, Shouling and Yao, Yuan and Wang, Ting},
  booktitle={ICCV},
  year={2023}
}

@inproceedings{
carlini2022poisoning,
title={Poisoning and Backdooring Contrastive Learning},
author={Nicholas Carlini and Andreas Terzis},
booktitle={ICLR},
year={2022},
}

@inproceedings{tao2023distribution,
  title={Distribution preserving backdoor attack in self-supervised learning},
  author={Tao, Guanhong and Wang, Zhenting and Feng, Shiwei and Shen, Guangyu and Ma, Shiqing and Zhang, Xiangyu},
  booktitle={S\&P},
  year={2023},
}

@inproceedings{jia2022badencoder,
  title={Badencoder: Backdoor attacks to pre-trained encoders in self-supervised learning},
  author={Jia, Jinyuan and Liu, Yupei and Gong, Neil Zhenqiang},
  booktitle={S\&P},
  year={2022},
}

@inproceedings{liu2022poisonedencoder,
  title={$\{$PoisonedEncoder$\}$: Poisoning the Unlabeled Pre-training Data in Contrastive Learning},
  author={Liu, Hongbin and Jia, Jinyuan and Gong, Neil Zhenqiang},
  booktitle={USENIX Security},
  year={2022}
}

@inproceedings{
huang2023distilling,
title={Distilling Cognitive Backdoor Patterns within an Image},
author={Hanxun Huang and Xingjun Ma and Sarah Monazam Erfani and James Bailey},
booktitle={ICLR},
year={2023},
}

@article{levina2004maximum,
  title={Maximum likelihood estimation of intrinsic dimension},
  author={Levina, Elizaveta and Bickel, Peter},
  journal={NeurIPS},
  year={2004}
}

@inproceedings{houle2017local1,
  title={Local intrinsic dimensionality {I}: an extreme-value-theoretic foundation for similarity applications},
  author={Houle, Michael E},
  booktitle={SISAP},
  year={2017}
}

@inproceedings{huang2024ldreg,
  title={LDReg: Local Dimensionality Regularized Self-Supervised Learning},
  author={Hanxun Huang and Ricardo J. G. B. Campello and Sarah Monazam Erfani and Xingjun Ma and Michael E. Houle and James Bailey},
  booktitle={ICLR},
  year={2024}
}

@inproceedings{
ma2018characterizing,
title={Characterizing Adversarial Subspaces Using Local Intrinsic Dimensionality},
author={Xingjun Ma and Bo Li and Yisen Wang and Sarah M. Erfani and Sudanthi Wijewickrema and Grant Schoenebeck and Michael E. Houle and Dawn Song and James Bailey},
booktitle={ICLR},
year={2018},
}

@inproceedings{ma2018dimensionality,
  title={Dimensionality-driven learning with noisy labels},
  author={Ma, Xingjun and Wang, Yisen and Houle, Michael E and Zhou, Shuo and Erfani, Sarah and Xia, Shutao and Wijewickrema, Sudanthi and Bailey, James},
  booktitle={ICML},
  year={2018},
}

@inproceedings{gong2019intrinsic,
  title={On the intrinsic dimensionality of image representations},
  author={Gong, Sixue and Boddeti, Vishnu Naresh and Jain, Anil K},
  booktitle={CVPR},
  year={2019}
}

@inproceedings{ansuini2019intrinsic,
  title     = {Intrinsic dimension of data representations in deep neural networks},
  author    = {Ansuini, Alessio and Laio, Alessandro and Macke, Jakob H and Zoccolan, Davide},
  booktitle = {NeurIPS},
  year      = {2019}
}

@inproceedings{
pope2021the,
title={The Intrinsic Dimension of Images and Its Impact on Learning},
author={Phil Pope and Chen Zhu and Ahmed Abdelkader and Micah Goldblum and Tom Goldstein},
booktitle={ICLR},
year={2021},
}

@inproceedings{anderberg2024dimensionality,
  title={Dimensionality-Aware Outlier Detection: Theoretical and Experimental Analysis},
  author={Anderberg, Alastair and Bailey, James and Campello, Ricardo JGB and Houle, Michael E and Marques, Henrique O and Radovanovi{\'c}, Milo{\v{s}} and Zimek, Arthur},
  booktitle={SDM},
  year={2024}
}

@inproceedings{chen2020simple,
  title={A simple framework for contrastive learning of visual representations},
  author={Chen, Ting and Kornblith, Simon and Norouzi, Mohammad and Hinton, Geoffrey},
  booktitle={ICML},
  year={2020},
}


@inproceedings{chopra2005learning,
  title={Learning a similarity metric discriminatively, with application to face verification},
  author={Chopra, Sumit and Hadsell, Raia and LeCun, Yann},
  booktitle={CVPR},
  year={2005},
}

@inproceedings{hadsell2006dimensionality,
  title={Dimensionality reduction by learning an invariant mapping},
  author={Hadsell, Raia and Chopra, Sumit and LeCun, Yann},
  booktitle={CVPR},
  year={2006},
}

@article{oord2018representation,
  title={Representation learning with contrastive predictive coding},
  author={Oord, Aaron van den and Li, Yazhe and Vinyals, Oriol},
  journal={arXiv preprint arXiv:1807.03748},
  year={2018}
}

@inproceedings{bardes2022vicreg,
title={{VICR}eg: Variance-Invariance-Covariance Regularization for Self-Supervised Learning},
author={Adrien Bardes and Jean Ponce and Yann LeCun},
booktitle={ICLR},
year={2022},
}

@article{grill2020bootstrap,
  title={Bootstrap your own latent-a new approach to self-supervised learning},
  author={Grill, Jean-Bastien and Strub, Florian and Altch{\'e}, Florent and Tallec, Corentin and Richemond, Pierre and Buchatskaya, Elena and Doersch, Carl and Avila Pires, Bernardo and Guo, Zhaohan and Gheshlaghi Azar, Mohammad and others},
  journal={NeurIPS},
  year={2020}
}

@inproceedings{chen2021exploring,
  title={Exploring simple siamese representation learning},
  author={Chen, Xinlei and He, Kaiming},
  booktitle={CVPR},
  year={2021}
}

@inproceedings{caron2021emerging,
  title={Emerging properties in self-supervised vision transformers},
  author={Caron, Mathilde and Touvron, Hugo and Misra, Ishan and J{\'e}gou, Herv{\'e} and Mairal, Julien and Bojanowski, Piotr and Joulin, Armand},
  booktitle={ICCV},
  year={2021}
}

@inproceedings{wu2018unsupervised,
  title={Unsupervised feature learning via non-parametric instance discrimination},
  author={Wu, Zhirong and Xiong, Yuanjun and Yu, Stella X and Lin, Dahua},
  booktitle={CVPR},
  year={2018}
}

@inproceedings{radford2021learning,
  title={Learning transferable visual models from natural language supervision},
  author={Radford, Alec and Kim, Jong Wook and Hallacy, Chris and Ramesh, Aditya and Goh, Gabriel and Agarwal, Sandhini and Sastry, Girish and Askell, Amanda and Mishkin, Pamela and Clark, Jack and others},
  booktitle={ICML},
  year={2021},
}

@article{schuhmann2021laion,
  title={Laion-400m: Open dataset of clip-filtered 400 million image-text pairs},
  author={Schuhmann, Christoph and Vencu, Richard and Beaumont, Romain and Kaczmarczyk, Robert and Mullis, Clayton and Katta, Aarush and Coombes, Theo and Jitsev, Jenia and Komatsuzaki, Aran},
  journal={arXiv preprint arXiv:2111.02114},
  year={2021}
}

@article{bansal2023cleanclip,
  title={CleanCLIP: Mitigating Data Poisoning Attacks in Multimodal Contrastive Learning},
  author={Bansal, Hritik and Singhi, Nishad and Yang, Yu and Yin, Fan and Grover, Aditya and Chang, Kai-Wei},
  journal={arXiv preprint arXiv:2303.03323},
  year={2023}
}

@inproceedings{yang2023better,
  title={Better Safe than Sorry: Pre-training CLIP against Targeted Data Poisoning and Backdoor Attacks},
  author={Yang, Wenhan and Gao, Jingdong and Mirzasoleiman, Baharan},
  booktitle={ICML},
  year={2024}
}


@article{yang2023robust,
  title={Robust Contrastive Language-Image Pretraining against Data Poisoning and Backdoor Attacks},
  author={Yang, Wenhan and Gao, Jingdong and Mirzasoleiman, Baharan},
  journal={NeurIPS},
  year={2023}
}

@inproceedings{jia2021scaling,
  title={Scaling up visual and vision-language representation learning with noisy text supervision},
  author={Jia, Chao and Yang, Yinfei and Xia, Ye and Chen, Yi-Ting and Parekh, Zarana and Pham, Hieu and Le, Quoc and Sung, Yun-Hsuan and Li, Zhen and Duerig, Tom},
  booktitle={ICML},
  year={2021},
}

@inproceedings{breunig2000lof,
  title={LOF: identifying density-based local outliers},
  author={Breunig, Markus M and Kriegel, Hans-Peter and Ng, Raymond T and Sander, J{\"o}rg},
  booktitle={SIGMOD},
  year={2000}
}

@article{schubert2014local,
  title={Local outlier detection reconsidered: a generalized view on locality with applications to spatial, video, and network outlier detection},
  author={Schubert, Erich and Zimek, Arthur and Kriegel, Hans-Peter},
  journal={Data Min. Knowl. Disc.},
  year={2014},
}

@inproceedings{
loshchilov2018decoupled,
title={Decoupled Weight Decay Regularization},
author={Ilya Loshchilov and Frank Hutter},
booktitle={ICLR},
year={2019},
}

@article{vaswani2017attention,
  title={Attention is all you need},
  author={Vaswani, Ashish and Shazeer, Noam and Parmar, Niki and Uszkoreit, Jakob and Jones, Llion and Gomez, Aidan N and Kaiser, Lukasz and Polosukhin, Illia},
  journal={NeurIPS},
  year={2017}
}

@inproceedings{sharma2018conceptual,
  title = {Conceptual Captions: A Cleaned, Hypernymed, Image Alt-text Dataset For Automatic Image Captioning},
  author = {Sharma, Piyush and Ding, Nan and Goodman, Sebastian and Soricut, Radu},
  booktitle = {ACL},
  year = {2018},
}

@article{campos2016evaluation,
  title={On the evaluation of unsupervised outlier detection: measures, datasets, and an empirical study},
  author={Campos, Guilherme O and Zimek, Arthur and Sander, J{\"o}rg and Campello, Ricardo JGB and Micenkov{\'a}, Barbora and Schubert, Erich and Assent, Ira and Houle, Michael E},
  journal={Data Min. Knowl. Disc.},
  year={2016},
}

@inproceedings{ramaswamy2000efficient,
  title={Efficient algorithms for mining outliers from large data sets},
  author={Ramaswamy, Sridhar and Rastogi, Rajeev and Shim, Kyuseok},
  booktitle={SIGMOD},
  year={2000}
}

@inproceedings{tang2002enhancing,
  title={Enhancing effectiveness of outlier detections for low density patterns},
  author={Tang, Jian and Chen, Zhixiang and Fu, Ada Wai-Chee and Cheung, David W},
  booktitle={PAKDD},
  pages={535--548},
  year={2002},
}

@inproceedings{jin2006ranking,
  title={Ranking outliers using symmetric neighborhood relationship},
  author={Jin, Wen and Tung, Anthony KH and Han, Jiawei and Wang, Wei},
  booktitle={PAKDD},
  year={2006},
}

@inproceedings{latecki2007outlier,
  title={Outlier detection with kernel density functions},
  author={Latecki, Longin Jan and Lazarevic, Aleksandar and Pokrajac, Dragoljub},
  booktitle={MLDM},
  year={2007},
}

@inproceedings{papadimitriou2003loci,
  title={Loci: Fast outlier detection using the local correlation integral},
  author={Papadimitriou, Spiros and Kitagawa, Hiroyuki and Gibbons, Phillip B and Faloutsos, Christos},
  booktitle={ICDE},
  year={2003},
}

@inproceedings{kriegel2008angle,
  title={Angle-based outlier detection in high-dimensional data},
  author={Kriegel, Hans-Peter and Schubert, Matthias and Zimek, Arthur},
  booktitle={KDD},
  year={2008}
}

@inproceedings{liu2008isolation,
  title={Isolation forest},
  author={Liu, Fei Tony and Ting, Kai Ming and Zhou, Zhi-Hua},
  booktitle={ICDM},
  year={2008},
}

@article{scholkopf2001estimating,
  title={Estimating the support of a high-dimensional distribution},
  author={Sch{\"o}lkopf, Bernhard and Platt, John C and Shawe-Taylor, John and Smola, Alex J and Williamson, Robert C},
  journal={Neural computation},
  year={2001},
}

@inproceedings{yang2009outlier,
  title={Outlier detection with globally optimal exemplar-based GMM},
  author={Yang, Xingwei and Latecki, Longin Jan and Pokrajac, Dragoljub},
  booktitle={SDM},
  year={2009},
}

@article{satman2013new,
  title={A new algorithm for detecting outliers in linear regression},
  author={Satman, Mehmet Hakan},
  journal={International Journal of statistics and Probability},
  year={2013},
}

@article{goldstein2012histogram,
  title={Histogram-based outlier score (hbos): A fast unsupervised anomaly detection algorithm},
  author={Goldstein, Markus and Dengel, Andreas},
  journal={KI-2012: poster and demo track},
  year={2012},
}

@article{li2022ecod,
  title={Ecod: Unsupervised outlier detection using empirical cumulative distribution functions},
  author={Li, Zheng and Zhao, Yue and Hu, Xiyang and Botta, Nicola and Ionescu, Cezar and Chen, George},
  journal={IEEE Transactions on Knowledge and Data Engineering},
  year={2022},
}

@inproceedings{lazarevic2005feature,
  title={Feature bagging for outlier detection},
  author={Lazarevic, Aleksandar and Kumar, Vipin},
  booktitle={KDD},
  year={2005}
}

@article{zhao2021suod,
  title={Suod: Accelerating large-scale unsupervised heterogeneous outlier detection},
  author={Zhao, Yue and Hu, Xiyang and Cheng, Cheng and Wang, Cong and Wan, Changlin and Wang, Wen and Yang, Jianing and Bai, Haoping and Li, Zheng and Xiao, Cao and others},
  journal={Proceedings of Machine Learning and Systems},
  year={2021}
}

@misc{openclip,
  author       = {Ilharco, Gabriel and
                  Wortsman, Mitchell and
                  Wightman, Ross and
                  Gordon, Cade and
                  Carlini, Nicholas and
                  Taori, Rohan and
                  Dave, Achal and
                  Shankar, Vaishaal and
                  Namkoong, Hongseok and
                  Miller, John and
                  Hajishirzi, Hannaneh and
                  Farhadi, Ali and
                  Schmidt, Ludwig},
  title        = {OpenCLIP},
  year         = 2021,
  url          = {https://github.com/mlfoundations/open_clip}
}

@inproceedings{li2022blip,
  title={Blip: Bootstrapping language-image pre-training for unified vision-language understanding and generation},
  author={Li, Junnan and Li, Dongxu and Xiong, Caiming and Hoi, Steven},
  booktitle={ICML},
  year={2022},
}

@inproceedings{li2023blip,
  title={Blip-2: Bootstrapping language-image pre-training with frozen image encoders and large language models},
  author={Li, Junnan and Li, Dongxu and Savarese, Silvio and Hoi, Steven},
  booktitle={ICML},
  year={2023},
}

@inproceedings{recht2019imagenet,
  title={Do imagenet classifiers generalize to imagenet?},
  author={Recht, Benjamin and Roelofs, Rebecca and Schmidt, Ludwig and Shankar, Vaishaal},
  booktitle={ICML},
  year={2019},
}

@inproceedings{lin2014microsoft,
  title={Microsoft coco: Common objects in context},
  author={Lin, Tsung-Yi and Maire, Michael and Belongie, Serge and Hays, James and Perona, Pietro and Ramanan, Deva and Doll{\'a}r, Piotr and Zitnick, C Lawrence},
  booktitle={ECCV},
  year={2014},
}

@article{thomee2016yfcc100m,
  title={YFCC100M: The new data in multimedia research},
  author={Thomee, Bart and Shamma, David A and Friedland, Gerald and Elizalde, Benjamin and Ni, Karl and Poland, Douglas and Borth, Damian and Li, Li-Jia},
  journal={Communications of the ACM},
  year={2016},
}

@misc{openai_dalle,
  title = {DALL·E now available without waitlist},
  author = {OpenAI},
  howpublished = {\url{https://openai.com/blog/dall-e-now-available-without-waitlist}},
  note = {Accessed: 2024-03-05}

}

@article{betker2023improving,
  title={Improving image generation with better captions},
  author={Betker, James and Goh, Gabriel and Jing, Li and Brooks, Tim and Wang, Jianfeng and Li, Linjie and Ouyang, Long and Zhuang, Juntang and Lee, Joyce and Guo, Yufei and others},
  year={2023}
}

@inproceedings{carlini2024poisoning,
  title={Poisoning Web-Scale Training Datasets is Practical},
  author={Carlini, Nicholas and Jagielski, Matthew and Choquette-Choo, Christopher A and Paleka, Daniel and Pearce, Will and Anderson, Hyrum and Terzis, Andreas and Thomas, Kurt and Tram{\`e}r, Florian},
  booktitle={S\&P},
  year={2024},
}

@article{li2024multi,
  title={Multi-Trigger Backdoor Attacks: More Triggers, More Threats},
  author={Li, Yige and Ma, Xingjun and He, Jiabo and Huang, Hanxun and Jiang, Yu-Gang},
  journal={arXiv preprint arXiv:2401.15295},
  year={2024}
}

@inproceedings{changpinyo2021conceptual,
  title={Conceptual 12m: Pushing web-scale image-text pre-training to recognize long-tail visual concepts},
  author={Changpinyo, Soravit and Sharma, Piyush and Ding, Nan and Soricut, Radu},
  booktitle={CVPR},
  year={2021}
}

@inproceedings{liu2023visual,
  title={Visual instruction tuning},
  author={Liu, Haotian and Li, Chunyuan and Wu, Qingyang and Lee, Yong Jae},
  booktitle={NeurIPS},
  year={2023}
}

@article{awadalla2023openflamingo,
  title={Openflamingo: An open-source framework for training large autoregressive vision-language models},
  author={Awadalla, Anas and Gao, Irena and Gardner, Josh and Hessel, Jack and Hanafy, Yusuf and Zhu, Wanrong and Marathe, Kalyani and Bitton, Yonatan and Gadre, Samir and Sagawa, Shiori and others},
  journal={arXiv preprint arXiv:2308.01390},
  year={2023}
}

@inproceedings{alayrac2022flamingo,
  title={Flamingo: a visual language model for few-shot learning},
  author={Alayrac, Jean-Baptiste and Donahue, Jeff and Luc, Pauline and Miech, Antoine and Barr, Iain and Hasson, Yana and Lenc, Karel and Mensch, Arthur and Millican, Katherine and Reynolds, Malcolm and others},
  booktitle={NeurIPS},
  year={2022}
}

@inproceedings{bossard2014food,
  title={Food-101--mining discriminative components with random forests},
  author={Bossard, Lukas and Guillaumin, Matthieu and Van Gool, Luc},
  booktitle={ECCV},
  year={2014},
}

@article{krause2013collecting,
  title={Collecting a large-scale dataset of fine-grained cars},
  author={Krause, Jonathan and Deng, Jia and Stark, Michael and Fei-Fei, Li},
  year={2013}
}

@inproceedings{coates2011analysis,
  title={An analysis of single-layer networks in unsupervised feature learning},
  author={Coates, Adam and Ng, Andrew and Lee, Honglak},
  booktitle={AISTATS},
  year={2011},
}


@article{stallkamp2012man,
  title={Man vs. computer: Benchmarking machine learning algorithms for traffic sign recognition},
  author={Stallkamp, Johannes and Schlipsing, Marc and Salmen, Jan and Igel, Christian},
  journal={Neural networks},
  year={2012},
}


@inproceedings{
zhou2024dda,
title={{DDA}: Dimensionality Driven Augmentation Search for Contrastive Learning in Laparoscopic Surgery},
author={Yuning Zhou and Henry Badgery and Matthew Read and James Bailey and Catherine Davey},
booktitle={MIDL},
year={2024},
}


@article{bordes2024introduction,
  title={An introduction to vision-language modeling},
  author={Bordes, Florian and Pang, Richard Yuanzhe and Ajay, Anurag and Li, Alexander C and Bardes, Adrien and Petryk, Suzanne and Ma{\~n}as, Oscar and Lin, Zhiqiu and Mahmoud, Anas and Jayaraman, Bargav and others},
  journal={arXiv preprint arXiv:2405.17247},
  year={2024}
}

@article{gadre2023datacomp,
  title={Datacomp: In search of the next generation of multimodal datasets},
  author={Gadre, Samir Yitzhak and Ilharco, Gabriel and Fang, Alex and Hayase, Jonathan and Smyrnis, Georgios and Nguyen, Thao and Marten, Ryan and Wortsman, Mitchell and Ghosh, Dhruba and Zhang, Jieyu and others},
  journal={NeurIPS},
  year={2023}
}

@inproceedings{radenovic2023filtering,
  title={Filtering, distillation, and hard negatives for vision-language pre-training},
  author={Radenovic, Filip and Dubey, Abhimanyu and Kadian, Abhishek and Mihaylov, Todor and Vandenhende, Simon and Patel, Yash and Wen, Yi and Ramanathan, Vignesh and Mahajan, Dhruv},
  booktitle={CVPR},
  year={2023}
}

@inproceedings{mahmoud2024sieve,
  title={Sieve: Multimodal dataset pruning using image captioning models},
  author={Mahmoud, Anas and Elhoushi, Mostafa and Abbas, Amro and Yang, Yu and Ardalani, Newsha and Leather, Hugh and Morcos, Ari S},
  booktitle={CVPR},
  year={2024}
}

@inproceedings{
abbas2024effective,
title={Effective pruning of web-scale datasets based on complexity of concept clusters},
author={Amro Kamal Mohamed Abbas and Evgenia Rusak and Kushal Tirumala and Wieland Brendel and Kamalika Chaudhuri and Ari S. Morcos},
booktitle={ICLR},
year={2024},
}

@inproceedings{yang2023data,
  title={Data poisoning attacks against multimodal encoders},
  author={Yang, Ziqing and He, Xinlei and Li, Zheng and Backes, Michael and Humbert, Mathias and Berrang, Pascal and Zhang, Yang},
  booktitle={ICML},
  year={2023},
}

@article{biggio2012poisoning,
  title={Poisoning attacks against support vector machines},
  author={Biggio, Battista and Nelson, Blaine and Laskov, Pavel},
  journal={arXiv preprint arXiv:1206.6389},
  year={2012}
}

@inproceedings{
hou2024ibd,
title={{IBD}-{PSC}: Input-level Backdoor Detection via Parameter-oriented Scaling Consistency},
author={Linshan Hou and Ruili Feng and Zhongyun Hua and Wei Luo and Leo Yu Zhang and Yiming Li},
booktitle={ICML},
year={2024},
}

@inproceedings{pokrajac2007incremental,
  title={Incremental local outlier detection for data streams},
  author={Pokrajac, Dragoljub and Lazarevic, Aleksandar and Latecki, Longin Jan},
  booktitle={Symposium on computational intelligence and data mining},
  year={2007},
}

@article{salehi2016fast,
  title={Fast memory efficient local outlier detection in data streams},
  author={Salehi, Mahsa and Leckie, Christopher and Bezdek, James C and Vaithianathan, Tharshan and Zhang, Xuyun},
  journal={Transactions on Knowledge and Data Engineering},
  year={2016},
}

@inproceedings{houle2018correlation,
  title={On the correlation between local intrinsic dimensionality and outlierness},
  author={Houle, Michael E and Schubert, Erich and Zimek, Arthur},
  booktitle={SISAP},
  year={2018},
}

@inproceedings{
li2022supervision,
title={Supervision Exists Everywhere: A Data Efficient Contrastive Language-Image  Pre-training Paradigm},
author={Yangguang Li and Feng Liang and Lichen Zhao and Yufeng Cui and Wanli Ouyang and Jing Shao and Fengwei Yu and Junjie Yan},
booktitle={ICLR},
year={2022},
}

@inproceedings{li2024difficulty,
  title={On the Difficulty of Defending Contrastive Learning against Backdoor Attacks},
  author={Li, Changjiang and Pang, Ren and Cao, Bochuan and Xi, Zhaohan and Chen, Jinghui and Ji, Shouling and Wang, Ting},
  booktitle={USENIX Security},
  year={2024}
}

@inproceedings{
sun2024backdoor,
title={Backdoor Contrastive Learning via Bi-level Trigger Optimization},
author={Weiyu Sun and Xinyu Zhang and Hao LU and Ying-Cong Chen and Ting Wang and Jinghui Chen and Lu Lin},
booktitle={ICLR},
year={2024},
}

@article{kuang2024adversarial,
  title={Adversarial backdoor defense in clip},
  author={Kuang, Junhao and Liang, Siyuan and Liang, Jiawei and Liu, Kuanrong and Cao, Xiaochun},
  journal={arXiv preprint arXiv:2409.15968},
  year={2024}
}

@inproceedings{feng2023detecting,
  title={Detecting backdoors in pre-trained encoders},
  author={Feng, Shiwei and Tao, Guanhong and Cheng, Siyuan and Shen, Guangyu and Xu, Xiangzhe and Liu, Yingqi and Zhang, Kaiyuan and Ma, Shiqing and Zhang, Xiangyu},
  booktitle={CVPR},
  year={2023}
}

@article{niu2024bdetclip,
  title={Bdetclip: Multimodal prompting contrastive test-time backdoor detection},
  author={Niu, Yuwei and He, Shuo and Wei, Qi and Wu, Zongyu and Liu, Feng and Feng, Lei},
  journal={arXiv preprint arXiv:2405.15269},
  year={2024}
}

@inproceedings{joukhadar2024bayesian,
  title={Bayesian Estimation Approaches for Local Intrinsic Dimensionality},
  author={Joukhadar, Zaher and Huang, Hanxun and Erfani, Sarah Monazam and Campello, Ricardo JGB and Houle, Michael E and Bailey, James},
  booktitle={SISAP},
  year={2024},
}

@inproceedings{
desai2021redcaps,
title={RedCaps: Web-curated image-text data created by the people, for the people},
author={Karan Desai and Gaurav Kaul and Zubin Trivadi Aysola and Justin Johnson},
booktitle={NeurIPS Datasets and Benchmarks Track},
year={2021},
}