@inproceedings{CGFormer,
  title={Context and Geometry Aware Voxel Transformer for Semantic Scene Completion},
  author={Yu, Zhu and Zhang, Runmin and Ying, Jiacheng and Yu, Junchen and Hu, Xiaohai and Luo, Lun and Cao, Si-Yuan and Shen, Hui-Liang},
  booktitle = {Advances in Neural Information Processing Systems},
  year={2024}
}

@InProceedings{Fedynyak_2024_DeVos,
    author    = {Fedynyak, Volodymyr and Romanus, Yaroslav and Hlovatskyi, Bohdan and Sydor, Bohdan and Dobosevych, Oles and Babin, Igor and Riazantsev, Roman},
    title     = {DeVos: Flow-Guided Deformable Transformer for Video Object Segmentation},
    booktitle = {Proceedings of the IEEE/CVF Winter Conference on Applications of Computer Vision (WACV)},
    month     = {January},
    year      = {2024},
    pages     = {240-249}
}

@InProceedings{Xia_2023_scpnet,
    author    = {Xia, Zhaoyang and Liu, Youquan and Li, Xin and Zhu, Xinge and Ma, Yuexin and Li, Yikang and Hou, Yuenan and Qiao, Yu},
    title     = {SCPNet: Semantic Scene Completion on Point Cloud},
    booktitle = {CVPR},
    month     = {June},
    year      = {2023},
    pages     = {17642-17651}
}

@InProceedings{Yuan_2024_LoSh,
    author    = {Yuan, Linfeng and Shi, Miaojing and Yue, Zijie and Chen, Qijun},
    title     = {LoSh: Long-Short Text Joint Prediction Network for Referring Video Object Segmentation},
    booktitle = {Proceedings of the IEEE/CVF Conference on Computer Vision and Pattern Recognition (CVPR)},
    month     = {June},
    year      = {2024},
    pages     = {14001-14010}
}

@inproceedings{cai2021semantic,
  title={Semantic scene completion via integrating instances and scene in-the-loop},
  author={Cai, Yingjie and Chen, Xuesong and Zhang, Chao and Lin, Kwan-Yee and Wang, Xiaogang and Li, Hongsheng},
  booktitle={CVPR},
  pages={324--333},
  year={2021}
}

@inproceedings{cao2022monoscene,
    title={MonoScene: Monocular 3D Semantic Scene Completion}, 
    author={Anh-Quan Cao and Raoul de Charette},
    booktitle={CVPR},
    year={2022}
}

@inproceedings{dosovitskiy2015flownet,
  title={Flownet: Learning optical flow with convolutional networks},
  author={Dosovitskiy, Alexey and Fischer, Philipp and Ilg, Eddy and Hausser, Philip and Hazirbas, Caner and Golkov, Vladimir and Van Der Smagt, Patrick and Cremers, Daniel and Brox, Thomas},
  booktitle={Proceedings of the IEEE international conference on computer vision},
  pages={2758--2766},
  year={2015}
}

@inproceedings{huang2023tri,
  title={Tri-perspective view for vision-based 3d semantic occupancy prediction},
  author={Huang, Yuanhui and Zheng, Wenzhao and Zhang, Yunpeng and Zhou, Jie and Lu, Jiwen},
  booktitle={CVPR},
  pages={9223--9232},
  year={2023}
}

@inproceedings{ilg2017flownet2,
  title={Flownet 2.0: Evolution of optical flow estimation with deep networks},
  author={Ilg, Eddy and Mayer, Nikolaus and Saikia, Tonmoy and Keuper, Margret and Dosovitskiy, Alexey and Brox, Thomas},
  booktitle={Proceedings of the IEEE conference on computer vision and pattern recognition},
  pages={2462--2470},
  year={2017}
}

@inproceedings{jiang2024symphonize,
  title={Symphonize 3d semantic scene completion with contextual instance queries},
  author={Jiang, Haoyi and Cheng, Tianheng and Gao, Naiyu and Zhang, Haoyang and Lin, Tianwei and Liu, Wenyu and Wang, Xinggang},
  booktitle={CVPR},
  pages={20258--20267},
  year={2024}
}

@inproceedings{li2019rgbd,
  title={Rgbd based dimensional decomposition residual network for 3d semantic scene completion},
  author={Li, Jie and Liu, Yu and Gong, Dong and Shi, Qinfeng and Yuan, Xia and Zhao, Chunxia and Reid, Ian},
  booktitle={CVPR},
  pages={7693--7702},
  year={2019}
}

@article{li2023stereoscene,
  title={Stereoscene: Bev-assisted stereo matching empowers 3d semantic scene completion},
  author={Li, Bohan and Sun, Yasheng and Jin, Xin and Zeng, Wenjun and Zhu, Zheng and Wang, Xiaoefeng and Zhang, Yunpeng and Okae, James and Xiao, Hang and Du, Dalong},
  journal={arXiv preprint arXiv:2303.13959},
  year={2023}
}

@InProceedings{li2023voxformer,
      title={VoxFormer: Sparse Voxel Transformer for Camera-based 3D Semantic Scene Completion}, 
      author={Li, Yiming and Yu, Zhiding and Choy, Christopher and Xiao, Chaowei and Alvarez, Jose M and Fidler, Sanja and Feng, Chen and Anandkumar, Anima},
      booktitle = {CVPR},
      year={2023}
}

@inproceedings{li2024htcl,
  title={Hierarchical temporal context learning for camera-based semantic scene completion},
  author={Li, Bohan and Deng, Jiajun and Zhang, Wenyao and Liang, Zhujin and Du, Dalong and Jin, Xin and Zeng, Wenjun},
  booktitle={European Conference on Computer Vision},
  pages={131--148},
  year={2024},
  organization={Springer}
}

@inproceedings{mei2023sscrs,
  title={SSC-RS: Elevate LiDAR Semantic Scene Completion with Representation Separation and BEV Fusion},
  author={Mei, Jianbiao and Yang, Yu and Wang, Mengmeng and Huang, Tianxin and Yang, Xuemeng and Liu, Yong},
  booktitle={2023 IEEE/RSJ International Conference on Intelligent Robots and Systems (IROS)},
  pages={1--8},
  year={2023},
  organization={IEEE}
}

@inproceedings{ouyang2024octocc,
  title={OctOcc: High-Resolution 3D Occupancy Prediction with Octree},
  author={Ouyang, Wenzhe and Song, Xiaolin and Feng, Bailan and Xu, Zenglin},
  booktitle={Proceedings of the AAAI Conference on Artificial Intelligence},
  volume={38},
  number={5},
  pages={4369--4377},
  year={2024}
}

@article{rist2021semantic,
  title={Semantic scene completion using local deep implicit functions on lidar data},
  author={Rist, Christoph B and Emmerichs, David and Enzweiler, Markus and Gavrila, Dariu M},
  journal={TPAMI},
  volume={44},
  number={10},
  pages={7205--7218},
  year={2021},
  publisher={IEEE}
}

@inproceedings{roldao2020lmscnet,
  title={Lmscnet: Lightweight multiscale 3d semantic completion},
  author={Roldao, Luis and de Charette, Raoul and Verroust-Blondet, Anne},
  booktitle={3DV},
  pages={111--119},
  year={2020},
  organization={IEEE}
}

@inproceedings{song2017semantic,
  title={Semantic scene completion from a single depth image},
  author={Song, Shuran and Yu, Fisher and Zeng, Andy and Chang, Angel X and Savva, Manolis and Funkhouser, Thomas},
  booktitle={CVPR},
  pages={1746--1754},
  year={2017}
}

@article{sormoli2024optical,
  title={Optical Flow Based Detection and Tracking of Moving Objects for Autonomous Vehicles},
  author={Sormoli, Mohammadreza Alipour and Dianati, Mehrdad and Mozaffari, Sajjad and Woodman, Roger},
  journal={IEEE Transactions on Intelligent Transportation Systems},
  year={2024},
  publisher={IEEE}
}

@inproceedings{sun2018pwc,
  title={Pwc-net: Cnns for optical flow using pyramid, warping, and cost volume},
  author={Sun, Deqing and Yang, Xiaodong and Liu, Ming-Yu and Kautz, Jan},
  booktitle={Proceedings of the IEEE conference on computer vision and pattern recognition},
  pages={8934--8943},
  year={2018}
}

@inproceedings{teed2020raft,
  title={Raft: Recurrent all-pairs field transforms for optical flow},
  author={Teed, Zachary and Deng, Jia},
  booktitle={Computer Vision--ECCV 2020: 16th European Conference, Glasgow, UK, August 23--28, 2020, Proceedings, Part II 16},
  pages={402--419},
  year={2020},
  organization={Springer}
}

@inproceedings{wang2024HASSC,
  title={Not all voxels are equal: Hardness-aware semantic scene completion with self-distillation},
  author={Wang, Song and Yu, Jiawei and Li, Wentong and Liu, Wenyu and Liu, Xiaolu and Chen, Junbo and Zhu, Jianke},
  booktitle={CVPR},
  pages={14792--14801},
  year={2024}
}

@inproceedings{wang2024h2gformer,
  title={H2gformer: Horizontal-to-global voxel transformer for 3d semantic scene completion},
  author={Wang, Yu and Tong, Chao},
  booktitle={Proceedings of the AAAI Conference on Artificial Intelligence},
  volume={38},
  number={6},
  pages={5722--5730},
  year={2024}
}

@article{wang2025mixssc,
  title={MixSSC: Forward-Backward Mixture for Vision-based 3D Semantic Scene Completion},
  author={Wang, Meng and Ding, Yan and Liu, Yumeng and Qin, Yunchuan and Li, Ruihui and Tang, Zhuo},
  journal={IEEE Transactions on Circuits and Systems for Video Technology},
  year={2025},
  publisher={IEEE}
}

@inproceedings{wei2023surroundocc,
  title={Surroundocc: Multi-camera 3d occupancy prediction for autonomous driving},
  author={Wei, Yi and Zhao, Linqing and Zheng, Wenzhao and Zhu, Zheng and Zhou, Jie and Lu, Jiwen},
  booktitle={ICCV},
  pages={21729--21740},
  year={2023}
}

@inproceedings{xu2022gmflow,
  title={GMFlow: Learning Optical Flow via Global Matching},
  author={Xu, Haofei and Zhang, Jing and Cai, Jianfei and Rezatofighi, Hamid and Tao, Dacheng},
  booktitle={Proceedings of the IEEE/CVF Conference on Computer Vision and Pattern Recognition},
  pages={8121-8130},
  year={2022}
}

@inproceedings{yan2021sparse,
  title={Sparse single sweep lidar point cloud segmentation via learning contextual shape priors from scene completion},
  author={Yan, Xu and Gao, Jiantao and Li, Jie and Zhang, Ruimao and Li, Zhen and Huang, Rui and Cui, Shuguang},
  booktitle={AAAI},
  volume={35},
  number={4},
  pages={3101--3109},
  year={2021}
}

@inproceedings{yang2021ssasc,
  title={Semantic segmentation-assisted scene completion for lidar point clouds},
  author={Yang, Xuemeng and Zou, Hao and Kong, Xin and Huang, Tianxin and Liu, Yong and Li, Wanlong and Wen, Feng and Zhang, Hongbo},
  booktitle={2021 IEEE/RSJ International Conference on Intelligent Robots and Systems (IROS)},
  pages={3555--3562},
  year={2021},
  organization={IEEE}
}

@inproceedings{yao2023ndc,
  title={Ndc-scene: Boost monocular 3d semantic scene completion in normalized device coordinates space},
  author={Yao, Jiawei and Li, Chuming and Sun, Keqiang and Cai, Yingjie and Li, Hao and Ouyang, Wanli and Li, Hongsheng},
  booktitle={ICCV},
  pages={9455--9465},
  year={2023}
}

@inproceedings{zhang2018efficient,
  title={Efficient semantic scene completion network with spatial group convolution},
  author={Zhang, Jiahui and Zhao, Hao and Yao, Anbang and Chen, Yurong and Zhang, Li and Liao, Hongen},
  booktitle={ECCV},
  pages={733--749},
  year={2018}
}

@article{zhang2023occformer,
  title={OccFormer: Dual-path Transformer for Vision-based 3D Semantic Occupancy Prediction},
  author={Zhang, Yunpeng and Zhu, Zheng and Du, Dalong},
  journal={arXiv preprint arXiv:2304.05316},
  year={2023}
}

@article{zheng2024monoocc,
  title={Monoocc: Digging into monocular semantic occupancy prediction},
  author={Zheng, Yupeng and Li, Xiang and Li, Pengfei and Zheng, Yuhang and Jin, Bu and Zhong, Chengliang and Long, Xiaoxiao and Zhao, Hao and Zhang, Qichao},
  journal={arXiv preprint arXiv:2403.08766},
  year={2024}
}

@inproceedings{zhu2017fgfa,
  title={Flow-guided feature aggregation for video object detection},
  author={Zhu, Xizhou and Wang, Yujie and Dai, Jifeng and Yuan, Lu and Wei, Yichen},
  booktitle={Proceedings of the IEEE international conference on computer vision},
  pages={408--417},
  year={2017}
}

@inproceedings{zhu2018flowtrack,
  title={End-to-end flow correlation tracking with spatial-temporal attention},
  author={Zhu, Zheng and Wu, Wei and Zou, Wei and Yan, Junjie},
  booktitle={Proceedings of the IEEE conference on computer vision and pattern recognition},
  pages={548--557},
  year={2018}
}

@inproceedings{zou2021udnet,
  title={Up-to-down network: Fusing multi-scale context for 3d semantic scene completion},
  author={Zou, Hao and Yang, Xuemeng and Huang, Tianxin and Zhang, Chujuan and Liu, Yong and Li, Wanlong and Wen, Feng and Zhang, Hongbo},
  booktitle={2021 IEEE/RSJ International Conference on Intelligent Robots and Systems (IROS)},
  pages={16--23},
  year={2021},
  organization={IEEE}
}

