@article{abbas2023semdedup,
  title={Semdedup: Data-efficient learning at web-scale through semantic deduplication},
  author={Abbas, Amro and Tirumala, Kushal and Simig, D{\'a}niel and Ganguli, Surya and Morcos, Ari S},
  journal={arXiv preprint arXiv:2303.09540},
  year={2023}
}

@article{alayrac2022flamingo,
  title={Flamingo: a visual language model for few-shot learning},
  author={Alayrac, Jean-Baptiste and Donahue, Jeff and Luc, Pauline and Miech, Antoine and Barr, Iain and Hasson, Yana and Lenc, Karel and Mensch, Arthur and Millican, Katherine and Reynolds, Malcolm and others},
  journal={Advances in neural information processing systems},
  volume={35},
  pages={23716--23736},
  year={2022}
}

@inproceedings{beluch2018power,
  title={The power of ensembles for active learning in image classification},
  author={Beluch, William H and Genewein, Tim and N{\"u}rnberger, Andreas and K{\"o}hler, Jan M},
  booktitle={Proceedings of the IEEE conference on computer vision and pattern recognition},
  pages={9368--9377},
  year={2018}
}

@article{breiman1996bagging,
  title={Bagging predictors},
  author={Breiman, Leo},
  journal={Machine learning},
  volume={24},
  pages={123--140},
  year={1996},
  publisher={Springer}
}

@inproceedings{chen2020simple,
  title={A simple framework for contrastive learning of visual representations},
  author={Chen, Ting and Kornblith, Simon and Norouzi, Mohammad and Hinton, Geoffrey},
  booktitle={International conference on machine learning},
  pages={1597--1607},
  year={2020},
  organization={PMLR}
}

@inproceedings{chen2024data,
  title={Data-juicer: A one-stop data processing system for large language models},
  author={Chen, Daoyuan and Huang, Yilun and Ma, Zhijian and Chen, Hesen and Pan, Xuchen and Ge, Ce and Gao, Dawei and Xie, Yuexiang and Liu, Zhaoyang and Gao, Jinyang and others},
  booktitle={Companion of the 2024 International Conference on Management of Data},
  pages={120--134},
  year={2024}
}

@article{freund1997decision,
  title={A decision-theoretic generalization of on-line learning and an application to boosting},
  author={Freund, Yoav and Schapire, Robert E},
  journal={Journal of computer and system sciences},
  volume={55},
  number={1},
  pages={119--139},
  year={1997},
  publisher={Elsevier}
}

@inproceedings{gadre2023datacomp,
    title={DataComp: In search of the next generation of multimodal datasets},
    author={Samir Yitzhak Gadre and Gabriel Ilharco and Alex Fang and Jonathan Hayase and Georgios Smyrnis and Thao Nguyen and Ryan Marten and Mitchell Wortsman and Dhruba Ghosh and Jieyu Zhang and Eyal Orgad and Rahim Entezari and Giannis Daras and Sarah M Pratt and Vivek Ramanujan and Yonatan Bitton and Kalyani Marathe and Stephen Mussmann and Richard Vencu and Mehdi Cherti and Ranjay Krishna and Pang Wei Koh and Olga Saukh and Alexander Ratner and Shuran Song and Hannaneh Hajishirzi and Ali Farhadi and Romain Beaumont and Sewoong Oh and Alex Dimakis and Jenia Jitsev and Yair Carmon and Vaishaal Shankar and Ludwig Schmidt},
    booktitle={Thirty-seventh Conference on Neural Information Processing Systems Datasets and Benchmarks Track},
    year={2023},
    url={https://openreview.net/forum?id=dVaWCDMBof}
}

@inproceedings{jia2021scaling,
  title={Scaling up visual and vision-language representation learning with noisy text supervision},
  author={Jia, Chao and Yang, Yinfei and Xia, Ye and Chen, Yi-Ting and Parekh, Zarana and Pham, Hieu and Le, Quoc and Sung, Yun-Hsuan and Li, Zhen and Duerig, Tom},
  booktitle={International conference on machine learning},
  pages={4904--4916},
  year={2021},
  organization={PMLR}
}

@inproceedings{li2022blip,
  title={Blip: Bootstrapping language-image pre-training for unified vision-language understanding and generation},
  author={Li, Junnan and Li, Dongxu and Xiong, Caiming and Hoi, Steven},
  booktitle={International conference on machine learning},
  pages={12888--12900},
  year={2022},
  organization={PMLR}
}

@article{maini2023t,
  title={T-mars: Improving visual representations by circumventing text feature learning},
  author={Maini, Pratyush and Goyal, Sachin and Lipton, Zachary C and Kolter, J Zico and Raghunathan, Aditi},
  journal={arXiv preprint arXiv:2307.03132},
  year={2023}
}

@article{nguyen2024improving,
  title={Improving multimodal datasets with image captioning},
  author={Nguyen, Thao and Gadre, Samir Yitzhak and Ilharco, Gabriel and Oh, Sewoong and Schmidt, Ludwig},
  journal={Advances in Neural Information Processing Systems},
  volume={36},
  year={2024}
}

@inproceedings{radenovic2023filtering,
  title={Filtering, distillation, and hard negatives for vision-language pre-training},
  author={Radenovic, Filip and Dubey, Abhimanyu and Kadian, Abhishek and Mihaylov, Todor and Vandenhende, Simon and Patel, Yash and Wen, Yi and Ramanathan, Vignesh and Mahajan, Dhruv},
  booktitle={Proceedings of the IEEE/CVF conference on computer vision and pattern recognition},
  pages={6967--6977},
  year={2023}
}

@inproceedings{radford2021learning,
  title={Learning transferable visual models from natural language supervision},
  author={Radford, Alec and Kim, Jong Wook and Hallacy, Chris and Ramesh, Aditya and Goh, Gabriel and Agarwal, Sandhini and Sastry, Girish and Askell, Amanda and Mishkin, Pamela and Clark, Jack and others},
  booktitle={International conference on machine learning},
  pages={8748--8763},
  year={2021},
  organization={PMLR}
}

@article{rasmus2015semi,
  title={Semi-supervised learning with ladder networks},
  author={Rasmus, Antti and Berglund, Mathias and Honkala, Mikko and Valpola, Harri and Raiko, Tapani},
  journal={Advances in neural information processing systems},
  volume={28},
  year={2015}
}

@article{song2022learning,
  title={Learning from noisy labels with deep neural networks: A survey},
  author={Song, Hwanjun and Kim, Minseok and Park, Dongmin and Shin, Yooju and Lee, Jae-Gil},
  journal={IEEE transactions on neural networks and learning systems},
  volume={34},
  number={11},
  pages={8135--8153},
  year={2022},
  publisher={IEEE}
}

@article{yokoo2023leveraging,
  title={Leveraging Image-Text Similarity and Caption Modification for the DataComp Challenge: Filtering Track and BYOD Track},
  author={Yokoo, Shuhei and Zhu, Peifei and Ishikawa, Yuchi and Tanaka, Mikihiro and Kondo, Masayoshi and Kataoka, Hirokatsu},
  journal={arXiv preprint arXiv:2310.14581},
  year={2023}
}

@article{yu2023devil,
  title={The devil is in the details: A deep dive into the rabbit hole of data filtering},
  author={Yu, Haichao and Tian, Yu and Kumar, Sateesh and Yang, Linjie and Wang, Heng},
  journal={arXiv preprint arXiv:2309.15954},
  year={2023}
}

@article{zimek2012survey,
  title={A survey on unsupervised outlier detection in high-dimensional numerical data},
  author={Zimek, Arthur and Schubert, Erich and Kriegel, Hans-Peter},
  journal={Statistical Analysis and Data Mining: The ASA Data Science Journal},
  volume={5},
  number={5},
  pages={363--387},
  year={2012},
  publisher={Wiley Online Library}
}

