@inproceedings{langley00,
 author    = {P. Langley},
 title     = {Crafting Papers on Machine Learning},
 year      = {2000},
 pages     = {1207--1216},
 editor    = {Pat Langley},
 booktitle     = {Proceedings of the 17th International Conference
              on Machine Learning (ICML 2000)},
 address   = {Stanford, CA},
 publisher = {Morgan Kaufmann}
}

@TechReport{mitchell80,
  author = 	 "T. M. Mitchell",
  title = 	 "The Need for Biases in Learning Generalizations",
  institution =  "Computer Science Department, Rutgers University",
  year = 	 "1980",
  address =	 "New Brunswick, MA",
}

@phdthesis{kearns89,
  author = {M. J. Kearns},
  title =  {Computational Complexity of Machine Learning},
  school = {Department of Computer Science, Harvard University},
  year =   {1989}
}

@Book{MachineLearningI,
  editor = 	 "R. S. Michalski and J. G. Carbonell and T.
		  M. Mitchell",
  title = 	 "Machine Learning: An Artificial Intelligence
		  Approach, Vol. I",
  publisher = 	 "Tioga",
  year = 	 "1983",
  address =	 "Palo Alto, CA"
}

@Book{DudaHart2nd,
  author =       "R. O. Duda and P. E. Hart and D. G. Stork",
  title =        "Pattern Classification",
  publisher =    "John Wiley and Sons",
  edition =      "2nd",
  year =         "2000"
}

@misc{anonymous,
  title= {Suppressed for Anonymity},
  author= {Author, N. N.},
  year= {2021}
}

@InCollection{Newell81,
  author =       "A. Newell and P. S. Rosenbloom",
  title =        "Mechanisms of Skill Acquisition and the Law of
                  Practice", 
  booktitle =    "Cognitive Skills and Their Acquisition",
  pages =        "1--51",
  publisher =    "Lawrence Erlbaum Associates, Inc.",
  year =         "1981",
  editor =       "J. R. Anderson",
  chapter =      "1",
  address =      "Hillsdale, NJ"
}


@Article{Samuel59,
  author = 	 "A. L. Samuel",
  title = 	 "Some Studies in Machine Learning Using the Game of
		  Checkers",
  journal =	 "IBM Journal of Research and Development",
  year =	 "1959",
  volume =	 "3",
  number =	 "3",
  pages =	 "211--229"
}
@inproceedings{borkan2019nuanced,
  title={Nuanced metrics for measuring unintended bias with real data for text classification},
  author={Borkan, Daniel and Dixon, Lucas and Sorensen, Jeffrey and Thain, Nithum and Vasserman, Lucy},
  booktitle={Companion proceedings of the 2019 world wide web conference},
  pages={491--500},
  year={2019}
}

@article{shafer2008tutorial,
  title={A tutorial on conformal prediction.},
  author={Shafer, Glenn and Vovk, Vladimir},
  journal={Journal of Machine Learning Research},
  volume={9},
  number={3},
  year={2008}
}
@misc{wang2024surveydataselectionllm,
      title={A Survey on Data Selection for LLM Instruction Tuning}, 
      author={Jiahao Wang and Bolin Zhang and Qianlong Du and Jiajun Zhang and Dianhui Chu},
      year={2024},
      eprint={2402.05123},
      archivePrefix={arXiv},
      primaryClass={cs.CL},
      url={https://arxiv.org/abs/2402.05123}, 
}
@article{huang2024trustllm,
  title={Trustllm: Trustworthiness in large language models},
  author={Huang, Yue and Sun, Lichao and Wang, Haoran and Wu, Siyuan and Zhang, Qihui and Li, Yuan and Gao, Chujie and Huang, Yixin and Lyu, Wenhan and Zhang, Yixuan and others},
  journal={arXiv preprint arXiv:2401.05561},
  year={2024}
}
@article{angelopoulos2021gentle,
  title={A gentle introduction to conformal prediction and distribution-free uncertainty quantification},
  author={Angelopoulos, Anastasios N and Bates, Stephen},
  journal={arXiv preprint arXiv:2107.07511},
  year={2021}
}
@inproceedings{qian2024towards,
  title={Towards Modeling Uncertainties of Self-Explaining Neural Networks via Conformal Prediction},
  author={Qian, Wei and Zhao, Chenxu and Li, Yangyi and Ma, Fenglong and Zhang, Chao and Huai, Mengdi},
  booktitle={Proceedings of the AAAI Conference on Artificial Intelligence},
  volume={38},
  number={13},
  pages={14651--14659},
  year={2024}
}
@inproceedings{dwork2012fairness,
  title={Fairness through awareness},
  author={Dwork, Cynthia and Hardt, Moritz and Pitassi, Toniann and Reingold, Omer and Zemel, Richard},
  booktitle={Proceedings of the 3rd innovations in theoretical computer science conference},
  pages={214--226},
  year={2012}
}
@article{zhao2023survey,
  title={A survey of large language models},
  author={Zhao, Wayne Xin and Zhou, Kun and Li, Junyi and Tang, Tianyi and Wang, Xiaolei and Hou, Yupeng and Min, Yingqian and Zhang, Beichen and Zhang, Junjie and Dong, Zican and others},
  journal={arXiv preprint arXiv:2303.18223},
  year={2023}
}
@inproceedings{weidinger2022taxonomy,
  title={Taxonomy of risks posed by language models},
  author={Weidinger, Laura and Uesato, Jonathan and Rauh, Maribeth and Griffin, Conor and Huang, Po-Sen and Mellor, John and Glaese, Amelia and Cheng, Myra and Balle, Borja and Kasirzadeh, Atoosa and others},
  booktitle={Proceedings of the 2022 ACM Conference on Fairness, Accountability, and Transparency},
  pages={214--229},
  year={2022}
}
@article{bai2022training,
  title={Training a helpful and harmless assistant with reinforcement learning from human feedback},
  author={Bai, Yuntao and Jones, Andy and Ndousse, Kamal and Askell, Amanda and Chen, Anna and DasSarma, Nova and Drain, Dawn and Fort, Stanislav and Ganguli, Deep and Henighan, Tom and others},
  journal={arXiv preprint arXiv:2204.05862},
  year={2022}
}
@article{ouyang2022efficient,
  title={Efficient NLP model finetuning via multistage data filtering},
  author={Ouyang, Xu and Ansari, Shahina Mohd Azam and Lin, Felix Xiaozhu and Ji, Yangfeng},
  journal={arXiv preprint arXiv:2207.14386},
  year={2022}
}
@article{meade2021empirical,
  title={An empirical survey of the effectiveness of debiasing techniques for pre-trained language models},
  author={Meade, Nicholas and Poole-Dayan, Elinor and Reddy, Siva},
  journal={arXiv preprint arXiv:2110.08527},
  year={2021}
}
@inproceedings{delobelle2024metrics,
  title={Metrics for what, metrics for whom: assessing actionability of bias evaluation metrics in NLP},
  author={Delobelle, Pieter and Attanasio, Giuseppe and Nozza, Debora and Blodgett, Su Lin and Talat, Zeerak and others},
  booktitle={Proceedings of the 2024 Conference on Empirical Methods in Natural Language Processing},
  year={2024},
  organization={Association for Computational Linguistics}
}
@article{zhou2024conformal,
  title={Conformal Prediction: A Data Perspective},
  author={Zhou, Xiaofan and Chen, Baiting and Gui, Yu and Cheng, Lu},
  journal={arXiv preprint arXiv:2410.06494},
  year={2024}
}
@article{ouyang2022training,
  title={Training language models to follow instructions with human feedback},
  author={Ouyang, Long and Wu, Jeffrey and Jiang, Xu and Almeida, Diogo and Wainwright, Carroll and Mishkin, Pamela and Zhang, Chong and Agarwal, Sandhini and Slama, Katarina and Ray, Alex and others},
  journal={Advances in neural information processing systems},
  volume={35},
  pages={27730--27744},
  year={2022}
}

@article{hua2023up5,
  title={Up5: Unbiased foundation model for fairness-aware recommendation},
  author={Hua, Wenyue and Ge, Yingqiang and Xu, Shuyuan and Ji, Jianchao and Zhang, Yongfeng},
  journal={arXiv preprint arXiv:2305.12090},
  year={2023}
}

@inproceedings{zhang2023chatgpt,
  title={Is chatgpt fair for recommendation? evaluating fairness in large language model recommendation},
  author={Zhang, Jizhi and Bao, Keqin and Zhang, Yang and Wang, Wenjie and Feng, Fuli and He, Xiangnan},
  booktitle={Proceedings of the 17th ACM Conference on Recommender Systems},
  pages={993--999},
  year={2023}
}

@inproceedings{hou2024large,
  title={Large language models are zero-shot rankers for recommender systems},
  author={Hou, Yupeng and Zhang, Junjie and Lin, Zihan and Lu, Hongyu and Xie, Ruobing and McAuley, Julian and Zhao, Wayne Xin},
  booktitle={European Conference on Information Retrieval},
  pages={364--381},
  year={2024},
  organization={Springer}
}
@article{greenwood2024user,
  title={User-item fairness tradeoffs in recommendations},
  author={Greenwood, Sophie and Chiniah, Sudalakshmee and Garg, Nikhil},
  journal={arXiv preprint arXiv:2412.04466},
  year={2024}
}

@inproceedings{brown2020language,
  author = {Brown, T. and Mann, B. and Ryder, N. and Subbiah, M. and Kaplan, J. and Dhariwal, P. and others},
  title = {Language Models are Few-Shot Learners},
  booktitle = {Advances in Neural Information Processing Systems (NeurIPS)},
  year = {2020}
}

@inproceedings{devlin2019bert,
  author = {Devlin, J. and Chang, M.-W. and Lee, K. and Toutanova, K.},
  title = {BERT: Pre-training of Deep Bidirectional Transformers for Language Understanding},
  booktitle = {Proceedings of the 2019 Conference of the North American Chapter of the Association for Computational Linguistics (NAACL)},
  year = {2019}
}

@article{penedo2023refinedweb,
  author = {Penedo, G. and Dohan, D. and Gillick, D. and others},
  title = {Falcon: A refinedweb model for advanced text generation},
  journal = {arXiv preprint arXiv:2306.xxxx},
  year = {2023}
}

@inproceedings{shengetal2019woman,
  author = {Sheng, E. and Chang, K.-W. and Natarajan, P. and Peng, N.},
  title = {The Woman Worked as a Babysitter: On Biases in Language Generation},
  booktitle = {Proceedings of the 2019 Conference on Empirical Methods in Natural Language Processing (EMNLP)},
  year = {2019}
}

@inproceedings{blodgett2020language,
  author = {Blodgett, S.L. and Barocas, S. and Daum√© III, H. and Wallach, H.},
  title = {Language (Technology) is Power: A Critical Survey of "Bias" in NLP},
  booktitle = {Proceedings of the 58th Annual Meeting of the Association for Computational Linguistics (ACL)},
  year = {2020}
}

@article{bary2021we,
  author = {Bary, R. and Gehrmann, S. and Nadeem, M. and Tabbal, A.},
  title = {We Need to Consider More than Just Race and Gender: Bias in Language Generation Extended to Intersections},
  journal = {arXiv preprint arXiv:2107.01317},
  year = {2021}
}

@inproceedings{zhao2018gender,
  author = {Zhao, J. and Wang, T. and Yatskar, M. and Ordonez, V. and Chang, K.-W.},
  title = {Gender Bias in Coreference Resolution: Evaluation and Debiasing Methods},
  booktitle = {Proceedings of the 2018 Conference of the North American Chapter of the Association for Computational Linguistics (NAACL)},
  year = {2018}
}

@article{sun2019mitigating,
  author = {Sun, T. and Gaut, A. and Tang, S. and Huang, Y. and Qian, H. and Wang, S. and Choi, Y.},
  title = {Mitigating Gender Bias in Natural Language Processing: Literature Review},
  journal = {arXiv preprint arXiv:1906.08976},
  year = {2019}
}

@article{wang2022towards,
  author = {Wang, L. and Chen, L. and Zhu, X. and Li, S.},
  title = {Towards Fairness in Text Classification: An Overview of Mitigation Strategies},
  journal = {ACM Computing Surveys},
  volume = {55},
  number = {3},
  year = {2022}
}

@inproceedings{dinan2020multi,
  author = {Dinan, E. and Golub, D. and Wu, L. and Weston, J.},
  title = {Multi-Dimensional Gender Bias Classification},
  booktitle = {Proceedings of the 2020 Conference on Empirical Methods in Natural Language Processing (EMNLP)},
  year = {2020}
}

@inproceedings{lucy2021gender,
  author = {Lucy, L. and Bamman, D.},
  title = {Gender and Representation Bias in GPT-3 Generated Stories},
  booktitle = {Proceedings of the 3rd Workshop on Narrative Understanding (NAACL)},
  year = {2021}
}

@inproceedings{holstein2019improving,
  author = {Holstein, K. and Wortman Vaughan, J. and Daum√© III, H. and Dudik, M. and Wallach, H.},
  title = {Improving Fairness in Machine Learning Systems: What Do Industry Practitioners Need?},
  booktitle = {Proceedings of the 2019 CHI Conference on Human Factors in Computing Systems (CHI)},
  year = {2019}
}

@article{mehrabi2021survey,
  author = {Mehrabi, N. and Morstatter, F. and Saxena, N. and Lerman, K. and Galstyan, A.},
  title = {A Survey on Bias and Fairness in Machine Learning},
  journal = {ACM Computing Surveys},
  volume = {54},
  number = {6},
  year = {2021}
}

@inproceedings{madras2019learning,
  author = {Madras, D. and Creager, E. and Pitassi, T. and Zemel, R.},
  title = {Learning Adversarially Fair and Transferable Representations},
  booktitle = {Proceedings of the 35th International Conference on Machine Learning (ICML)},
  year = {2019}
}

@article{reynolds2021prompt,
  author = {Reynolds, L. and McDonell, K.},
  title = {Prompt Programming for Large Language Models: Beyond the Few-Shot Paradigm},
  journal = {arXiv preprint arXiv:2102.07350},
  year = {2021}
}

@inproceedings{yang2022let,
  author = {Yang, Z. and Zhang, Y. and Zhao, H.},
  title = {Let's Erase: Prompt-Based Mitigation of Textual Bias},
  booktitle = {Proceedings of the 60th Annual Meeting of the Association for Computational Linguistics (ACL)},
  year = {2022}
}

@inproceedings{kohavi1996adult,
  author = {Kohavi, R.},
  title = {Scaling up the Accuracy of Naive-Bayes Classifiers: A Decision-Tree Hybrid},
  booktitle = {Proceedings of the Second International Conference on Knowledge Discovery and Data Mining (KDD)},
  year = {1996}
}

@article{angelopoulos2023conformal,
  title={Conformal prediction: A gentle introduction},
  author={Angelopoulos, Anastasios N and Bates, Stephen and others},
  journal={Foundations and Trends{\textregistered} in Machine Learning},
  volume={16},
  number={4},
  pages={494--591},
  year={2023},
  publisher={Now Publishers, Inc.}
}
@article{jiang2023mistral,
  title={Mistral 7B},
  author={Jiang, Albert Q and Sablayrolles, Alexandre and Mensch, Arthur and Bamford, Chris and Chaplot, Devendra Singh and Casas, Diego de las and Bressand, Florian and Lengyel, Gianna and Lample, Guillaume and Saulnier, Lucile and others},
  journal={arXiv preprint arXiv:2310.06825},
  year={2023}
}
@article{touvron2023llama,
  title={Llama 2: Open foundation and fine-tuned chat models},
  author={Touvron, Hugo and Martin, Louis and Stone, Kevin and Albert, Peter and Almahairi, Amjad and Babaei, Yasmine and Bashlykov, Nikolay and Batra, Soumya and Bhargava, Prajjwal and Bhosale, Shruti and others},
  journal={arXiv preprint arXiv:2307.09288},
  year={2023}
}
@article{dubey2024llama,
  title={The llama 3 herd of models},
  author={Dubey, Abhimanyu and Jauhri, Abhinav and Pandey, Abhinav and Kadian, Abhishek and Al-Dahle, Ahmad and Letman, Aiesha and Mathur, Akhil and Schelten, Alan and Yang, Amy and Fan, Angela and others},
  journal={arXiv preprint arXiv:2407.21783},
  year={2024}
}
@article{jarvelin2002cumulated,
  title={Cumulated gain-based evaluation of IR techniques},
  author={J{\"a}rvelin, Kalervo and Kek{\"a}l{\"a}inen, Jaana},
  journal={ACM Transactions on Information Systems (TOIS)},
  volume={20},
  number={4},
  pages={422--446},
  year={2002},
  publisher={ACM New York, NY, USA}
}

% MovieLens
@article{harper2015movielens,
  title     = {The MovieLens Datasets: History and Context},
  author    = {F. Maxwell Harper and Joseph A. Konstan},
  journal   = {ACM Transactions on Interactive Intelligent Systems (TiiS)},
  volume    = {5},
  number    = {4},
  pages     = {19:1--19:19},
  year      = {2015}
}

% Amazon Dataset (SIGIR 2015)
@inproceedings{mcauley2015image,
  title     = {Image-based Recommendations on Styles and Substitutes},
  author    = {Julian McAuley and Chris Targett and Qinfeng Shi and Anton van den Hengel},
  booktitle = {Proceedings of the 38th International ACM SIGIR Conference on Research and Development in Information Retrieval},
  pages     = {43--52},
  year      = {2015}
}

% Amazon Dataset (WWW 2016)
@inproceedings{he2016ups,
  title     = {Ups and Downs: Modeling the Visual Evolution of Fashion Trends with One-Class Collaborative Filtering},
  author    = {Ruining He and Julian McAuley},
  booktitle = {Proceedings of the 25th International Conference on World Wide Web (WWW)},
  pages     = {507--517},
  year      = {2016}
}
@article{reimers2019sentence,
  title={Sentence-BERT: Sentence Embeddings using Siamese BERT-Networks},
  author={Reimers, N},
  journal={arXiv preprint arXiv:1908.10084},
  year={2019}
}
@inproceedings{bender2021dangers,
  title={On the dangers of stochastic parrots: Can language models be too big?},
  author={Bender, Emily M and Gebru, Timnit and McMillan-Major, Angelina and Shmitchell, Shmargaret},
  booktitle={Proceedings of the 2021 ACM conference on fairness, accountability, and transparency},
  pages={610--623},
  year={2021}
}
@article{bao2023preliminary,
  title={A preliminary study on graduate student instructors' exploration, perception, and use of ChatGPT},
  author={Bao, Yingling and Li, Belle},
  journal={International Journal of Computer-Assisted Language Learning and Teaching (IJCALLT)},
  volume={13},
  number={1},
  pages={1--23},
  year={2023},
  publisher={IGI Global}
}
@article{dev2021measures,
  title={On measures of biases and harms in NLP},
  author={Dev, Sunipa and Sheng, Emily and Zhao, Jieyu and Amstutz, Aubrie and Sun, Jiao and Hou, Yu and Sanseverino, Mattie and Kim, Jiin and Nishi, Akihiro and Peng, Nanyun and others},
  journal={arXiv preprint arXiv:2108.03362},
  year={2021}
}
@article{che2023federated,
  title={Federated learning of large language models with parameter-efficient prompt tuning and adaptive optimization},
  author={Che, Tianshi and Liu, Ji and Zhou, Yang and Ren, Jiaxiang and Zhou, Jiwen and Sheng, Victor S and Dai, Huaiyu and Dou, Dejing},
  journal={arXiv preprint arXiv:2310.15080},
  year={2023}
}
@inproceedings{sharma2023framework,
  title={Framework for Evaluating Ethics in AI},
  author={Sharma, Vandana and Mishra, Naman and Kukreja, Vinay and Alkhayyat, Ahmed and Elngar, Ahmed A},
  booktitle={2023 International Conference on Innovative Data Communication Technologies and Application (ICIDCA)},
  pages={307--312},
  year={2023},
  organization={IEEE}
}