@article{bai2022training,
  title={Training a helpful and harmless assistant with reinforcement learning from human feedback},
  author={Bai, Yuntao and Jones, Andy and Ndousse, Kamal and Askell, Amanda and Chen, Anna and DasSarma, Nova and Drain, Dawn and Fort, Stanislav and Ganguli, Deep and Henighan, Tom and others},
  journal={arXiv preprint arXiv:2204.05862},
  year={2022}
}

@inproceedings{bender2021dangers,
  title={On the dangers of stochastic parrots: Can language models be too big?},
  author={Bender, Emily M and Gebru, Timnit and McMillan-Major, Angelina and Shmitchell, Shmargaret},
  booktitle={Proceedings of the 2021 ACM conference on fairness, accountability, and transparency},
  pages={610--623},
  year={2021}
}

@inproceedings{borkan2019nuanced,
  title={Nuanced metrics for measuring unintended bias with real data for text classification},
  author={Borkan, Daniel and Dixon, Lucas and Sorensen, Jeffrey and Thain, Nithum and Vasserman, Lucy},
  booktitle={Companion proceedings of the 2019 world wide web conference},
  pages={491--500},
  year={2019}
}

@article{che2023federated,
  title={Federated learning of large language models with parameter-efficient prompt tuning and adaptive optimization},
  author={Che, Tianshi and Liu, Ji and Zhou, Yang and Ren, Jiaxiang and Zhou, Jiwen and Sheng, Victor S and Dai, Huaiyu and Dou, Dejing},
  journal={arXiv preprint arXiv:2310.15080},
  year={2023}
}

@inproceedings{dwork2012fairness,
  title={Fairness through awareness},
  author={Dwork, Cynthia and Hardt, Moritz and Pitassi, Toniann and Reingold, Omer and Zemel, Richard},
  booktitle={Proceedings of the 3rd innovations in theoretical computer science conference},
  pages={214--226},
  year={2012}
}

@article{greenwood2024user,
  title={User-item fairness tradeoffs in recommendations},
  author={Greenwood, Sophie and Chiniah, Sudalakshmee and Garg, Nikhil},
  journal={arXiv preprint arXiv:2412.04466},
  year={2024}
}

@inproceedings{hou2024large,
  title={Large language models are zero-shot rankers for recommender systems},
  author={Hou, Yupeng and Zhang, Junjie and Lin, Zihan and Lu, Hongyu and Xie, Ruobing and McAuley, Julian and Zhao, Wayne Xin},
  booktitle={European Conference on Information Retrieval},
  pages={364--381},
  year={2024},
  organization={Springer}
}

@article{hua2023up5,
  title={Up5: Unbiased foundation model for fairness-aware recommendation},
  author={Hua, Wenyue and Ge, Yingqiang and Xu, Shuyuan and Ji, Jianchao and Zhang, Yongfeng},
  journal={arXiv preprint arXiv:2305.12090},
  year={2023}
}

@inproceedings{lucy2021gender,
  author = {Lucy, L. and Bamman, D.},
  title = {Gender and Representation Bias in GPT-3 Generated Stories},
  booktitle = {Proceedings of the 3rd Workshop on Narrative Understanding (NAACL)},
  year = {2021}
}

@article{ouyang2022training,
  title={Training language models to follow instructions with human feedback},
  author={Ouyang, Long and Wu, Jeffrey and Jiang, Xu and Almeida, Diogo and Wainwright, Carroll and Mishkin, Pamela and Zhang, Chong and Agarwal, Sandhini and Slama, Katarina and Ray, Alex and others},
  journal={Advances in neural information processing systems},
  volume={35},
  pages={27730--27744},
  year={2022}
}

@article{shafer2008tutorial,
  title={A tutorial on conformal prediction.},
  author={Shafer, Glenn and Vovk, Vladimir},
  journal={Journal of Machine Learning Research},
  volume={9},
  number={3},
  year={2008}
}

@inproceedings{sharma2023framework,
  title={Framework for Evaluating Ethics in AI},
  author={Sharma, Vandana and Mishra, Naman and Kukreja, Vinay and Alkhayyat, Ahmed and Elngar, Ahmed A},
  booktitle={2023 International Conference on Innovative Data Communication Technologies and Application (ICIDCA)},
  pages={307--312},
  year={2023},
  organization={IEEE}
}

@inproceedings{zhang2023chatgpt,
  title={Is chatgpt fair for recommendation? evaluating fairness in large language model recommendation},
  author={Zhang, Jizhi and Bao, Keqin and Zhang, Yang and Wang, Wenjie and Feng, Fuli and He, Xiangnan},
  booktitle={Proceedings of the 17th ACM Conference on Recommender Systems},
  pages={993--999},
  year={2023}
}

