@article{astolfi2023instance,
  title={Instance-conditioned gan data augmentation for representation learning},
  author={Astolfi, Pietro and Casanova, Arantxa and Verbeek, Jakob and Vincent, Pascal and Romero-Soriano, Adriana and Drozdzal, Michal},
  journal={arXiv preprint arXiv:2303.09677},
  year={2023}
}

@inproceedings{bang2024active,
  title={Active Prompt Learning in Vision Language Models},
  author={Bang, Jihwan and Ahn, Sumyeong and Lee, Jae-Gil},
  booktitle=cvpr,
  year={2024}
}

@article{dohmatob2024strong,
  title={Strong model collapse},
  author={Dohmatob, Elvis and Feng, Yunzhen and Subramonian, Arjun and Kempe, Julia},
  journal={arXiv preprint arXiv:2410.04840},
  year={2024}
}

@article{dohmatob2024tale,
  title={A tale of tails: Model collapse as a change of scaling laws},
  author={Dohmatob, Elvis and Feng, Yunzhen and Yang, Pu and Charton, Francois and Kempe, Julia},
  journal={arXiv preprint arXiv:2402.07043},
  year={2024}
}

@inproceedings{dunlap2023diversify,
  title={Diversify your vision datasets with automatic diffusion-based augmentation},
  author={Dunlap, Lisa and Umino, Alyssa and Zhang, Han and Yang, Jiezhi and Gonzalez, Joseph E and Darrell, Trevor},
  booktitle = nips,
  year={2023}
}

@article{evans2023bad,
  title={Bad students make great teachers: Active learning accelerates large-scale visual understanding},
  author={Evans, Talfan and Pathak, Shreya and Merzic, Hamza and Schwarz, Jonathan and Tanno, Ryutaro and Henaff, Olivier J},
  journal=arxiv, 
  volume = {2312.05328},
  year={2023}
}

@inproceedings{fan2024scaling,
  title={Scaling laws of synthetic images for model training... for now},
  author={Fan, Lijie and Chen, Kaifeng and Krishnan, Dilip and Katabi, Dina and Isola, Phillip and Tian, Yonglong},
  booktitle=cvpr,
  year={2024}
}

@misc{grattafiori2024llama3herdmodels,
      title={The Llama 3 Herd of Models}, 
      author={Aaron Grattafiori and others},
      year={2024},
      eprint={2407.21783},
      archivePrefix={arXiv},
      primaryClass={cs.AI},
      url={https://arxiv.org/abs/2407.21783}, 
}

@article{hemmat2023feedback,
  title={Feedback-guided data synthesis for imbalanced classification},
  author={Hemmat, Reyhane Askari and Pezeshki, Mohammad and Bordes, Florian and Drozdzal, Michal and Romero-Soriano, Adriana},
  journal=arxiv,
  volume = {2310.00158},
  year={2023}
}

@inproceedings{li2025genview,
  title={Genview: Enhancing view quality with pretrained generative model for self-supervised learning},
  author={Li, Xiaojie and Yang, Yibo and Li, Xiangtai and Wu, Jianlong and Yu, Yue and Ghanem, Bernard and Zhang, Min},
  booktitle={European Conference on Computer Vision},
  pages={306--325},
  year={2025},
  organization={Springer}
}

@inproceedings{sariyildiz2023fake,
  title={Fake it till you make it: Learning transferable representations from synthetic imagenet clones},
  author={Sar{\i}y{\i}ld{\i}z, Mert B{\"u}lent and Alahari, Karteek and Larlus, Diane and Kalantidis, Yannis},
  booktitle=cvpr,
  year={2023}
}
  title={Contrastive multiview coding},
  author={Tian, Yonglong and Krishnan, Dilip and Isola, Phillip},
  booktitle={Computer Vision--ECCV 2020: 16th European Conference, Glasgow, UK, August 23--28, 2020, Proceedings, Part XI 16},
  pages={776--794},
  year={2020},
  organization={Springer}
}

@article{sorscher2022beyond,
	title        = {Beyond neural scaling laws: beating power law scaling via data pruning},
	author       = {Sorscher, Ben and Geirhos, Robert and Shekhar, Shashank and Ganguli, Surya and Morcos, Ari},
	year         = 2022,
	journal      = {Advances in Neural Information Processing Systems},
	volume       = 35,
	pages        = {19523--19536}
}

@inproceedings{tian2024learning,
  title={Learning vision from models rivals learning vision from data},
  author={Tian, Yonglong and Fan, Lijie and Chen, Kaifeng and Katabi, Dina and Krishnan, Dilip and Isola, Phillip},
  booktitle=cvpr,
  year={2024}
}

@inproceedings{tian2024stablerep,
  title={Stablerep: Synthetic images from text-to-image models make strong visual representation learners},
  author={Tian, Yonglong and Fan, Lijie and Isola, Phillip and Chang, Huiwen and Krishnan, Dilip},
  booktitle=nips,
  year={2024}
}

@article{yuan2023real,
  title={Real-fake: Effective training data synthesis through distribution matching},
  author={Yuan, Jianhao and Zhang, Jie and Sun, Shuyang and Torr, Philip and Zhao, Bo},
  journal=arxiv,
  volume = {2310.10402},
  year={2023}
}

@article{yuan2024self,
  title={Self-play fine-tuning of diffusion models for text-to-image generation},
  author={Yuan, Huizhuo and Chen, Zixiang and Ji, Kaixuan and Gu, Quanquan},
  journal=arxiv,
  volume = {2402.10210},
  year={2024}
}

@inproceedings{zhang2024expanding,
  title={Expanding small-scale datasets with guided imagination},
  author={Zhang, Yifan and Zhou, Daquan and Hooi, Bryan and Wang, Kai and Feng, Jiashi},
  booktitle = nips,
  year={2024}
}

