@string{arxiv       = {arXiv preprint}}
@string{cvpr      = {CVPR}}
@string{eccv      = {ECCV}}
@string{iclr      = {ICLR}}
@string{icml      = {ICML}}
@string{nips      = {NeurIPS}}

@inproceedings{loshchilov2017sgdrstochasticgradientdescent,
      title={{SGDR}: Stochastic Gradient Descent with Warm Restarts}, 
      author={Ilya Loshchilov and Frank Hutter},
      year={2017},
      booktitle=iclr
}

@inproceedings{tian2024stablerep,
  title={Stablerep: Synthetic images from text-to-image models make strong visual representation learners},
  author={Tian, Yonglong and Fan, Lijie and Isola, Phillip and Chang, Huiwen and Krishnan, Dilip},
  booktitle=nips,
  year={2024}
}
@inproceedings{tian2020contrastive,
  title={Contrastive multiview coding},
  author={Tian, Yonglong and Krishnan, Dilip and Isola, Phillip},
  booktitle={Computer Vision--ECCV 2020: 16th European Conference, Glasgow, UK, August 23--28, 2020, Proceedings, Part XI 16},
  pages={776--794},
  year={2020},
  organization={Springer}
}
@inproceedings{recht2019imagenet,
  title={Do imagenet classifiers generalize to imagenet?},
  author={Recht, Benjamin and Roelofs, Rebecca and Schmidt, Ludwig and Shankar, Vaishaal},
  booktitle={International conference on machine learning},
  pages={5389--5400},
  year={2019},
  organization={PMLR}
}
@article{wang2019learning,
  title={Learning robust global representations by penalizing local predictive power},
  author={Wang, Haohan and Ge, Songwei and Lipton, Zachary and Xing, Eric P},
  journal={Advances in Neural Information Processing Systems},
  volume={32},
  year={2019}
}

@inproceedings{hendrycks2021many,
  title={The many faces of robustness: A critical analysis of out-of-distribution generalization},
  author={Hendrycks, Dan and Basart, Steven and Mu, Norman and Kadavath, Saurav and Wang, Frank and Dorundo, Evan and Desai, Rahul and Zhu, Tyler and Parajuli, Samyak and Guo, Mike and others},
  booktitle={Proceedings of the IEEE/CVF international conference on computer vision},
  pages={8340--8349},
  year={2021}
}
@inproceedings{hendrycks2021natural,
  title={Natural adversarial examples},
  author={Hendrycks, Dan and Zhao, Kevin and Basart, Steven and Steinhardt, Jacob and Song, Dawn},
  booktitle={Proceedings of the IEEE/CVF conference on computer vision and pattern recognition},
  pages={15262--15271},
  year={2021}
}
@article{ericsson1993role,
  title={The role of deliberate practice in the acquisition of expert performance.},
  author={Ericsson, K Anders and Krampe, Ralf T and Tesch-R{\"o}mer, Clemens},
  journal={Psychological review},
  volume={100},
  number={3},
  pages={363},
  year={1993},
  publisher={American Psychological Association}
}
@article{ho2022classifier,
  title={Classifier-free diffusion guidance},
  author={Ho, Jonathan and Salimans, Tim},
  journal={arXiv preprint arXiv:2207.12598},
  year={2022}
}

@article{song2019generative,
  title={Generative modeling by estimating gradients of the data distribution},
  author={Song, Yang and Ermon, Stefano},
  journal={Advances in neural information processing systems},
  volume={32},
  year={2019}
}

@article{astolfi2024consistency,
  title={Consistency-diversity-realism Pareto fronts of conditional image generative models},
  author={Astolfi, Pietro and Careil, Marlene and Hall, Melissa and Ma{\~n}as, Oscar and Muckley, Matthew and Verbeek, Jakob and Soriano, Adriana Romero and Drozdzal, Michal},
  journal={arXiv preprint arXiv:2406.10429},
  year={2024}
}
@book{oksendal2013stochastic,
  title={Stochastic differential equations: an introduction with applications},
  author={Oksendal, Bernt},
  year={2013},
  publisher={Springer Science \& Business Media}
}
@inproceedings{deng2009imagenet,
  title={Imagenet: A large-scale hierarchical image database},
  author={Deng, Jia and Dong, Wei and Socher, Richard and Li, Li-Jia and Li, Kai and Fei-Fei, Li},
  booktitle={2009 IEEE conference on computer vision and pattern recognition},
  pages={248--255},
  year={2009},
  organization={Ieee}
}
@inproceedings{sariyildiz2023fake,
  title={Fake it till you make it: Learning transferable representations from synthetic imagenet clones},
  author={Sar{\i}y{\i}ld{\i}z, Mert B{\"u}lent and Alahari, Karteek and Larlus, Diane and Kalantidis, Yannis},
  booktitle=cvpr,
  year={2023}
}
  title={Contrastive multiview coding},
  author={Tian, Yonglong and Krishnan, Dilip and Isola, Phillip},
  booktitle={Computer Vision--ECCV 2020: 16th European Conference, Glasgow, UK, August 23--28, 2020, Proceedings, Part XI 16},
  pages={776--794},
  year={2020},
  organization={Springer}
}

@inproceedings{tian2024learning,
  title={Learning vision from models rivals learning vision from data},
  author={Tian, Yonglong and Fan, Lijie and Chen, Kaifeng and Katabi, Dina and Krishnan, Dilip and Isola, Phillip},
  booktitle=cvpr,
  year={2024}
}

@article{sorscher2022beyond,
	title        = {Beyond neural scaling laws: beating power law scaling via data pruning},
	author       = {Sorscher, Ben and Geirhos, Robert and Shekhar, Shashank and Ganguli, Surya and Morcos, Ari},
	year         = 2022,
	journal      = {Advances in Neural Information Processing Systems},
	volume       = 35,
	pages        = {19523--19536}
}
@book{Couillet_Liao_2022,
place={Cambridge},
title={Random Matrix Methods for Machine Learning},
publisher={Cambridge University Press}, author={Couillet, Romain and Liao, Zhenyu}, year={2022}
}


@inproceedings{ZhenyuAndMahoney2021,
 author = {Liao, Zhenyu and Mahoney, Michael W},
 booktitle = {Advances in Neural Information Processing Systems},
 publisher = {Curran Associates, Inc.},
 title = {Hessian Eigenspectra of More Realistic Nonlinear Models},
 volume = {34},
 year = {2021}
}

@misc{Firdoussi2024,
      title={Maximizing the Potential of Synthetic Data: Insights from Random Matrix Theory}, 
      author={Aymane El Firdoussi and Mohamed El Amine Seddik and Soufiane Hayou and Reda Alami and Ahmed Alzubaidi and Hakim Hacid},
      year={2024},
journal={ArXiv}
}


@inproceedings{ho2020denoising,
  title={Denoising diffusion probabilistic models},
  author={Ho, Jonathan and Jain, Ajay and Abbeel, Pieter},
  booktitle = nips,
  year={2020}
}

@inproceedings{fan2024scaling,
  title={Scaling laws of synthetic images for model training... for now},
  author={Fan, Lijie and Chen, Kaifeng and Krishnan, Dilip and Katabi, Dina and Isola, Phillip and Tian, Yonglong},
  booktitle=cvpr,
  year={2024}
}

@article{evans2023bad,
  title={Bad students make great teachers: Active learning accelerates large-scale visual understanding},
  author={Evans, Talfan and Pathak, Shreya and Merzic, Hamza and Schwarz, Jonathan and Tanno, Ryutaro and Henaff, Olivier J},
  journal=arxiv, 
  volume = {2312.05328},
  year={2023}
}

@inproceedings{bang2024active,
  title={Active Prompt Learning in Vision Language Models},
  author={Bang, Jihwan and Ahn, Sumyeong and Lee, Jae-Gil},
  booktitle=cvpr,
  year={2024}
}

@inproceedings{rombach2022high,
  title={High-resolution image synthesis with latent diffusion models},
  author={Rombach, Robin and Blattmann, Andreas and Lorenz, Dominik and Esser, Patrick and Ommer, Bj{\"o}rn},
  booktitle=cvpr,
  year={2022}
}

@article{song2020denoising,
  title={Denoising diffusion implicit models},
  author={Song, Jiaming and Meng, Chenlin and Ermon, Stefano},
  journal=arxiv,
  volume = {2010.02502},
  year={2020}
}

@inproceedings{dhariwal2021diffusion,
  title={Diffusion models beat {GAN}s on image synthesis},
  author={Dhariwal, Prafulla and Nichol, Alexander},
  booktitle=nips,
  year={2021}
}

@article{hu2024minicpm,
  title={Minicpm: Unveiling the potential of small language models with scalable training strategies},
  author={Hu, Shengding and Tu, Yuge and Han, Xu and He, Chaoqun and Cui, Ganqu and Long, Xiang and Zheng, Zhi and Fang, Yewei and Huang, Yuxiang and Zhao, Weilin and others},
  journal=arxiv,
  volume = {2404.06395},
  year={2024}
}

@InProceedings{dosovitskiy2020image,
  author    = {Alexey Dosovitskiy and Lucas Beyer and Alexander Kolesnikov and Dirk Weissenborn and Xiaohua Zhai and Thomas Unterthiner and Mostafa Dehghani and Matthias Minderer and Georg Heigold and Sylvain Gelly and Jakob Uszkoreit and Neil Houlsby},
  booktitle = iclr,
  title     = {An Image is Worth 16$\times$16 Words: Transformers for Image Recognition at Scale},
  year      = {2021}
}



@article{shin2023fill,
  title={Fill-up: Balancing long-tailed data with generative models},
  author={Shin, Joonghyuk and Kang, Minguk and Park, Jaesik},
  journal=arxiv,
  volume = {2306.07200},
  year={2023}
}

@article{yuan2024self,
  title={Self-play fine-tuning of diffusion models for text-to-image generation},
  author={Yuan, Huizhuo and Chen, Zixiang and Ji, Kaixuan and Gu, Quanquan},
  journal=arxiv,
  volume = {2402.10210},
  year={2024}
}

@article{yuan2023real,
  title={Real-fake: Effective training data synthesis through distribution matching},
  author={Yuan, Jianhao and Zhang, Jie and Sun, Shuyang and Torr, Philip and Zhao, Bo},
  journal=arxiv,
  volume = {2310.10402},
  year={2023}
}

@article{hemmat2023feedback,
  title={Feedback-guided data synthesis for imbalanced classification},
  author={Hemmat, Reyhane Askari and Pezeshki, Mohammad and Bordes, Florian and Drozdzal, Michal and Romero-Soriano, Adriana},
  journal=arxiv,
  volume = {2310.00158},
  year={2023}
}

@inproceedings{zhang2024expanding,
  title={Expanding small-scale datasets with guided imagination},
  author={Zhang, Yifan and Zhou, Daquan and Hooi, Bryan and Wang, Kai and Feng, Jiashi},
  booktitle = nips,
  year={2024}
}

@inproceedings{dunlap2023diversify,
  title={Diversify your vision datasets with automatic diffusion-based augmentation},
  author={Dunlap, Lisa and Umino, Alyssa and Zhang, Han and Yang, Jiezhi and Gonzalez, Joseph E and Darrell, Trevor},
  booktitle = nips,
  year={2023}
}

@inproceedings{zeiler2014visualizing,
  title={Visualizing and understanding convolutional networks},
  author={Zeiler, Matthew D and Fergus, Rob},
  booktitle=eccv,
  year={2014}
}

@inproceedings{rahaman2019spectral,
  title={On the spectral bias of neural networks},
  author={Rahaman, Nasim and Baratin, Aristide and Arpit, Devansh and Draxler, Felix and Lin, Min and Hamprecht, Fred and Bengio, Yoshua and Courville, Aaron},
  booktitle=icml,
  year={2019}
}

@article{geirhos2020shortcut,
  title={Shortcut learning in deep neural networks},
  author={Geirhos, Robert and Jacobsen, J{\"o}rn-Henrik and Michaelis, Claudio and Zemel, Richard and Brendel, Wieland and Bethge, Matthias and Wichmann, Felix A},
  journal={Nature Machine Intelligence},
  volume={2},
  number={11},
  pages={665--673},
  year={2020},
  publisher={Nature Publishing Group UK London}
}

@article{SelfDrivingCarSong_2024,
   title={Synthetic Datasets for Autonomous Driving: A Survey},
   volume={9},
   ISSN={2379-8858},
   url={http://dx.doi.org/10.1109/TIV.2023.3331024},
   DOI={10.1109/tiv.2023.3331024},
   number={1},
   journal={IEEE Transactions on Intelligent Vehicles},
   publisher={Institute of Electrical and Electronics Engineers (IEEE)},
   author={Song, Zhihang and He, Zimin and Li, Xingyu and Ma, Qiming and Ming, Ruibo and Mao, Zhiqi and Pei, Huaxin and Peng, Lihui and Hu, Jianming and Yao, Danya and Zhang, Yi},
   year={2024},
   month=jan, pages={1847–1864} }

@INPROCEEDINGS{Sim-to-Real,
  author={Zhao, Wenshuai and Queralta, Jorge Peña and Westerlund, Tomi},
  booktitle={2020 IEEE Symposium Series on Computational Intelligence (SSCI)}, 
  title={Sim-to-Real Transfer in Deep Reinforcement Learning for Robotics: a Survey}, 
  year={2020},
  volume={},
  number={},
  pages={737-744},
  keywords={Robots;Reinforcement learning;Task analysis;Robot sensing systems;Training;Adaptation models;Optimization;Deep Reinforcement Learning;Robotics;Simto-Real;Transfer Learning;Meta Learning;Domain Randomization;Knowledge Distillation;Imitation Learning},
  doi={10.1109/SSCI47803.2020.9308468}}


@misc{grattafiori2024llama3herdmodels,
      title={The Llama 3 Herd of Models}, 
      author={Aaron Grattafiori and others},
      year={2024},
      eprint={2407.21783},
      archivePrefix={arXiv},
      primaryClass={cs.AI},
      url={https://arxiv.org/abs/2407.21783}, 
}

@article{settles2009active,
  title={Active learning literature survey},
  author={Settles, Burr},
  year={2009},
  publisher={University of Wisconsin-Madison Department of Computer Sciences}
}

@article{kirkpatrick2017overcoming,
  title={Overcoming catastrophic forgetting in neural networks},
  author={Kirkpatrick, James and Pascanu, Razvan and Rabinowitz, Neil and Veness, Joel and Desjardins, Guillaume and Rusu, Andrei A and Milan, Kieran and Quan, John and Ramalho, Tiago and Grabska-Barwinska, Agnieszka and others},
  journal={Proceedings of the national academy of sciences},
  volume={114},
  number={13},
  pages={3521--3526},
  year={2017},
  publisher={National Acad Sciences}
}

@inproceedings{kolossov2024towards,
	title        = {Towards a statistical theory of data selection under weak supervision},
	author       = {Germain Kolossov and Andrea Montanari and Pulkit Tandon},
	year         = 2024,
	booktitle    = {The Twelfth International Conference on Learning Representations},
	url          = {https://openreview.net/forum?id=HhfcNgQn6p}
}

@article{dohmatob2024tale,
  title={A tale of tails: Model collapse as a change of scaling laws},
  author={Dohmatob, Elvis and Feng, Yunzhen and Yang, Pu and Charton, Francois and Kempe, Julia},
  journal={arXiv preprint arXiv:2402.07043},
  year={2024}
}

@article{dohmatob2024strong,
  title={Strong model collapse},
  author={Dohmatob, Elvis and Feng, Yunzhen and Subramonian, Arjun and Kempe, Julia},
  journal={arXiv preprint arXiv:2410.04840},
  year={2024}
}

@inproceedings{li2025genview,
  title={Genview: Enhancing view quality with pretrained generative model for self-supervised learning},
  author={Li, Xiaojie and Yang, Yibo and Li, Xiangtai and Wu, Jianlong and Yu, Yue and Ghanem, Bernard and Zhang, Min},
  booktitle={European Conference on Computer Vision},
  pages={306--325},
  year={2025},
  organization={Springer}
}

@article{astolfi2023instance,
  title={Instance-conditioned gan data augmentation for representation learning},
  author={Astolfi, Pietro and Casanova, Arantxa and Verbeek, Jakob and Vincent, Pascal and Romero-Soriano, Adriana and Drozdzal, Michal},
  journal={arXiv preprint arXiv:2303.09677},
  year={2023}
}

@article{MP1967,
    year = {1967},
    month = {apr},
    publisher = {},
    volume = {1},
    number = {4},
    pages = {457},
    author = {V A Mar{\v{c}}enko and  L A Pastur},
    title = {DISTRIBUTION OF EIGENVALUES FOR SOME SETS OF RANDOM MATRICES},
    journal = {Mathematics of the USSR-Sbornik},
    abstract = {}
}

@misc{feng2024modelcollapsescalingsynthesized,
	title        = {Beyond Model Collapse: Scaling Up with Synthesized Data Requires Reinforcement},
	author       = {Yunzhen Feng and Elvis Dohmatob and Pu Yang and Francois Charton and Julia Kempe},
	year         = 2024,
	url          = {https://arxiv.org/abs/2406.07515},
	eprint       = {2406.07515},
	archiveprefix = {arXiv},
	primaryclass = {cs.LG}
}