@inproceedings{DBLP:conf/aistats/PawelczykLN23,
  author       = {Martin Pawelczyk and
                  Himabindu Lakkaraju and
                  Seth Neel},
  title        = {On the Privacy Risks of Algorithmic Recourse},
  booktitle    = {International Conference on Artificial Intelligence and Statistics,
                  AISTATS 2023},
  series       = {Proceedings of Machine Learning Research},
  volume       = {206},
  pages        = {9680--9696},
  publisher    = {{PMLR}},
  year         = {2023},
  timestamp    = {Mon, 19 Jun 2023 16:44:26 +0200},
  bibsource    = {dblp computer science bibliography, https://dblp.org}
}

@inproceedings{DBLP:conf/fat/MilliSDH19,
  author       = {Smitha Milli and
                  Ludwig Schmidt and
                  Anca D. Dragan and
                  Moritz Hardt},
  title        = {Model Reconstruction from Model Explanations},
  booktitle    = {Proceedings of the 2019 Conference on Fairness, Accountability, and Transparency,
                  FAT* 2019},
  pages        = {1--9},
  publisher    = {{ACM}},
  year         = {2019},
  timestamp    = {Fri, 26 Mar 2021 16:46:37 +0100},
  biburl       = {https://dblp.org/rec/conf/fat/MilliSDH19.bib},
  bibsource    = {dblp computer science bibliography, https://dblp.org}
}

@inproceedings{DBLP:conf/sectl/MiuraSY24,
  author       = {Takayuki Miura and
                  Toshiki Shibahara and
                  Naoto Yanai},
  title        = {{MEGEX:} Data-Free Model Extraction Attack Against Gradient-Based
                  Explainable {AI}},
  booktitle    = {Proceedings of the 2nd {ACM} Workshop on Secure and Trustworthy Deep
                  Learning Systems, SecTL 2024},
  pages        = {56--66},
  publisher    = {{ACM}},
  year         = {2024},
  timestamp    = {Sun, 19 Jan 2025 13:40:45 +0100},
  biburl       = {https://dblp.org/rec/conf/sectl/MiuraSY24.bib},
  bibsource    = {dblp computer science bibliography, https://dblp.org}
}

@article{DBLP:journals/cm/GongWCYJ20,
  author       = {Xueluan Gong and
                  Qian Wang and
                  Yanjiao Chen and
                  Wang Yang and
                  Xinchang Jiang},
  title        = {Model Extraction Attacks and Defenses on Cloud-Based Machine Learning
                  Models},
  journal      = {{IEEE} Commun. Mag.},
  volume       = {58},
  number       = {12},
  pages        = {83--89},
  year         = {2020},
  timestamp    = {Sat, 09 Apr 2022 12:22:16 +0200},
  biburl       = {https://dblp.org/rec/journals/cm/GongWCYJ20.bib},
  bibsource    = {dblp computer science bibliography, https://dblp.org}
}

@article{DBLP:journals/corr/abs-2005-08679,
  author       = {Emiliano De Cristofaro},
  title        = {An Overview of Privacy in Machine Learning},
  journal      = {CoRR},
  volume       = {abs/2005.08679},
  year         = {2020},
  eprinttype    = {arXiv},
  eprint       = {2005.08679},
  timestamp    = {Fri, 22 May 2020 16:21:28 +0200},
  biburl       = {https://dblp.org/rec/journals/corr/abs-2005-08679.bib},
  bibsource    = {dblp computer science bibliography, https://dblp.org}
}

@article{DBLP:journals/corr/abs-2007-07646,
  author       = {Maria Rigaki and
                  Sebastian Garc{\'{\i}}a},
  title        = {A Survey of Privacy Attacks in Machine Learning},
  journal      = {{ACM} Comput. Surv.},
  volume       = {56},
  number       = {4},
  pages        = {101:1--101:34},
  year         = {2024},
  timestamp    = {Sat, 10 Feb 2024 18:05:41 +0100},
  biburl       = {https://dblp.org/rec/journals/csur/RigakiG24.bib},
  bibsource    = {dblp computer science bibliography, https://dblp.org}
}

@article{DBLP:journals/csur/OliynykMR23,
  author       = {Daryna Oliynyk and
                  Rudolf Mayer and
                  Andreas Rauber},
  title        = {I Know What You Trained Last Summer: {A} Survey on Stealing Machine
                  Learning Models and Defences},
  journal      = {{ACM} Comput. Surv.},
  volume       = {55},
  number       = {14s},
  pages        = {324:1--324:41},
  year         = {2023},
  timestamp    = {Wed, 24 Jan 2024 17:49:04 +0100},
  biburl       = {https://dblp.org/rec/journals/csur/OliynykMR23.bib},
  bibsource    = {dblp computer science bibliography, https://dblp.org}
}

@article{DBLP:journals/datamine/Guidotti24,
  author       = {Riccardo Guidotti},
  title        = {Counterfactual explanations and how to find them: literature review
                  and benchmarking},
  journal      = {Data Min. Knowl. Discov.},
  volume       = {38},
  number       = {5},
  pages        = {2770--2824},
  year         = {2024},
  timestamp    = {Mon, 09 Dec 2024 22:47:09 +0100},
  bibsource    = {dblp computer science bibliography, https://dblp.org}
}

@article{aivodji2020model,
  author       = {Ulrich A{\"{\i}}vodji and
                  Alexandre Bolot and
                  S{\'{e}}bastien Gambs},
  title        = {Model extraction from counterfactual explanations},
  journal      = {CoRR},
  volume       = {abs/2009.01884},
  year         = {2020},
  eprinttype    = {arXiv},
  eprint       = {2009.01884},
  timestamp    = {Wed, 16 Sep 2020 15:27:56 +0200},
  biburl       = {https://dblp.org/rec/journals/corr/abs-2009-01884.bib},
  bibsource    = {dblp computer science bibliography, https://dblp.org}
}

@article{dissanayake2024model,
  title={Model reconstruction using counterfactual explanations: A perspective from polytope theory},
  author={Dissanayake, Pasan and Dutta, Sanghamitra},
  journal={Advances in Neural Information Processing Systems (NeurIPS)},
  year={2024}
}

@article{oksuz2023autolycus,
  author       = {Abdullah {\c{C}}aglar {\"{O}}ks{\"{u}}z and
                  Anisa Halimi and
                  Erman Ayday},
  title        = {{AUTOLYCUS:} Exploiting Explainable Artificial Intelligence {(XAI)}
                  for Model Extraction Attacks against Interpretable Models},
  journal      = {Proc. Priv. Enhancing Technol.},
  volume       = {2024},
  number       = {4},
  pages        = {684--699},
  year         = {2024},
  timestamp    = {Thu, 18 Jul 2024 21:28:03 +0200},
  biburl       = {https://dblp.org/rec/journals/popets/OksuzHA24.bib},
  bibsource    = {dblp computer science bibliography, https://dblp.org}
}

@inproceedings{wang2022dualcf,
  author       = {Yongjie Wang and
                  Hangwei Qian and
                  Chunyan Miao},
  title        = {DualCF: Efficient Model Extraction Attack from Counterfactual Explanations},
  booktitle    = {Proceedings of the 2022 Conference on Fairness, Accountability, and
                  Transparency, FAccT 2022},
  pages        = {1318--1329},
  publisher    = {{ACM}},
  year         = {2022},
  timestamp    = {Sat, 30 Sep 2023 09:41:01 +0200},
  biburl       = {https://dblp.org/rec/conf/fat/WangQM22.bib},
  bibsource    = {dblp computer science bibliography, https://dblp.org}
}

