@inproceedings{kuratov2024babilong,
  title={{BABILong}: Testing the Limits of {LLM}s with Long Context Reasoning-in-a-Haystack},
  author={Yuri Kuratov and Aydar Bulatov and Petr Anokhin and Ivan Rodkin and Dmitry Igorevich Sorokin and Artyom Sorokin and Mikhail Burtsev},
  booktitle={The Thirty-Eight Conference on Neural Information Processing Systems Datasets and Benchmarks Track},
  year={2024},
  url={https://openreview.net/forum?id=u7m2CG84BQ}
}

@article{lee2024can,
  title={Can Long-Context Language Models Subsume Retrieval, {RAG, SQL, and More?}},
  author={Lee, Jinhyuk and Chen, Anthony and et al.},
  journal={arXiv preprint arXiv:2406.13121},
  year={2024}
}

@article{li2024needlebench,
  title={{NeedleBench}: Can {LLMs} Do Retrieval and Reasoning in 1 Million Context Window?},
  author={Li, Mo and Zhang, Songyang and et al.},
  journal={arXiv preprint arXiv:2407.11963},
  year={2024}
}

@article{wang2024multimodal,
  title={Multimodal Needle in a Haystack: Benchmarking Long-Context Capability of Multimodal Large Language Models},
  author={Wang, Hengyi and Shi, Haizhou and et al.},
  journal={arXiv preprint arXiv:2406.11230},
  year={2024}
}

@article{georgiev2024gemini,
  title={{Gemini 1.5}: Unlocking Multimodal Understanding Across Millions of Tokens of Context},
  author={Georgiev, Petko and Lei, Ving Ian and et al.},
  journal={arXiv preprint arXiv:2403.05530},
  year={2024}
}

@inproceedings{wang2025novelqa,
  title={{NovelQA}: Benchmarking Question Answering on Documents Exceeding 200K Tokens},
  author={Cunxiang Wang and Ruoxi Ning and Boqi Pan and Tonghui Wu and Qipeng Guo and Cheng Deng and Guangsheng Bao and Xiangkun Hu and Zheng Zhang and Qian Wang and Yue Zhang},
  booktitle={The Thirteenth International Conference on Learning Representations},
  year={2025},
  url={https://openreview.net/forum?id=uMEsKEiB7J}
}

@article{karpinska2024one,
  title={One Thousand and One Pairs: A "Novel" Challenge for Long-Context Language Models},
  author={Karpinska, Marzena and Thai, Katherine and et al.},
  journal={arXiv preprint arXiv:2406.16264},
  year={2024}
}

@inproceedings{levy-etal-2024-task,
  title={Same Task, More Tokens: The Impact of Input Length on the Reasoning Performance of Large Language Models},
  author={Levy, Mosh and Jacoby, Alon and Goldberg, Yoav},
  editor={Ku, Lun-Wei and Martins, Andre and Srikumar, Vivek},
  booktitle={Proceedings of the 62nd Annual Meeting of the Association for Computational Linguistics (Volume 1: Long Papers)},
  month={aug},
  year={2024},
  address={Bangkok, Thailand},
  publisher={Association for Computational Linguistics},
  url={https://aclanthology.org/2024.acl-long.818/},
  doi={10.18653/v1/2024.acl-long.818},
  pages={15339--15353}
}

@article{adams2024longhealth,
  title={{LongHealth}: A Question Answering Benchmark With Long Clinical Documents},
  author={Adams, Lisa and Busch, Felix and et al.},
  journal={arXiv preprint arXiv:2401.14490},
  year={2024}
}

@inproceedings{reddy-etal-2024-docfinqa,
  title={{DocFinQA}: A Long-Context Financial Reasoning Dataset},
  author={Reddy, Varshini and Koncel-Kedziorski, Rik and Lai, Viet Dac and Krumdick, Michael and Lovering, Charles and Tanner, Chris},
  editor={Ku, Lun-Wei and Martins, Andre and Srikumar, Vivek},
  booktitle={Proceedings of the 62nd Annual Meeting of the Association for Computational Linguistics (Volume 2: Short Papers)},
  month={aug},
  year={2024},
  address={Bangkok, Thailand},
  publisher={Association for Computational Linguistics},
  url={https://aclanthology.org/2024.acl-short.42/},
  doi={10.18653/v1/2024.acl-short.42},
  pages={445--458}
}

@inproceedings{bai-etal-2024-longbench,
  title={{LongBench}: A Bilingual, Multitask Benchmark for Long Context Understanding},
  author={Bai, Yushi and Lv, Xin and Zhang, Jiajie and Lyu, Hongchang and Tang, Jiankai and Huang, Zhidian and Du, Zhengxiao and Liu, Xiao and Zeng, Aohan and Hou, Lei and Dong, Yuxiao and Tang, Jie and Li, Juanzi},
  editor={Ku, Lun-Wei and Martins, Andre and Srikumar, Vivek},
  booktitle={Proceedings of the 62nd Annual Meeting of the Association for Computational Linguistics (Volume 1: Long Papers)},
  month={aug},
  year={2024},
  address={Bangkok, Thailand},
  publisher={Association for Computational Linguistics},
  url={https://aclanthology.org/2024.acl-long.172/},
  doi={10.18653/v1/2024.acl-long.172},
  pages={3119--3137}
}

@inproceedings{zhang2024infinitybench,
  title={{$\infty$Bench}: Extending Long Context Evaluation Beyond 100K Tokens},
  author={Zhang, Xinrong and Chen, Yingfa and Hu, Shengding and Xu, Zihang and Chen, Junhao and Hao, Moo and Han, Xu and Thai, Zhen and Wang, Shuo and Liu, Zhiyuan and Sun, Maosong},
  year={2024},
  booktitle={Proceedings of ACL},
  pages={15262--15277}
}

@inproceedings{koh2022empirical,
  title={An Empirical Survey on Long Document Summarization: Datasets, Models, and Metrics},
  author={Koh, Huan Yee and Ju, Jiaxin and Liu, Ming and Pan, Shirui},
  year={2022},
  booktitle={ACM Computing Surveys 55, 8 (2022), 1--35}
}

@inproceedings{agarwal2024manyshot,
  title={Many-Shot In-Context Learning},
  author={Agarwal, Rishabh and Singh, Avi and Zhang, Lei M and Bohnet, Bernd and Rosias, Luis and Chan, Stephanie CY and Zhang, Biao and Faust, Aleksandra and Larochelle, Hugo},
  booktitle={ICML 2024 Workshop on In-Context Learning},
  year={2024}
}

@inproceedings{shaham2022scrolls,
  title={{SCROLLS}: Standardized Comparison Over Long Language Sequences},
  author={Shaham, Uri and Segal, Elad and Ivgi, Maor and Efrat, Avia and Yoran, Ori and Haviv, Adi and Gupta, Ankit and Xiong, Wenhan and Geva, Mor and Berant, Jonathan and Levy, Omer},
  booktitle={Proceedings of the 2022 Conference on Empirical Methods in Natural Language Processing},
  publisher={Association for Computational Linguistics},
  address={Abu Dhabi, United Arab Emirates},
  pages={12007--12021},
  year={2022}
}

@inproceedings{qiu-etal-2024-clongeval,
  title={{CLongEval}: A Chinese Benchmark for Evaluating Long-Context Large Language Models},
  author={Qiu, Zexuan and Li, Jingjing and Huang, Shijue and Jiao, Xiaoqi and Zhong, Wanjun and King, Irwin},
  editor={Al-Onaizan, Yaser and Bansal, Mohit and Chen, Yun-Nung},
  booktitle={Findings of the Association for Computational Linguistics: EMNLP 2024},
  month={nov},
  year={2024},
  address={Miami, Florida, USA},
  publisher={Association for Computational Linguistics},
  url={https://aclanthology.org/2024.findings-emnlp.230/},
  doi={10.18653/v1/2024.findings-emnlp.230},
  pages={3985--4004}
}

@inproceedings{wei2022chain,
  author={Wei, Jason and Wang, Xuezhi and Schuurmans, Dale and Bosma, Maarten and Xia, Fei and Chi, Ed and Le, Quoc V and Zhou, Denny and et al.},
  title={Chain-of-Thought Prompting Elicits Reasoning in Large Language Models},
  booktitle={Advances in Neural Information Processing Systems 35},
  pages={24824--24837},
  year={2022}
}