@article{Pacchiardi2024,
  author  = {Lorenzo Pacchiardi and Rilwan A. Adewoyin and Peter Dueben and Ritabrata Dutta},
  title   = {Probabilistic Forecasting with Generative Networks via Scoring Rule Minimization},
  journal = {Journal of Machine Learning Research},
  year    = {2024},
  volume  = {25},
  number  = {45},
  pages   = {1--64},
}

@inproceedings{Unterthiner2018coulomb,
  author = 	 { Unterthiner and  Nessler and Seward and Klambauer and Heusel  and Ramsauer and Hochreiter},
  title = 	 {Coulomb {GAN}s: Provably Optimal {N}ash Equilibria via Potential Fields},
  booktitle = 	 {International Conference on Learning Representations},
  year = 	 {2018}
}

@inproceedings{bao2022analytic,
  title={Analytic-{DPM}: an Analytic Estimate of the Optimal Reverse Variance in Diffusion Probabilistic Models},
  author={Bao, Fan and Li, Chongxuan and Zhu, Jun and Zhang, Bo},
  booktitle={International Conference on Learning Representations},
  year={2022}
}

@inproceedings{bao2022estimating,
  title={Estimating the Optimal Covariance with Imperfect Mean in Diffusion Probabilistic Models},
  author={Bao, Fan and Li, Chongxuan and Sun, Jiacheng and Zhu, Jun and Zhang, Bo},
  booktitle={International Conference on Machine Learning},
  year={2022},
}

@article{bellemare2017cramerdistancesolutionbiased,
      title={The {C}ramer Distance as a Solution to Biased {W}asserstein Gradients}, 
      author={Marc G. Bellemare and Ivo Danihelka and Will Dabney and Shakir Mohamed and Balaji Lakshminarayanan and Stephan Hoyer and RÃ©mi Munos},
      year={2017},
      journal={arXiv preprint arXiv:1705.10743},
}

@inproceedings{binkowski2018demystifying,
  title={Demystifying {MMD GAN}s},
  author={Bi{\'n}kowski, Miko{\l}aj and Sutherland, Danica J and Arbel, Michael and Gretton, Arthur},
  booktitle={International Conference on Learning Representations},
  year={2018}
}

@inproceedings{bouchacourt2016disco,
  title={Disco nets: Dissimilarity coefficients networks},
  author={Bouchacourt, Diane and Mudigonda, Pawan K and Nowozin, Sebastian},
  booktitle={Advances in Neural Information Processing Systems},
  year={2016}
}

@inproceedings{chen2020wavegrad,
  title={{WaveGrad}: Estimating Gradients for Waveform Generation},
  author={Chen, Nanxin and Zhang, Yu and Zen, Heiga and Weiss, Ron J and Norouzi, Mohammad and Chan, William},
  booktitle={International Conference on Learning Representations},
  year={2021}
}

@article{chen2024generative,
  title={Generative machine learning methods for multivariate ensemble postprocessing},
  author={Chen, Jieyu and Janke, Tim and Steinke, Florian and Lerch, Sebastian},
  journal={The Annals of Applied Statistics},
  volume={18},
  number={1},
  pages={159--183},
  year={2024},
  publisher={Institute of Mathematical Statistics}
}

@misc{cheng2024conditionalganenhancingdiffusion,
      title={Conditional GAN for Enhancing Diffusion Models in Efficient and Authentic Global Gesture Generation from Audios}, 
      author={Yongkang Cheng and Mingjiang Liang and Shaoli Huang and Gaoge Han and Jifeng Ning and Wei Liu},
      year={2024},
      eprint={2410.20359},
      archivePrefix={arXiv}
}

@misc{dieleman2024distillation,
  author = {Dieleman, Sander},
  title = {The paradox of diffusion distillation},
  url = {https://sander.ai/2024/02/28/paradox.html},
  year = {2024}
}

@inproceedings{dziugaite2015training,
  title={Training generative neural networks via maximum mean discrepancy optimization},
  author={Dziugaite, Gintare Karolina and Roy, Daniel M and Ghahramani, Zoubin},
  booktitle={Uncertainty in Artificial Intelligence},
  year={2015}
}

@MastersThesis{energy-distance-gan,
  author =      {L. Liu},
  title =      {On the Two-Sample Statistic Approach to Generative Adversarial Networks},
  school =      {University of Princeton Senior Thesis},
  year =      {2017},
  url = {http://arks.princeton.edu/ark:/88435/dsp0179408079v},
  month =      {April}
}

@article{franceschi2024unifying,
  title={Unifying {GAN}s and score-based diffusion as generative particle models},
  author={Franceschi, Jean-Yves and Gartrell, Mike and Dos Santos, Ludovic and Issenhuth, Thibaut and de B{\'e}zenac, Emmanuel and Chen, Micka{\"e}l and Rakotomamonjy, Alain},
  journal={Advances in Neural Information Processing Systems},
  year={2024}
}

@inproceedings{galashov2024deep,
  title={Deep {MMD} Gradient Flow without adversarial training},
  author={Galashov, Alexandre and de Bortoli, Valentin and Gretton, Arthur},
  booktitle={International Conference on Learning Representations},
  year={2025}
}

@article{gretton2012kernel,
  title={A kernel two-sample test},
  author={Gretton, Arthur and Borgwardt, Karsten M and Rasch, Malte J and Sch{\"o}lkopf, Bernhard and Smola, Alexander},
  journal={Journal of Machine Learning Research},
  volume={13},
  number={1},
  pages={723--773},
  year={2012},
}

@inproceedings{gritsenko2020spectral,
  title={A spectral energy distance for parallel speech synthesis},
  author={Gritsenko, Alexey and Salimans, Tim and van den Berg, Rianne and Snoek, Jasper and Kalchbrenner, Nal},
  booktitle={Advances in Neural Information Processing Systems},
  year={2020}
}

@inproceedings{ho2020denoising,
  title={Denoising diffusion probabilistic models},
  author={Ho, Jonathan and Jain, Ajay and Abbeel, Pieter},
  booktitle={Advances in Neural Information Processing Systems},
  year={2020}
}

@article{huang2024flow,
  title={Flow Generator Matching},
  author={Huang, Zemin and Geng, Zhengyang and Luo, Weijian and Qi, Guo-jun},
  journal={arXiv preprint arXiv:2410.19310},
  year={2024}
}

@inproceedings{issa2024non,
  title={Non-adversarial training of Neural {SDE}s with signature kernel scores},
  author={Issa, Zacharia and Horvath, Blanka and Lemercier, Maud and Salvi, Cristopher},
  booktitle={Advances in Neural Information Processing Systems},
  year={2024}
}

@article{jolicoeur2021gotta,
  title={Gotta go fast when generating data with score-based models},
  author={Jolicoeur-Martineau, Alexia and Li, Ke and Pich{\'e}-Taillefer, R{\'e}mi and Kachman, Tal and Mitliagkas, Ioannis},
  journal={arXiv preprint arXiv:2105.14080},
  year={2021}
}

@inproceedings{li2015generative,
  title={Generative moment matching networks},
  author={Li, Yujia and Swersky, Kevin and Zemel, Rich},
  booktitle={International Conference on Machine Learning},
  year={2015},
}

@inproceedings{li2017mmdGan,
 author = {Li, Chun-Liang and Chang, Wei-Cheng and Cheng, Yu and Yang, Yiming and Poczos, Barnabas},
 booktitle = {Advances in Neural Information Processing Systems},
 title = {MMD GAN: Towards Deeper Understanding of Moment Matching Network},
 year = {2017}
}

@inproceedings{liu2022flow,
  title={Flow Straight and Fast: Learning to Generate and Transfer Data with Rectified Flow},
  author={Liu, Xingchao and Gong, Chengyue and others},
  booktitle={International Conference on Learning Representations},
  year={2023}
}

@article{lu2022dpm,
  title={{DPM}-solver++: Fast solver for guided sampling of diffusion probabilistic models},
  author={Lu, Cheng and Zhou, Yuhao and Bao, Fan and Chen, Jianfei and Li, Chongxuan and Zhu, Jun},
  journal={arXiv preprint arXiv:2211.01095},
  year={2022}
}

@article{luhman2021knowledge,
  title={Knowledge distillation in iterative generative models for improved sampling speed},
  author={Luhman, Eric and Luhman, Troy},
  journal={arXiv preprint arXiv:2101.02388},
  year={2021}
}

@article{luo2023comprehensive,
  title={A comprehensive survey on knowledge distillation of diffusion models},
  author={Luo, Weijian},
  journal={arXiv preprint arXiv:2304.04262},
  year={2023}
}

@inproceedings{meng2023distillation,
  title={On distillation of guided diffusion models},
  author={Meng, Chenlin and Rombach, Robin and Gao, Ruiqi and Kingma, Diederik and Ermon, Stefano and Ho, Jonathan and Salimans, Tim},
  booktitle={Proceedings of the IEEE/CVF Conference on Computer Vision and Pattern Recognition},
  year={2023}
}

@inproceedings{nichol2021improved,
  title={Improved denoising diffusion probabilistic models},
  author={Nichol, Alexander Quinn and Dhariwal, Prafulla},
  booktitle={International Conference on Machine Learning},
  year={2021},
}

@article{ou2024diffusion,
  title={Diffusion Model With Optimal Covariance Matching},
  author={Ou, Zijing and Zhang, Mingtian and Zhang, Andi and Xiao, Tim Z and Li, Yingzhen and Barber, David},
  journal={arXiv preprint arXiv:2406.10808},
  year={2024}
}

@article{rizzo2016energy,
  title={Energy distance},
  author={Rizzo, Maria L and Sz{\'e}kely, G{\'a}bor J},
  journal={Wiley Interdisciplinary Reviews: Computational Statistics},
  volume={8},
  number={1},
  pages={27--38},
  year={2016},
  publisher={Wiley Online Library}
}

@inproceedings{saharia2022palette,
  title={Palette: Image-to-image diffusion models},
  author={Saharia, Chitwan and Chan, William and Chang, Huiwen and Lee, Chris and Ho, Jonathan and Salimans, Tim and Fleet, David and Norouzi, Mohammad},
  booktitle={ACM SIGGRAPH},
  year={2022}
}

@inproceedings{salimans2018improvinggansusingoptimal,
      title={Improving {GAN}s Using Optimal Transport}, 
      author={Tim Salimans and Han Zhang and Alec Radford and Dimitris Metaxas},
booktitle = {International Conference on Learning Representations},
year = {2018}
}

@article{salimans2022progressive,
  title={Progressive distillation for fast sampling of diffusion models},
  author={Salimans, Tim and Ho, Jonathan},
  journal={arXiv preprint arXiv:2202.00512},
  year={2022}
}

@article{salimans2024multistep,
  title={Multistep Distillation of Diffusion Models via Moment Matching},
  author={Salimans, Tim and Mensink, Thomas and Heek, Jonathan and Hoogeboom, Emiel},
  journal={arXiv preprint arXiv:2406.04103},
  year={2024}
}

@inproceedings{sauer2025adversarial,
  title={Adversarial diffusion distillation},
  author={Sauer, Axel and Lorenz, Dominik and Blattmann, Andreas and Rombach, Robin},
  booktitle={European Conference on Computer Vision},
  pages={87--103},
  year={2025},
  organization={Springer}
}

@article{sejdinovic2013equivalence,
  title={Equivalence of distance-based and {RKHS}-based statistics in hypothesis testing},
  author={Sejdinovic, Dino and Sriperumbudur, Bharath and Gretton, Arthur and Fukumizu, Kenji},
  journal={The Annals of Statistics},
  pages={2263--2291},
  year={2013},
}

@article{shen2024engression,
  title={Engression: extrapolation through the lens of distributional regression},
  author={Shen, Xinwei and Meinshausen, Nicolai},
  journal={Journal of the Royal Statistical Society Series B: Statistical Methodology},
  year={2024},
  publisher={Oxford University Press UK}
}

@article{shen2025reversemarkovlearningmultistep,
      title={Reverse {M}arkov Learning: Multi-Step Generative Models for Complex Distributions}, 
      author={Xinwei Shen and Nicolai Meinshausen and Tong Zhang},
      year={2025},
      journal={arXiv preprint arXiv:2502.13747},
}

@inproceedings{si2023semi,
  title={Semi-autoregressive energy flows: exploring likelihood-free training of normalizing flows},
  author={Si, Phillip and Chen, Zeyi and Sahoo, Subham Sekhar and Schiff, Yair and Kuleshov, Volodymyr},
  booktitle={International Conference on Machine Learning},
  year={2023},
}

@inproceedings{song2023consistency,
  title={Consistency models},
  author={Song, Yang and Dhariwal, Prafulla and Chen, Mark and Sutskever, Ilya},
  booktitle={International Conference on Machine Learning},
  year={2023}
}

@article{szekely2013energy,
  title={Energy statistics: A class of statistics based on distances},
  author={Sz{\'e}kely, G{\'a}bor J and Rizzo, Maria L},
  journal={Journal of Statistical Planning and Inference},
  volume={143},
  number={8},
  pages={1249--1272},
  year={2013},
  publisher={Elsevier}
}

@inproceedings{xiao2021tackling,
  title={Tackling the generative learning trilemma with denoising diffusion {GAN}s},
  author={Xiao, Zhisheng and Kreis, Karsten and Vahdat, Arash},
  booktitle={International Conference on Learning Representations},
  year={2022}
}

@inproceedings{xu2024ufogen,
  title={{UFO}gen: You forward once large scale text-to-image generation via diffusion {GAN}s},
  author={Xu, Yanwu and Zhao, Yang and Xiao, Zhisheng and Hou, Tingbo},
  booktitle={Proceedings of the IEEE/CVF Conference on Computer Vision and Pattern Recognition},
  pages={8196--8206},
  year={2024}
}

@inproceedings{zheng2023dpm,
  title={{DPM}-solver-v3: Improved diffusion {ODE} solver with empirical model statistics},
  author={Zheng, Kaiwen and Lu, Cheng and Chen, Jianfei and Zhu, Jun},
  booktitle={Advances in Neural Information Processing Systems},
  year={2023}
}

