
@misc{cheng2024conditionalganenhancingdiffusion,
      title={Conditional GAN for Enhancing Diffusion Models in Efficient and Authentic Global Gesture Generation from Audios}, 
      author={Yongkang Cheng and Mingjiang Liang and Shaoli Huang and Gaoge Han and Jifeng Ning and Wei Liu},
      year={2024},
      eprint={2410.20359},
      archivePrefix={arXiv}
}

@misc{gretton2013introduction,
  title={Introduction to {RKHS}, and some simple kernel algorithms},
  author={Gretton, Arthur},
  howpublished={Advanced Topics in Machine Learning lecture, University College London},
  year={2013}
}


@inproceedings{li2017mmdGan,
 author = {Li, Chun-Liang and Chang, Wei-Cheng and Cheng, Yu and Yang, Yiming and Poczos, Barnabas},
 booktitle = {Advances in Neural Information Processing Systems},
 title = {MMD GAN: Towards Deeper Understanding of Moment Matching Network},
 year = {2017}
}


@article{bellemare2017cramerdistancesolutionbiased,
      title={The {C}ramer Distance as a Solution to Biased {W}asserstein Gradients}, 
      author={Marc G. Bellemare and Ivo Danihelka and Will Dabney and Shakir Mohamed and Balaji Lakshminarayanan and Stephan Hoyer and Rémi Munos},
      year={2017},
      journal={arXiv preprint arXiv:1705.10743},
}



@inproceedings{Unterthiner2018coulomb,
  author = 	 { Unterthiner and  Nessler and Seward and Klambauer and Heusel  and Ramsauer and Hochreiter},
  title = 	 {Coulomb {GAN}s: Provably Optimal {N}ash Equilibria via Potential Fields},
  booktitle = 	 {International Conference on Learning Representations},
  year = 	 {2018}
}


@book{BerTho04,
  Author =	 {A. Berlinet and C. {Thomas-Agnan}},
  Publisher =	 {Kluwer},
  Title =	 {Reproducing Kernel Hilbert Spaces in Probability and
                  Statistics},
  Year =	 2004
}


@book{SteChr08,
  Author =	 {Ingo Steinwart and Andreas Christmann},
  Publisher =	 {Springer},
  Series =	 {Information Science and Statistics},
  Title =	 {Support Vector Machines},
  Year =	 2008
}


@misc{carvalho2024graspdiffusionnetworklearning,
      title={Grasp Diffusion Network: Learning Grasp Generators from Partial Point Clouds with Diffusion Models in SO(3)xR3}, 
      author={Joao Carvalho and An T. Le and Philipp Jahr and Qiao Sun and Julen Urain and Dorothea Koert and Jan Peters},
      year={2024},
      eprint={2412.08398},
      archivePrefix={arXiv},
   }

@inproceedings{NIPS2008_d07e70ef,
 author = {Fukumizu, Kenji and Gretton, Arthur and Sch\"{o}lkopf, Bernhard and Sriperumbudur, Bharath K.},
 title={Characteristic Kernels on Groups and Semigroups},
 booktitle={Advances in Neural Information Processing Systems},
 year = {2008}
}

@article{JMLR:v11:vishwanathan10a,
  author  = {S.V.N. Vishwanathan and Nicol N. Schraudolph and Risi Kondor and Karsten M. Borgwardt},
  title   = {Graph Kernels},
  journal = {Journal of Machine Learning Research},
  year    = {2010},
  volume  = {11},
  number  = {40},
  pages   = {1201--1242}
}

@article{szekely05multivariateNormality,
title = {A new test for multivariate normality},
journal = {Journal of Multivariate Analysis},
volume = {93},
number = {1},
pages = {58-80},
year = {2005},
author = {Gábor J. Székely and Maria L. Rizzo}
}


@inproceedings{gans,
archivePrefix = {arXiv},
note = {\arxiv{1406.2661}},
author = {Goodfellow, I. and Pouget-Abadie, J. and Mirza, M. and Xu, B. and Warde-Farley, D. and Ozair, S. and Courville, A. and Bengio, Y.},
eprint = {1406.2661},
booktitle = {NIPS},
title = {Generative Adversarial Nets},
year = {2014}
}



@Article{GneRaf07,
  author =      {T. Gneiting and A. E. Raftery},
  title =      {Strictly proper scoring rules, prediction, and estimation},
  journal =      {Journal of the American Statistical Association},
  year =      {2007},
  volume =      {102},
  number =      {477},
  pages =      {359--378}
}

@misc{cramer-gan,
archivePrefix = {arXiv},
note = {\arxiv{1705.10743}},
author = {Bellemare, M. G. and Danihelka, I. and Dabney, W. and Mohamed, S. and Lakshminarayanan, B. and Hoyer, S. and Munos, R.},
eprint = {1705.10743},
title = {The {C}ramer Distance as a Solution to Biased {W}asserstein Gradients},
year = {2017}
}


@MastersThesis{energy-distance-gan,
  author =      {L. Liu},
  title =      {On the Two-Sample Statistic Approach to Generative Adversarial Networks},
  school =      {University of Princeton Senior Thesis},
  year =      {2017},
  url = {http://arks.princeton.edu/ark:/88435/dsp0179408079v},
  month =      {April}
}




@Article{SriGreFukLanetal10,
  author =      {B. K.  Sriperumbudur and A. Gretton and K. Fukumizu and G. R. G.  Lanckriet and B. Sch{\"o}lkopf},
  title =      {Hilbert Space Embeddings and Metrics on Probability Measures},
  journal =  {Journal of Machine Learning Research},
  year =      {2010},
  volume =      {11},
  pages =      {1517--1561}
}

@Article{SriFukLan11,
  author =      {B. K. Sriperumbudur and K. Fukumizu and G. R. G. Lanckriet},
  title =      {Universality, Characteristic Kernels and {RKHS} Embedding of Measures},
  journal =  {Journal of Machine Learning Research},
  year =      {2011},
  volume =      {12},
  pages =      {2389--2410},
}

@inproceedings{mmd-gan,
archivePrefix = {arXiv},
note = {\arxiv{1705.08584}},
author = {Li, C.-L. and Chang, W.-C. and Cheng, Y. and Yang, Y. and P{\'{o}}czos, B.},
eprint = {1705.08584},
title = {{MMD GAN}: Towards Deeper Understanding of Moment Matching Network},
booktitle = {Advances in Neural Information Processing Systems},
year = {2017}
}

@inproceedings{salimans2018improvinggansusingoptimal,
      title={Improving {GAN}s Using Optimal Transport}, 
      author={Tim Salimans and Han Zhang and Alec Radford and Dimitris Metaxas},
booktitle = {International Conference on Learning Representations},
year = {2018}
}





@inproceedings{chang2022maskgit,
  title={Maskgit: Masked generative image transformer},
  author={Chang, Huiwen and Zhang, Han and Jiang, Lu and Liu, Ce and Freeman, William T},
  booktitle={Proceedings of the IEEE/CVF Conference on Computer Vision and Pattern Recognition},
  pages={11315--11325},
  year={2022}
}

@inproceedings{shih2022training,
  title={Training and inference on any-order autoregressive models the right way},
  author={Shih, Andy and Sadigh, Dorsa and Ermon, Stefano},
  booktitle={Advances in Neural Information Processing Systems},
  volume={35},
  pages={2762--2775},
  year={2022}
}

@inproceedings{hoogeboom2021autoregressive,
  title={Autoregressive diffusion models},
  author={Hoogeboom, Emiel and Gritsenko, Alexey A and Bastings, Jasmijn and Poole, Ben and Berg, Rianne van den and Salimans, Tim},
  booktitle={International Conference on Learning Representations},
  year={2022}
}

@inproceedings{pannatier2024sigma,
  title={$\sigma$-GPTs: A New Approach to Autoregressive Models},
  author={Pannatier, Arnaud and Courdier, Evann and Fleuret, Fran{\c{c}}ois},
  booktitle={Joint European Conference on Machine Learning and Knowledge Discovery in Databases},
  pages={143--159},
  year={2024},
  organization={Springer}
}

@inproceedings{ni2024revisiting,
  title={Revisiting non-autoregressive transformers for efficient image synthesis},
  author={Ni, Zanlin and Wang, Yulin and Zhou, Renping and Guo, Jiayi and Hu, Jinyi and Liu, Zhiyuan and Song, Shiji and Yao, Yuan and Huang, Gao},
  booktitle={Proceedings of the IEEE/CVF Conference on Computer Vision and Pattern Recognition},
  year={2024}
}

@article{hayes2024simulating,
  title={Simulating 500 million years of evolution with a language model},
  author={Hayes, Tomas and Rao, Roshan and Akin, Halil and Sofroniew, Nicholas J and Oktay, Deniz and Lin, Zeming and Verkuil, Robert and Tran, Vincent Q and Deaton, Jonathan and Wiggert, Marius and others},
  journal={bioRxiv},
  pages={2024--07},
  year={2024},
  publisher={Cold Spring Harbor Laboratory}
}

@inproceedings{kong2023autoregressive,
  title={Autoregressive diffusion model for graph generation},
  author={Kong, Lingkai and Cui, Jiaming and Sun, Haotian and Zhuang, Yuchen and Prakash, B Aditya and Zhang, Chao},
  booktitle={International conference on machine learning},
  pages={17391--17408},
  year={2023},
  organization={PMLR}
}

@article{achiam2023gpt,
  title={Gpt-4 technical report},
  author={Achiam, Josh and Adler, Steven and Agarwal, Sandhini and Ahmad, Lama and Akkaya, Ilge and Aleman, Florencia Leoni and Almeida, Diogo and Altenschmidt, Janko and Altman, Sam and Anadkat, Shyamal and others},
  journal={arXiv preprint arXiv:2303.08774},
  year={2023}
}

@article{team2023gemini,
  title={Gemini: a family of highly capable multimodal models},
  author={"TeamGemini"},
  journal={arXiv preprint arXiv:2312.11805},
  year={2023}
}
%author={Team, Gemini and Anil, Rohan and Borgeaud, Sebastian and Alayrac, Jean-Baptiste and Yu, Jiahui and Soricut, Radu and Schalkwyk, Johan and Dai, Andrew M and Hauth, Anja and Millican, Katie and others},

@article{claude2024,
title={The {C}laude 3 Model Family: Opus, Sonnet, Haiku},
author={Anthropic},
journal={Technical Report},
year={2024},
}

@article{wang2024dplm,
  title={{DPLM-2}: A Multimodal Diffusion Protein Language Model},
  author={Wang, Xinyou and Zheng, Zaixiang and Ye, Fei and Xue, Dongyu and Huang, Shujian and Gu, Quanquan},
  journal={arXiv preprint arXiv:2410.13782},
  year={2024}
}

@article{brown2020language,
  title={Language models are few-shot learners},
  author={Brown, Tom B},
  journal={arXiv preprint arXiv:2005.14165},
  year={2020}
}

@article{sutskever2014sequence,
  title={Sequence to Sequence Learning with Neural Networks},
  author={Sutskever, I},
  journal={arXiv preprint arXiv:1409.3215},
  year={2014}
}

@inproceedings{vaswani2017attention,
  title={Attention is all you need},
  author={Vaswani, A},
  booktitle={Advances in Neural Information Processing Systems},
  year={2017}
}

@inproceedings{sahoo2024simple,
  title={Simple and Effective Masked Diffusion Language Models},
  author={Sahoo, Subham Sekhar and Arriola, Marianne and Schiff, Yair and Gokaslan, Aaron and Marroquin, Edgar and Chiu, Justin T and Rush, Alexander and Kuleshov, Volodymyr},
  booktitle={Advances in Neural Information Processing Systems},
  year={2024}
}

@inproceedings{shi2024simplified,
  title={Simplified and Generalized Masked Diffusion for Discrete Data},
  author={Shi, Jiaxin and Han, Kehang and Wang, Zhe and Doucet, Arnaud and Titsias, Michalis K},
 booktitle={Advances in Neural Information Processing Systems},
  year={2024}
}

@article{zheng2024masked,
  title={Masked diffusion models are secretly time-agnostic masked models and exploit inaccurate categorical sampling},
  author={Zheng, Kaiwen and Chen, Yongxin and Mao, Hanzi and Liu, Ming-Yu and Zhu, Jun and Zhang, Qinsheng},
  journal={arXiv preprint arXiv:2409.02908},
  year={2024}
}


@article{alamdari2023protein,
  title={Protein generation with evolutionary diffusion: sequence is all you need},
  author={Alamdari, Sarah and Thakkar, Nitya and van den Berg, Rianne and Lu, Alex X and Fusi, Nicolo and Amini, Ava P and Yang, Kevin K},
  journal={BioRxiv},
  pages={2023--09},
  year={2023},
  publisher={Cold Spring Harbor Laboratory}
}

@article{wang2024diffusion,
  title={Diffusion Language Models Are Versatile Protein Learners},
  author={Wang, Xinyou and Zheng, Zaixiang and Ye, Fei and Xue, Dongyu and Huang, Shujian and Gu, Quanquan},
  journal={arXiv preprint arXiv:2402.18567},
  year={2024}
}

@inproceedings{gruver2024protein,
  title={Protein design with guided discrete diffusion},
  author={Gruver, Nate and Stanton, Samuel and Frey, Nathan and Rudner, Tim GJ and Hotzel, Isidro and Lafrance-Vanasse, Julien and Rajpal, Arvind and Cho, Kyunghyun and Wilson, Andrew G},
  booktitle={Advances in Neural Information Processing Systems},
  volume={36},
  year={2024}
}

@article{elhoushi2024layer,
  title={Layer skip: Enabling early exit inference and self-speculative decoding},
  author={Elhoushi, Mostafa and Shrivastava, Akshat and Liskovich, Diana and Hosmer, Basil and Wasti, Bram and Lai, Liangzhen and Mahmoud, Anas and Acun, Bilge and Agarwal, Saurabh and Roman, Ahmed and others},
  journal={arXiv preprint arXiv:2404.16710},
  year={2024}
}

@article{chen2023accelerating,
  title={Accelerating large language model decoding with speculative sampling},
  author={Chen, Charlie and Borgeaud, Sebastian and Irving, Geoffrey and Lespiau, Jean-Baptiste and Sifre, Laurent and Jumper, John},
  journal={arXiv preprint arXiv:2302.01318},
  year={2023}
}

@inproceedings{leviathan2023fast,
  title={Fast inference from transformers via speculative decoding},
  author={Leviathan, Yaniv and Kalman, Matan and Matias, Yossi},
  booktitle={International Conference on Machine Learning},
  pages={19274--19286},
  year={2023},
  organization={PMLR}
}

@article{zhang2023draft,
  title={Draft \& verify: Lossless large language model acceleration via self-speculative decoding},
  author={Zhang, Jun and Wang, Jue and Li, Huan and Shou, Lidan and Chen, Ke and Chen, Gang and Mehrotra, Sharad},
  journal={arXiv preprint arXiv:2309.08168},
  year={2023}
}

@inproceedings{heusel2017gans,
  title={{GAN}s trained by a two time-scale update rule converge to a local {N}ash equilibrium},
  author={Heusel, Martin and Ramsauer, Hubert and Unterthiner, Thomas and Nessler, Bernhard and Hochreiter, Sepp},
  booktitle={Advances in Neural Information Processing Systems},
  year={2017}
}

@inproceedings{hoogeboom2021argmax,
  title={Argmax flows and multinomial diffusion: Learning categorical distributions},
  author={Hoogeboom, Emiel and Nielsen, Didrik and Jaini, Priyank and Forr{\'e}, Patrick and Welling, Max},
  booktitle={Advances in Neural Information Processing Systems},
  volume={34},
  pages={12454--12465},
  year={2021}
}

@inproceedings{austin2021structured,
  title={Structured denoising diffusion models in discrete state-spaces},
  author={Austin, Jacob and Johnson, Daniel D and Ho, Jonathan and Tarlow, Daniel and Van Den Berg, Rianne},
  booktitle={Advances in Neural Information Processing Systems},
  volume={34},
  pages={17981--17993},
  year={2021}
}

@inproceedings{uria2014deep,
  title={A deep and tractable density estimator},
  author={Uria, Benigno and Murray, Iain and Larochelle, Hugo},
  booktitle={International Conference on Machine Learning},
  pages={467--475},
  year={2014},
  organization={PMLR}
}


@article{ghazvininejad2019mask,
  title={Mask-predict: Parallel decoding of conditional masked language models},
  author={Ghazvininejad, Marjan and Levy, Omer and Liu, Yinhan and Zettlemoyer, Luke},
  journal={arXiv preprint arXiv:1904.09324},
  year={2019}
}

@article{yang2019xlnet,
  title={XLNet: Generalized Autoregressive Pretraining for Language Understanding},
  author={Yang, Zhilin},
  journal={arXiv preprint arXiv:1906.08237},
  year={2019}
}


@article{ou2024your,
  title={Your Absorbing Discrete Diffusion Secretly Models the Conditional Distributions of Clean Data},
  author={Ou, Jingyang and Nie, Shen and Xue, Kaiwen and Zhu, Fengqi and Sun, Jiacheng and Li, Zhenguo and Li, Chongxuan},
  journal={arXiv preprint arXiv:2406.03736},
  year={2024}
}

@article{deschenaux2024beyond,
  title={Beyond Autoregression: Fast {LLM}s via Self-Distillation Through Time},
  author={Deschenaux, Justin and Gulcehre, Caglar},
  journal={arXiv preprint arXiv:2410.21035},
  year={2024}
}

@article{hayakawa2024distillation,
  title={Distillation of Discrete Diffusion through Dimensional Correlations},
  author={Hayakawa, Satoshi and Takida, Yuhta and Imaizumi, Masaaki and Wakaki, Hiromi and Mitsufuji, Yuki},
  journal={arXiv preprint arXiv:2410.08709},
  year={2024}
}

@inproceedings{ronneberger2015u,
  title={U-net: Convolutional networks for biomedical image segmentation},
  author={Ronneberger, Olaf and Fischer, Philipp and Brox, Thomas},
  booktitle={Medical image computing and computer-assisted intervention--MICCAI 2015: 18th international conference, Munich, Germany, October 5-9, 2015, proceedings, part III 18},
  pages={234--241},
  year={2015},
  organization={Springer}
}

@article{liu2024discrete,
  title={Discrete Copula Diffusion},
  author={Liu, Anji and Broadrick, Oliver and Niepert, Mathias and Broeck, Guy Van den},
  journal={arXiv preprint arXiv:2410.01949},
  year={2024}
}

@inproceedings{cai2024medusa,
  title={Medusa: Simple {LLM} inference acceleration framework with multiple decoding heads},
  author={Cai, Tianle and Li, Yuhong and Geng, Zhengyang and Peng, Hongwu and Lee, Jason D and Chen, Deming and Dao, Tri},
  booktitle={International Conference on Machine Learning},
  year={2024}
}

@article{liu2024kangaroo,
  title={Kangaroo: Lossless self-speculative decoding via double early exiting},
  author={Liu, Fangcheng and Tang, Yehui and Liu, Zhenhua and Ni, Yunsheng and Han, Kai and Wang, Yunhe},
  journal={arXiv preprint arXiv:2404.18911},
  year={2024}
}

@article{ziv2024masked,
  title={Masked audio generation using a single non-autoregressive transformer},
  author={Ziv, Alon and Gat, Itai and Lan, Gael Le and Remez, Tal and Kreuk, Felix and D{\'e}fossez, Alexandre and Copet, Jade and Synnaeve, Gabriel and Adi, Yossi},
  journal={arXiv preprint arXiv:2401.04577},
  year={2024}
}

@article{shen2025reversemarkovlearningmultistep,
      title={Reverse {M}arkov Learning: Multi-Step Generative Models for Complex Distributions}, 
      author={Xinwei Shen and Nicolai Meinshausen and Tong Zhang},
      year={2025},
      journal={arXiv preprint arXiv:2502.13747},
}

@article{xu2024energy,
  title={Energy-Based Diffusion Language Models for Text Generation},
  author={Xu, Minkai and Geffner, Tomas and Kreis, Karsten and Nie, Weili and Xu, Yilun and Leskovec, Jure and Ermon, Stefano and Vahdat, Arash},
  journal={arXiv preprint arXiv:2410.21357},
  year={2024}
}

@article{lin2023evolutionary,
  title={Evolutionary-scale prediction of atomic-level protein structure with a language model},
  author={Lin, Zeming and Akin, Halil and Rao, Roshan and Hie, Brian and Zhu, Zhongkai and Lu, Wenting and Smetanin, Nikita and Verkuil, Robert and Kabeli, Ori and Shmueli, Yaniv and others},
  journal={Science},
  volume={379},
  number={6637},
  pages={1123--1130},
  year={2023},
  publisher={American Association for the Advancement of Science}
}

@article{chen2023fast,
  title={Fast Sampling via De-randomization for Discrete Diffusion Models},
  author={Chen, Zixiang and Yuan, Huizhuo and Li, Yongqian and Kou, Yiwen and Zhang, Junkai and Gu, Quanquan},
  journal={arXiv preprint arXiv:2312.09193},
  year={2023}
}

@article{shen2024distributional,
  title={Distributional Principal Autoencoders},
  author={Shen, Xinwei and Meinshausen, Nicolai},
  journal={arXiv preprint arXiv:2404.13649},
  year={2024}
}

@inproceedings{sauer2025adversarial,
  title={Adversarial diffusion distillation},
  author={Sauer, Axel and Lorenz, Dominik and Blattmann, Andreas and Rombach, Robin},
  booktitle={European Conference on Computer Vision},
  pages={87--103},
  year={2025},
  organization={Springer}
}

@inproceedings{song2023consistency,
  title={Consistency models},
  author={Song, Yang and Dhariwal, Prafulla and Chen, Mark and Sutskever, Ilya},
  booktitle={International Conference on Machine Learning},
  year={2023}
}

@article{huang2024flow,
  title={Flow Generator Matching},
  author={Huang, Zemin and Geng, Zhengyang and Luo, Weijian and Qi, Guo-jun},
  journal={arXiv preprint arXiv:2410.19310},
  year={2024}
}

@article{luo2023comprehensive,
  title={A comprehensive survey on knowledge distillation of diffusion models},
  author={Luo, Weijian},
  journal={arXiv preprint arXiv:2304.04262},
  year={2023}
}

@article{salimans2024multistep,
  title={Multistep Distillation of Diffusion Models via Moment Matching},
  author={Salimans, Tim and Mensink, Thomas and Heek, Jonathan and Hoogeboom, Emiel},
  journal={arXiv preprint arXiv:2406.04103},
  year={2024}
}

@article{salimans2022progressive,
  title={Progressive distillation for fast sampling of diffusion models},
  author={Salimans, Tim and Ho, Jonathan},
  journal={arXiv preprint arXiv:2202.00512},
  year={2022}
}


@inproceedings{galashov2024deep,
  title={Deep {MMD} Gradient Flow without adversarial training},
  author={Galashov, Alexandre and de Bortoli, Valentin and Gretton, Arthur},
  booktitle={International Conference on Learning Representations},
  year={2025}
}

@misc{dieleman2024distillation,
  author = {Dieleman, Sander},
  title = {The paradox of diffusion distillation},
  url = {https://sander.ai/2024/02/28/paradox.html},
  year = {2024}
}


@article{luhman2021knowledge,
  title={Knowledge distillation in iterative generative models for improved sampling speed},
  author={Luhman, Eric and Luhman, Troy},
  journal={arXiv preprint arXiv:2101.02388},
  year={2021}
}

@inproceedings{liu2022flow,
  title={Flow Straight and Fast: Learning to Generate and Transfer Data with Rectified Flow},
  author={Liu, Xingchao and Gong, Chengyue and others},
  booktitle={International Conference on Learning Representations},
  year={2023}
}

@article{franceschi2024unifying,
  title={Unifying {GAN}s and score-based diffusion as generative particle models},
  author={Franceschi, Jean-Yves and Gartrell, Mike and Dos Santos, Ludovic and Issenhuth, Thibaut and de B{\'e}zenac, Emmanuel and Chen, Micka{\"e}l and Rakotomamonjy, Alain},
  journal={Advances in Neural Information Processing Systems},
  year={2024}
}

@inproceedings{xiao2021tackling,
  title={Tackling the generative learning trilemma with denoising diffusion {GAN}s},
  author={Xiao, Zhisheng and Kreis, Karsten and Vahdat, Arash},
  booktitle={International Conference on Learning Representations},
  year={2022}
}

@inproceedings{chen2020wavegrad,
  title={{WaveGrad}: Estimating Gradients for Waveform Generation},
  author={Chen, Nanxin and Zhang, Yu and Zen, Heiga and Weiss, Ron J and Norouzi, Mohammad and Chan, William},
  booktitle={International Conference on Learning Representations},
  year={2021}
}

@inproceedings{saharia2022palette,
  title={Palette: Image-to-image diffusion models},
  author={Saharia, Chitwan and Chan, William and Chang, Huiwen and Lee, Chris and Ho, Jonathan and Salimans, Tim and Fleet, David and Norouzi, Mohammad},
  booktitle={ACM SIGGRAPH},
  year={2022}
}

@article{hertrich2023generative,
  title={Generative sliced MMD flows with Riesz kernels},
  author={Hertrich, Johannes and Wald, Christian and Altekr{\"u}ger, Fabian and Hagemann, Paul},
  journal={arXiv preprint arXiv:2305.11463},
  year={2023}
}

@article{hagemann2023posterior,
  title={Posterior sampling based on gradient flows of the MMD with negative distance kernel},
  author={Hagemann, Paul and Hertrich, Johannes and Altekr{\"u}ger, Fabian and Beinert, Robert and Chemseddine, Jannis and Steidl, Gabriele},
  journal={arXiv preprint arXiv:2310.03054},
  year={2023}
}

@article{altekruger2023neural,
  title={Neural Wasserstein gradient flows for maximum mean discrepancies with Riesz kernels},
  author={Altekr{\"u}ger, Fabian and Hertrich, Johannes and Steidl, Gabriele},
  journal={arXiv preprint arXiv:2301.11624},
  year={2023}
}

@article{gretton2012kernel,
  title={A kernel two-sample test},
  author={Gretton, Arthur and Borgwardt, Karsten M and Rasch, Malte J and Sch{\"o}lkopf, Bernhard and Smola, Alexander},
  journal={Journal of Machine Learning Research},
  volume={13},
  number={1},
  pages={723--773},
  year={2012},
}

@article{rizzo2016energy,
  title={Energy distance},
  author={Rizzo, Maria L and Sz{\'e}kely, G{\'a}bor J},
  journal={Wiley Interdisciplinary Reviews: Computational Statistics},
  volume={8},
  number={1},
  pages={27--38},
  year={2016},
  publisher={Wiley Online Library}
}

@article{shen2024engression,
  title={Engression: extrapolation through the lens of distributional regression},
  author={Shen, Xinwei and Meinshausen, Nicolai},
  journal={Journal of the Royal Statistical Society Series B: Statistical Methodology},
  year={2024},
  publisher={Oxford University Press UK}
}

@inproceedings{nichol2021improved,
  title={Improved denoising diffusion probabilistic models},
  author={Nichol, Alexander Quinn and Dhariwal, Prafulla},
  booktitle={International Conference on Machine Learning},
  year={2021},
}



@article{ou2024diffusion,
  title={Diffusion Model With Optimal Covariance Matching},
  author={Ou, Zijing and Zhang, Mingtian and Zhang, Andi and Xiao, Tim Z and Li, Yingzhen and Barber, David},
  journal={arXiv preprint arXiv:2406.10808},
  year={2024}
}

@inproceedings{bao2022estimating,
  title={Estimating the Optimal Covariance with Imperfect Mean in Diffusion Probabilistic Models},
  author={Bao, Fan and Li, Chongxuan and Sun, Jiacheng and Zhu, Jun and Zhang, Bo},
  booktitle={International Conference on Machine Learning},
  year={2022},
}


@inproceedings{bao2022analytic,
  title={Analytic-{DPM}: an Analytic Estimate of the Optimal Reverse Variance in Diffusion Probabilistic Models},
  author={Bao, Fan and Li, Chongxuan and Zhu, Jun and Zhang, Bo},
  booktitle={International Conference on Learning Representations},
  year={2022}
}

@inproceedings{ho2020denoising,
  title={Denoising diffusion probabilistic models},
  author={Ho, Jonathan and Jain, Ajay and Abbeel, Pieter},
  booktitle={Advances in Neural Information Processing Systems},
  year={2020}
}

@article{saharia2022photorealistic,
  title={Photorealistic text-to-image diffusion models with deep language understanding},
  author={Saharia, Chitwan and Chan, William and Saxena, Saurabh and Li, Lala and Whang, Jay and Denton, Emily L and Ghasemipour, Kamyar and Gontijo Lopes, Raphael and Karagol Ayan, Burcu and Salimans, Tim},
  journal={Advances in Neural Information Processing Systems},
  year={2022}
}

@article{hutchinson1989stochastic,
  title={A stochastic estimator of the trace of the influence matrix for {L}aplacian smoothing splines},
  author={Hutchinson, Michael F},
  journal={Communications in Statistics-Simulation and Computation},
  volume={18},
  number={3},
  pages={1059--1076},
  year={1989},
  publisher={Taylor \& Francis}
}

@inproceedings{ho2022video,
  title={Video diffusion models},
  author={Ho, Jonathan and Salimans, Tim and Gritsenko, Alexey and Chan, William and Norouzi, Mohammad and Fleet, David J},
  booktitle={Advances in Neural Information Processing Systems},
  year={2022}
}

@inproceedings{poole2022dreamfusion,
  title={Dreamfusion: Text-to-3d using 2d diffusion},
  author={Poole, Ben and Jain, Ajay and Barron, Jonathan T and Mildenhall, Ben},
  booktitle={International Conference on Learning Representations},
  year={2023}
}

@inproceedings{song2019generative,
  title={Generative modeling by estimating gradients of the data distribution},
  author={Song, Yang and Ermon, Stefano},
  booktitle={Advances in Neural Information Processing Systems},
  year={2019}
}

@inproceedings{sohl2015deep,
  title={Deep unsupervised learning using nonequilibrium thermodynamics},
  author={Sohl-Dickstein, Jascha and Weiss, Eric and Maheswaranathan, Niru and Ganguli, Surya},
  booktitle={International Conference on Machine Learning},
  year={2015},
}

@article{lu2022dpm,
  title={{DPM}-solver++: Fast solver for guided sampling of diffusion probabilistic models},
  author={Lu, Cheng and Zhou, Yuhao and Bao, Fan and Chen, Jianfei and Li, Chongxuan and Zhu, Jun},
  journal={arXiv preprint arXiv:2211.01095},
  year={2022}
}

@inproceedings{zheng2023dpm,
  title={{DPM}-solver-v3: Improved diffusion {ODE} solver with empirical model statistics},
  author={Zheng, Kaiwen and Lu, Cheng and Chen, Jianfei and Zhu, Jun},
  booktitle={Advances in Neural Information Processing Systems},
  year={2023}
}

@article{jolicoeur2021gotta,
  title={Gotta go fast when generating data with score-based models},
  author={Jolicoeur-Martineau, Alexia and Li, Ke and Pich{\'e}-Taillefer, R{\'e}mi and Kachman, Tal and Mitliagkas, Ioannis},
  journal={arXiv preprint arXiv:2105.14080},
  year={2021}
}



@inproceedings{smola2006maximum,
  title={Maximum mean discrepancy},
  author={Smola, Alexander J and Gretton, A and Borgwardt, K},
  booktitle={13th international conference, ICONIP},
  pages={3--6},
  year={2006}
}

@inproceedings{karras2022elucidating,
  title={Elucidating the design space of diffusion-based generative models},
  author={Karras, Tero and Aittala, Miika and Aila, Timo and Laine, Samuli},
  booktitle={Advances in Neural Information Processing Systems},
  year={2022}
}

@inproceedings{gao2025diffusionmeetsflow,
  author = {Gao, Ruiqi and Hoogeboom, Emiel and Heek, Jonathan and Bortoli, Valentin De and Murphy, Kevin P. and Salimans, Tim},
  title = {Diffusion Meets Flow Matching: Two Sides of the Same Coin},
  year = {2024},
  url  = {https://diffusionflow.github.io/}
}


@inproceedings{song2020denoisingimplicit,
  title={Denoising Diffusion Implicit Models},
  author={Song, Jiaming and Meng, Chenlin and Ermon, Stefano},
  booktitle={International Conference on Learning Representations},
  year={2021}
}

@article{sejdinovic2013equivalence,
  title={Equivalence of distance-based and {RKHS}-based statistics in hypothesis testing},
  author={Sejdinovic, Dino and Sriperumbudur, Bharath and Gretton, Arthur and Fukumizu, Kenji},
  journal={The Annals of Statistics},
  pages={2263--2291},
  year={2013},
}

@article{szekely2013energy,
  title={Energy statistics: A class of statistics based on distances},
  author={Sz{\'e}kely, G{\'a}bor J and Rizzo, Maria L},
  journal={Journal of Statistical Planning and Inference},
  volume={143},
  number={8},
  pages={1249--1272},
  year={2013},
  publisher={Elsevier}
}


@inproceedings{song2020score,
  title={Score-based generative modeling through stochastic differential equations},
  author={Song, Yang and Sohl-Dickstein, Jascha and Kingma, Diederik P and Kumar, Abhishek and Ermon, Stefano and Poole, Ben},
  booktitle={International Conference on Learning Representations},
  year={2021}
}

@inproceedings{xu2024ufogen,
  title={{UFO}gen: You forward once large scale text-to-image generation via diffusion {GAN}s},
  author={Xu, Yanwu and Zhao, Yang and Xiao, Zhisheng and Hou, Tingbo},
  booktitle={Proceedings of the IEEE/CVF Conference on Computer Vision and Pattern Recognition},
  pages={8196--8206},
  year={2024}
}



@inproceedings{meng2023distillation,
  title={On distillation of guided diffusion models},
  author={Meng, Chenlin and Rombach, Robin and Gao, Ruiqi and Kingma, Diederik and Ermon, Stefano and Ho, Jonathan and Salimans, Tim},
  booktitle={Proceedings of the IEEE/CVF Conference on Computer Vision and Pattern Recognition},
  year={2023}
}

@article{ho2022classifier,
  title={Classifier-free diffusion guidance},
  author={Ho, Jonathan and Salimans, Tim},
  journal={arXiv preprint arXiv:2207.12598},
  year={2022}
}

@inproceedings{xu2023stable,
  title={Stable Target Field for Reduced Variance Score Estimation in Diffusion Models},
  author={Xu, Yilun and Tong, Shangyuan and Jaakkola, Tommi S},
  booktitle={International Conference on Learning Representations},
  year={2023}
}


@article{albergo2023stochastic,
  title={Stochastic interpolants: A unifying framework for flows and diffusions},
  author={Albergo, Michael S and Boffi, Nicholas M and Vanden-Eijnden, Eric},
  journal={arXiv preprint arXiv:2303.08797},
  year={2023}
}


@inproceedings{si2023semi,
  title={Semi-autoregressive energy flows: exploring likelihood-free training of normalizing flows},
  author={Si, Phillip and Chen, Zeyi and Sahoo, Subham Sekhar and Schiff, Yair and Kuleshov, Volodymyr},
  booktitle={International Conference on Machine Learning},
  year={2023},
}

@inproceedings{li2015generative,
  title={Generative moment matching networks},
  author={Li, Yujia and Swersky, Kevin and Zemel, Rich},
  booktitle={International Conference on Machine Learning},
  year={2015},
}

@inproceedings{dziugaite2015training,
  title={Training generative neural networks via maximum mean discrepancy optimization},
  author={Dziugaite, Gintare Karolina and Roy, Daniel M and Ghahramani, Zoubin},
  booktitle={Uncertainty in Artificial Intelligence},
  year={2015}
}

@inproceedings{binkowski2018demystifying,
  title={Demystifying {MMD GAN}s},
  author={Bi{\'n}kowski, Miko{\l}aj and Sutherland, Danica J and Arbel, Michael and Gretton, Arthur},
  booktitle={International Conference on Learning Representations},
  year={2018}
}

@book{serfling2009approximation,
  title={Approximation Theorems of Mathematical Statistics},
  author={Serfling, Robert J},
  year={2009},
  publisher={John Wiley \& Sons}
}

@article{Pacchiardi2024,
  author  = {Lorenzo Pacchiardi and Rilwan A. Adewoyin and Peter Dueben and Ritabrata Dutta},
  title   = {Probabilistic Forecasting with Generative Networks via Scoring Rule Minimization},
  journal = {Journal of Machine Learning Research},
  year    = {2024},
  volume  = {25},
  number  = {45},
  pages   = {1--64},
}

@article{chen2024generative,
  title={Generative machine learning methods for multivariate ensemble postprocessing},
  author={Chen, Jieyu and Janke, Tim and Steinke, Florian and Lerch, Sebastian},
  journal={The Annals of Applied Statistics},
  volume={18},
  number={1},
  pages={159--183},
  year={2024},
  publisher={Institute of Mathematical Statistics}
}

@inproceedings{issa2024non,
  title={Non-adversarial training of Neural {SDE}s with signature kernel scores},
  author={Issa, Zacharia and Horvath, Blanka and Lemercier, Maud and Salvi, Cristopher},
  booktitle={Advances in Neural Information Processing Systems},
  year={2024}
}

@inproceedings{gritsenko2020spectral,
  title={A spectral energy distance for parallel speech synthesis},
  author={Gritsenko, Alexey and Salimans, Tim and van den Berg, Rianne and Snoek, Jasper and Kalchbrenner, Nal},
  booktitle={Advances in Neural Information Processing Systems},
  year={2020}
}

@inproceedings{bouchacourt2016disco,
  title={Disco nets: Dissimilarity coefficients networks},
  author={Bouchacourt, Diane and Mudigonda, Pawan K and Nowozin, Sebastian},
  booktitle={Advances in Neural Information Processing Systems},
  year={2016}
}

@inproceedings{LIBERO,
  title={Libero: Benchmarking knowledge transfer for lifelong robot learning},
  author={Liu, Bo and Zhu, Yifeng and Gao, Chongkai and Feng, Yihao and Liu, Qiang and Zhu, Yuke and Stone, Peter},
  booktitle={Advances in Neural Information Processing Systems},
  year={2024}
}

@article{BERTDevlin2018-fn,
  title={{BERT}:Pre-training of deep bidirectional transformers for language understanding},
  author={Devlin, Jacob and Chang, Ming-Wei and Lee, Kenton and Toutanova, Kristina},
  journal={arXiv preprint arXiv:1810.04805},
  year={2018}
}

@inproceedings{ResnetHe2015-ak,
  title={Deep residual learning for image recognition},
  author={He, Kaiming and Zhang, Xiangyu and Ren, Shaoqing and Sun, Jian},
  booktitle={Proceedings of the IEEE conference on Computer Vision and Pattern Recognition},
  year={2016}
}


@article{AlohaZhao2024-bc,
  title={{ALOHA} unleashed: A simple recipe for robot dexterity},
  author={Zhao, Tony Z and Tompson, Jonathan and Driess, Danny and Florence, Pete and Ghasemipour, Kamyar and Finn, Chelsea and Wahid, Ayzaan},
  journal={arXiv preprint arXiv:2410.13126},
  year={2024}
}

@article{DiffpolicyChi2023-gp,
  title={Diffusion policy: Visuomotor policy learning via action diffusion},
  author={Chi, Cheng and Xu, Zhenjia and Feng, Siyuan and Cousineau, Eric and Du, Yilun and Burchfiel, Benjamin and Tedrake, Russ and Song, Shuran},
  journal={International Journal of Robotics Research},
  year={2023},
}

@article{goodfellow2014generative,
  title={Generative adversarial nets},
  author={Goodfellow, Ian and Pouget-Abadie, Jean and Mirza, Mehdi and Xu, Bing and Warde-Farley, David and Ozair, Sherjil and Courville, Aaron and Bengio, Yoshua},
  journal={Advances in Neural Information Processing Systems},
  year={2014}
}

@inproceedings{shih2023parallel,
  title={Parallel sampling of diffusion models},
  author={Shih, Andy and Belkhale, Suneel and Ermon, Stefano and Sadigh, Dorsa and Anari, Nima},
  booktitle={Advances in Neural Information Processing Systems},
  year={2023}
}

@inproceedings{chen2024accelerating,
  title={Accelerating Diffusion Models with Parallel Sampling: Inference at Sub-Linear Time Complexity},
  author={Chen, Haoxuan and Ren, Yinuo and Ying, Lexing and Rotskoff, Grant M},
  booktitle={Advances in Neural Information Processing Systems},
  year={2024}
}

@inproceedings{tang2024accelerating,
  title={Accelerating parallel sampling of diffusion models},
  author={Tang, Zhiwei and Tang, Jiasheng and Luo, Hao and Wang, Fan and Chang, Tsung-Hui},
  booktitle={International Conference on Machine Learning},
  year={2024}
}

@article{kingma2021variational,
  title={Variational diffusion models},
  author={Kingma, Diederik and Salimans, Tim and Poole, Ben and Ho, Jonathan},
  journal={Advances in Neural Information Processing Systems},
  year={2021}
}

@inproceedings{oord2018neuraldiscreterepresentationlearning,
      title={Neural Discrete Representation Learning}, 
      author={Aaron van den Oord and Oriol Vinyals and Koray Kavukcuoglu},
      year={2017},
      booktitle={Advances in Neural Information Processing Systems},
}

@inproceedings{rombach2022highresolutionimagesynthesislatent,
  title={High-resolution image synthesis with latent diffusion models},
  author={Rombach, Robin and Blattmann, Andreas and Lorenz, Dominik and Esser, Patrick and Ommer, Bj{\"o}rn},
  booktitle={Proceedings of the IEEE/CVF conference on Computer Vision and Pattern Recognition},
  year={2022}
}

@inproceedings{hoogeboom2023simple,
  title={simple diffusion: End-to-end diffusion for high resolution images},
  author={Hoogeboom, Emiel and Heek, Jonathan and Salimans, Tim},
  booktitle={International Conference on Machine Learning},
  year={2023},
}

@inproceedings{shi2024diffusion,
  title={Diffusion {S}chr{\"o}dinger bridge matching},
  author={Shi, Yuyang and De Bortoli, Valentin and Campbell, Andrew and Doucet, Arnaud},
  booktitle={Advances in Neural Information Processing Systems},
  year={2024}
}


@inproceedings{lipman2022flow,
  title={Flow matching for generative modeling},
  author={Lipman, Yaron and Chen, Ricky TQ and Ben-Hamu, Heli and Nickel, Maximilian and Le, Matt},
  booktitle={International Conference on Learning Representations},
  year={2023}
}

@inproceedings{rozet2024learning,
  title={Learning Diffusion Priors from Observations by Expectation Maximization},
  author={Rozet, Fran{\c{c}}ois and Andry, G{\'e}r{\^o}me and Lanusse, Fran{\c{c}}ois and Louppe, Gilles},
  booktitle={Advances in Neural Information Processing Systems},
  year={2024}
}