@inproceedings{AD,
 author = {Michael Laskin and Luyu Wang and Junhyuk Oh and Emilio Parisotto and Stephen Spencer and Richie Steigerwald and DJ Strouse and Steven Stenberg Hansen and Angelos Filos and Ethan A. Brooks and Maxime Gazeau and Himanshu Sahni and Satinder Singh and Volodymyr Mnih},
 booktitle = {International Conference on Learning Representations},
 title = {In-context Reinforcement Learning with Algorithm Distillation},
 year = {2023}
}

@inproceedings{AD-eps,
 author = {Ilya Zisman and Vladislav Kurenkov and Alexander Nikulin and Viacheslav Sinii and Sergey Kolesnikov},
 booktitle = {International Conference on Machine Learning},
 title = {Emergence of In-Context Reinforcement Learning from Noise Distillation},
 year = {2024}
}

@inproceedings{BOReL,
 author = {Ron Dorfman and
Idan Shenfeld and
Aviv Tamar},
 booktitle = {Neural Information Processing Systems},
 title = {Offline Meta Reinforcement Learning - Identifiability Challenges and Effective Data Collection Strategies},
 year = {2021}
}

@inproceedings{CORRO,
 author = {Haoqi Yuan and
Zongqing Lu},
 booktitle = {International Conference on Machine Learning},
 title = {Robust Task Representations for Offline Meta-Reinforcement Learning
via Contrastive Learning},
 year = {2022}
}

@inproceedings{DPT,
 author = {Jonathan Lee and Annie Xie and Aldo Pacchiano and Yash Chandak and Chelsea Finn and Ofir Nachum and Emma Brunskill},
 booktitle = {Neural Information Processing Systems},
 title = {Supervised Pretraining Can Learn In-Context Reinforcement Learning},
 year = {2023}
}

@inproceedings{DT,
 author = {Lili Chen and
Kevin Lu and
Aravind Rajeswaran and
Kimin Lee and
Aditya Grover and
Michael Laskin and
Pieter Abbeel and
Aravind Srinivas and
Igor Mordatch},
 booktitle = {Neural Information Processing Systems},
 title = {Decision Transformer: Reinforcement Learning via Sequence Modeling},
 year = {2021}
}

@article{GATO,
 author = {Scott Reed and Konrad Zolna and Emilio Parisotto and Sergio Gomez Colmenarejo and Alexander Novikov and Gabriel Barth-Maron and Mai Gimenez and Yury Sulsky and Jackie Kay and Jost Tobias Springenberg and Tom Eccles and Jake Bruce and Ali Razavi and Ashley D. Edwards and Nicolas Manfred Otto Heess and Yutian Chen and Raia Hadsell and Oriol Vinyals and Mahyar Bordbar and Nando de Freitas},
 journal = {Transactions on Machine Learning Research},
 title = {A Generalist Agent},
 year = {2022}
}

@inproceedings{Headless-AD,
 author = {Viacheslav Sinii and Alexander Nikulin and Vladislav Kurenkov and Ilya Zisman and Sergey Kolesnikov},
 booktitle = {International Conference on Machine Learning},
 title = {In-Context Reinforcement Learning for Variable Action Spaces},
 year = {2024}
}

@inproceedings{HyperX,
 author = {Luisa M. Zintgraf and
Leo Feng and
Cong Lu and
Maximilian Igl and
Kristian Hartikainen and
Katja Hofmann and
Shimon Whiteson},
 booktitle = {International Conference on Machine Learning},
 title = {Exploration in Approximate Hyper-State Space for Meta Reinforcement
Learning},
 year = {2021}
}

@inproceedings{IDAQ,
 author = {Jianhao Wang and Jin Zhang and Haozhe Jiang and Junyu Zhang and Liwei Wang and Chongjie Zhang},
 booktitle = {International Conference on Machine Learning},
 title = {Offline Meta Reinforcement Learning with In-Distribution Online Adaptation},
 year = {2023}
}

@inproceedings{IDT,
 author = {Sili Huang and Jifeng Hu and Hechang Chen and Lichao Sun and Bo Yang},
 booktitle = {International Conference on Machine Learning},
 title = {In-Context Decision Transformer: Reinforcement Learning via Hierarchical Chain-of-Thought},
 year = {2024}
}

@article{LtoRL,
 author = {Jane X. Wang and Zeb Kurth-Nelson and Hubert Soyer and Joel Z. Leibo and Dhruva Tirumala and R{\'e}mi Munos and Charles Blundell and Dharshan Kumaran and Matthew M. Botvinick},
 journal = {ArXiv preprint},
 title = {Learning to reinforcement learn},
 year = {2016}
}

@inproceedings{MACAW,
 author = {Eric Mitchell and
Rafael Rafailov and
Xue Bin Peng and
Sergey Levine and
Chelsea Finn},
 booktitle = {International Conference on Machine Learning},
 title = {Offline Meta-Reinforcement Learning with Advantage Weighting},
 year = {2021}
}

@inproceedings{MAMBA,
 author = {Zohar Rimon and Tom Jurgenson and Orr Krupnik and Gilad Adler and Aviv Tamar},
 booktitle = {International Conference on Learning Representations},
 title = {MAMBA: an Effective World Model Approach for Meta-Reinforcement Learning},
 year = {2024}
}

@inproceedings{MAML,
 author = {Chelsea Finn and
Pieter Abbeel and
Sergey Levine},
 booktitle = {International Conference on Machine Learning},
 title = {Model-Agnostic Meta-Learning for Fast Adaptation of Deep Networks},
 year = {2017}
}

@inproceedings{MGDT,
 author = {Kuang-Huei Lee and Ofir Nachum and Mengjiao Yang and L. Y. Lee and Daniel Freeman and Winnie Xu and Sergio Guadarrama and Ian S. Fischer and Eric Jang and Henryk Michalewski and Igor Mordatch},
 booktitle = {Neural Information Processing Systems},
 title = {Multi-Game Decision Transformers},
 year = {2022}
}

@inproceedings{MoSS,
 author = {Mingyang Wang and Zhenshan Bing and Xiangtong Yao and Shuai Wang and Hang Su and Chenguang Yang and Kai Huang and Alois Knoll},
 booktitle = {AAAI Conference on Artificial Intelligence},
 title = {Meta-Reinforcement Learning Based on Self-Supervised Task Representation Learning},
 year = {2023}
}

@article{RL2,
 author = {Yan Duan and John Schulman and Xi Chen and Peter L. Bartlett and Ilya Sutskever and P. Abbeel},
 journal = {ArXiv preprint},
 title = {{RL\textsuperscript{2}: Fast Reinforcement Learning via Slow Reinforcement Learning}},
 year = {2016}
}

@inproceedings{ReBAL,
 author = {Anusha Nagabandi and
Ignasi Clavera and
Simin Liu and
Ronald S. Fearing and
Pieter Abbeel and
Sergey Levine and
Chelsea Finn},
 booktitle = {International Conference on Learning Representations},
 title = {Learning to Adapt in Dynamic, Real-World Environments through Meta-Reinforcement
Learning},
 year = {2019}
}

@article{Reptile,
 author = {Alex Nichol and Joshua Achiam and John Schulman},
 journal = {ArXiv preprint},
 title = {On First-Order Meta-Learning Algorithms},
 year = {2018}
}

@article{TFsearch,
 author = {Brieuc Pinon and Jean-Charles Delvenne and Rapha{\"e}l M. Jungers},
 journal = {European Symposium on Artificial Neural Networks, Computational Intelligence and Machine Learning},
 title = {A model-based approach to meta-Reinforcement Learning: Transformers and tree search},
 year = {2022}
}

@inproceedings{TTO,
 author = {Michael Janner and
Qiyang Li and
Sergey Levine},
 booktitle = {Neural Information Processing Systems},
 title = {Offline Reinforcement Learning as One Big Sequence Modeling Problem},
 year = {2021}
}

@inproceedings{VariBAD,
 author = {Luisa M. Zintgraf and
Kyriacos Shiarlis and
Maximilian Igl and
Sebastian Schulze and
Yarin Gal and
Katja Hofmann and
Shimon Whiteson},
 booktitle = {International Conference on Learning Representations},
 title = {VariBAD: {A} Very Good Method for Bayes-Adaptive Deep {RL} via Meta-Learning},
 year = {2020}
}

@article{offlineRL,
 author = {Sergey Levine and Aviral Kumar and G. Tucker and Justin Fu},
 journal = {ArXiv preprint},
 title = {Offline Reinforcement Learning: Tutorial, Review, and Perspectives on Open Problems},
 year = {2020}
}

