@article{GPT4,
 author = {S{\'e}bastien Bubeck and Varun Chandrasekaran and Ronen Eldan and John A. Gehrke and Eric Horvitz and Ece Kamar and Peter Lee and Yin Tat Lee and Yuan-Fang Li and Scott M. Lundberg and Harsha Nori and Hamid Palangi and Marco Tulio Ribeiro and Yi Zhang},
 journal = {ArXiv preprint},
 title = {Sparks of Artificial General Intelligence: Early experiments with GPT-4},
 year = {2023}
}

@inproceedings{GPT3,
 author = {Tom B. Brown and
Benjamin Mann and
Nick Ryder and
Melanie Subbiah and
Jared Kaplan and
Prafulla Dhariwal and
Arvind Neelakantan and
Pranav Shyam and
Girish Sastry and
Amanda Askell and
Sandhini Agarwal and
Ariel Herbert{-}Voss and
Gretchen Krueger and
Tom Henighan and
Rewon Child and
Aditya Ramesh and
Daniel M. Ziegler and
Jeffrey Wu and
Clemens Winter and
Christopher Hesse and
Mark Chen and
Eric Sigler and
Mateusz Litwin and
Scott Gray and
Benjamin Chess and
Jack Clark and
Christopher Berner and
Sam McCandlish and
Alec Radford and
Ilya Sutskever and
Dario Amodei},
 booktitle = {Neural Information Processing Systems},
 title = {Language Models are Few-Shot Learners},
 year = {2020}
}

@inproceedings{ViT,
 author = {Alexey Dosovitskiy and
Lucas Beyer and
Alexander Kolesnikov and
Dirk Weissenborn and
Xiaohua Zhai and
Thomas Unterthiner and
Mostafa Dehghani and
Matthias Minderer and
Georg Heigold and
Sylvain Gelly and
Jakob Uszkoreit and
Neil Houlsby},
 booktitle = {International Conference on Learning Representations},
 title = {An Image is Worth 16x16 Words: Transformers for Image Recognition
at Scale},
 year = {2021}
}

@inproceedings{TF,
 author = {Ashish Vaswani and
Noam Shazeer and
Niki Parmar and
Jakob Uszkoreit and
Llion Jones and
Aidan N. Gomez and
Lukasz Kaiser and
Illia Polosukhin},
 booktitle = {Neural Information Processing Systems},
 title = {Attention is All you Need},
 year = {2017}
}

@inproceedings{DT,
 author = {Lili Chen and
Kevin Lu and
Aravind Rajeswaran and
Kimin Lee and
Aditya Grover and
Michael Laskin and
Pieter Abbeel and
Aravind Srinivas and
Igor Mordatch},
 booktitle = {Neural Information Processing Systems},
 title = {Decision Transformer: Reinforcement Learning via Sequence Modeling},
 year = {2021}
}

@inproceedings{TTO,
 author = {Michael Janner and
Qiyang Li and
Sergey Levine},
 booktitle = {Neural Information Processing Systems},
 title = {Offline Reinforcement Learning as One Big Sequence Modeling Problem},
 year = {2021}
}

@inproceedings{DPT,
 author = {Jonathan Lee and Annie Xie and Aldo Pacchiano and Yash Chandak and Chelsea Finn and Ofir Nachum and Emma Brunskill},
 booktitle = {Neural Information Processing Systems},
 title = {Supervised Pretraining Can Learn In-Context Reinforcement Learning},
 year = {2023}
}

@inproceedings{AD,
 author = {Michael Laskin and Luyu Wang and Junhyuk Oh and Emilio Parisotto and Stephen Spencer and Richie Steigerwald and DJ Strouse and Steven Stenberg Hansen and Angelos Filos and Ethan A. Brooks and Maxime Gazeau and Himanshu Sahni and Satinder Singh and Volodymyr Mnih},
 booktitle = {International Conference on Learning Representations},
 title = {In-context Reinforcement Learning with Algorithm Distillation},
 year = {2023}
}

@article{RL2,
 author = {Yan Duan and John Schulman and Xi Chen and Peter L. Bartlett and Ilya Sutskever and P. Abbeel},
 journal = {ArXiv preprint},
 title = {{RL\textsuperscript{2}: Fast Reinforcement Learning via Slow Reinforcement Learning}},
 year = {2016}
}

@inproceedings{ReBAL,
 author = {Anusha Nagabandi and
Ignasi Clavera and
Simin Liu and
Ronald S. Fearing and
Pieter Abbeel and
Sergey Levine and
Chelsea Finn},
 booktitle = {International Conference on Learning Representations},
 title = {Learning to Adapt in Dynamic, Real-World Environments through Meta-Reinforcement
Learning},
 year = {2019}
}

@inproceedings{SNAIL,
 author = {Nikhil Mishra and
Mostafa Rohaninejad and
Xi Chen and
Pieter Abbeel},
 booktitle = {International Conference on Learning Representations},
 title = {A Simple Neural Attentive Meta-Learner},
 year = {2018}
}

@inproceedings{MW,
 author = {Tianhe Yu and Deirdre Quillen and Zhanpeng He and Ryan C. Julian and Karol Hausman and Chelsea Finn and Sergey Levine},
 booktitle = {Conference on Robot Learning},
 title = {Meta-World: A Benchmark and Evaluation for Multi-Task and Meta Reinforcement Learning},
 year = {2019}
}

@inproceedings{Headless-AD,
 author = {Viacheslav Sinii and Alexander Nikulin and Vladislav Kurenkov and Ilya Zisman and Sergey Kolesnikov},
 booktitle = {International Conference on Machine Learning},
 title = {In-Context Reinforcement Learning for Variable Action Spaces},
 year = {2024}
}

@inproceedings{AT,
 author = {Hao Liu and P. Abbeel},
 booktitle = {International Conference on Machine Learning},
 title = {Emergent Agentic Transformer from Chain of Hindsight Experience},
 year = {2023}
}

@inproceedings{IDT,
 author = {Sili Huang and Jifeng Hu and Hechang Chen and Lichao Sun and Bo Yang},
 booktitle = {International Conference on Machine Learning},
 title = {In-Context Decision Transformer: Reinforcement Learning via Hierarchical Chain-of-Thought},
 year = {2024}
}

@inproceedings{AD-eps,
 author = {Ilya Zisman and Vladislav Kurenkov and Alexander Nikulin and Viacheslav Sinii and Sergey Kolesnikov},
 booktitle = {International Conference on Machine Learning},
 title = {Emergence of In-Context Reinforcement Learning from Noise Distillation},
 year = {2024}
}

@article{GATO,
 author = {Scott Reed and Konrad Zolna and Emilio Parisotto and Sergio Gomez Colmenarejo and Alexander Novikov and Gabriel Barth-Maron and Mai Gimenez and Yury Sulsky and Jackie Kay and Jost Tobias Springenberg and Tom Eccles and Jake Bruce and Ali Razavi and Ashley D. Edwards and Nicolas Manfred Otto Heess and Yutian Chen and Raia Hadsell and Oriol Vinyals and Mahyar Bordbar and Nando de Freitas},
 journal = {Transactions on Machine Learning Research},
 title = {A Generalist Agent},
 year = {2022}
}

@inproceedings{MGDT,
 author = {Kuang-Huei Lee and Ofir Nachum and Mengjiao Yang and L. Y. Lee and Daniel Freeman and Winnie Xu and Sergio Guadarrama and Ian S. Fischer and Eric Jang and Henryk Michalewski and Igor Mordatch},
 booktitle = {Neural Information Processing Systems},
 title = {Multi-Game Decision Transformers},
 year = {2022}
}

@inproceedings{VariBAD,
 author = {Luisa M. Zintgraf and
Kyriacos Shiarlis and
Maximilian Igl and
Sebastian Schulze and
Yarin Gal and
Katja Hofmann and
Shimon Whiteson},
 booktitle = {International Conference on Learning Representations},
 title = {VariBAD: {A} Very Good Method for Bayes-Adaptive Deep {RL} via Meta-Learning},
 year = {2020}
}

@inproceedings{S5RL,
 author = {Chris Xiaoxuan Lu and Yannick Schroecker and Albert Gu and Emilio Parisotto and Jakob Nicolaus Foerster and Satinder Singh and Feryal M. P. Behbahani},
 booktitle = {Neural Information Processing Systems},
 title = {Structured State Space Models for In-Context Reinforcement Learning},
 year = {2023}
}

@inproceedings{MAMBA,
 author = {Zohar Rimon and Tom Jurgenson and Orr Krupnik and Gilad Adler and Aviv Tamar},
 booktitle = {International Conference on Learning Representations},
 title = {MAMBA: an Effective World Model Approach for Meta-Reinforcement Learning},
 year = {2024}
}

@article{LtoRL,
 author = {Jane X. Wang and Zeb Kurth-Nelson and Hubert Soyer and Joel Z. Leibo and Dhruva Tirumala and R{\'e}mi Munos and Charles Blundell and Dharshan Kumaran and Matthew M. Botvinick},
 journal = {ArXiv preprint},
 title = {Learning to reinforcement learn},
 year = {2016}
}

@inproceedings{MAML,
 author = {Chelsea Finn and
Pieter Abbeel and
Sergey Levine},
 booktitle = {International Conference on Machine Learning},
 title = {Model-Agnostic Meta-Learning for Fast Adaptation of Deep Networks},
 year = {2017}
}

@article{offlineRL,
 author = {Sergey Levine and Aviral Kumar and G. Tucker and Justin Fu},
 journal = {ArXiv preprint},
 title = {Offline Reinforcement Learning: Tutorial, Review, and Perspectives on Open Problems},
 year = {2020}
}

@article{DreamerV3,
 author = {Danijar Hafner and Jurgis Pasukonis and Jimmy Ba and Timothy P. Lillicrap},
 journal = {ArXiv preprint},
 title = {Mastering Diverse Domains through World Models},
 year = {2023}
}

@inproceedings{M3PO,
 author = {Takuya Hiraoka and Takahisa Imagawa and Voot Tangkaratt and Takayuki Osa and Takashi Onishi and Yoshimasa Tsuruoka},
 booktitle = {Asian Conference on Machine Learning},
 title = {Meta-Model-Based Meta-Policy Optimization},
 year = {2021}
}

@inproceedings{MBPO,
 author = {Michael Janner and
Justin Fu and
Marvin Zhang and
Sergey Levine},
 booktitle = {Neural Information Processing Systems},
 title = {When to Trust Your Model: Model-Based Policy Optimization},
 year = {2019}
}

@inproceedings{EfficientZero,
 author = {Weirui Ye and
Shaohuai Liu and
Thanard Kurutach and
Pieter Abbeel and
Yang Gao},
 booktitle = {Neural Information Processing Systems},
 title = {Mastering Atari Games with Limited Data},
 year = {2021}
}

@article{Reptile,
 author = {Alex Nichol and Joshua Achiam and John Schulman},
 journal = {ArXiv preprint},
 title = {On First-Order Meta-Learning Algorithms},
 year = {2018}
}

@inproceedings{S5,
 author = {Jimmy Smith and Andrew Warrington and Scott W. Linderman},
 booktitle = {International Conference on Learning Representations},
 title = {Simplified State Space Layers for Sequence Modeling},
 year = {2023}
}

@inproceedings{MACAW,
 author = {Eric Mitchell and
Rafael Rafailov and
Xue Bin Peng and
Sergey Levine and
Chelsea Finn},
 booktitle = {International Conference on Machine Learning},
 title = {Offline Meta-Reinforcement Learning with Advantage Weighting},
 year = {2021}
}

@inproceedings{IDAQ,
 author = {Jianhao Wang and Jin Zhang and Haozhe Jiang and Junyu Zhang and Liwei Wang and Chongjie Zhang},
 booktitle = {International Conference on Machine Learning},
 title = {Offline Meta Reinforcement Learning with In-Distribution Online Adaptation},
 year = {2023}
}

@inproceedings{MoSS,
 author = {Mingyang Wang and Zhenshan Bing and Xiangtong Yao and Shuai Wang and Hang Su and Chenguang Yang and Kai Huang and Alois Knoll},
 booktitle = {AAAI Conference on Artificial Intelligence},
 title = {Meta-Reinforcement Learning Based on Self-Supervised Task Representation Learning},
 year = {2023}
}

@inproceedings{CORRO,
 author = {Haoqi Yuan and
Zongqing Lu},
 booktitle = {International Conference on Machine Learning},
 title = {Robust Task Representations for Offline Meta-Reinforcement Learning
via Contrastive Learning},
 year = {2022}
}

@inproceedings{ProcGenMuZero,
 author = {Ankesh Anand and
Jacob C. Walker and
Yazhe Li and
Eszter V{\'{e}}rtes and
Julian Schrittwieser and
Sherjil Ozair and
Theophane Weber and
Jessica B. Hamrick},
 booktitle = {International Conference on Learning Representations},
 title = {Procedural generalization by planning with self-supervised world models},
 year = {2022}
}

@inproceedings{BOReL,
 author = {Ron Dorfman and
Idan Shenfeld and
Aviv Tamar},
 booktitle = {Neural Information Processing Systems},
 title = {Offline Meta Reinforcement Learning - Identifiability Challenges and Effective Data Collection Strategies},
 year = {2021}
}

@inproceedings{fine-tuning,
 author = {Mandi Zhao and Pieter Abbeel and Stephen James},
 booktitle = {Neural Information Processing Systems},
 title = {On the Effectiveness of Fine-tuning Versus Meta-reinforcement Learning},
 year = {2022}
}

@article{MuZero,
 author = {Julian Schrittwieser and Ioannis Antonoglou and Thomas Hubert and Karen Simonyan and L. Sifre and Simon Schmitt and Arthur Guez and Edward Lockhart and Demis Hassabis and Thore Graepel and Timothy P. Lillicrap and David Silver},
 journal = {Nature},
 title = {Mastering Atari, Go, chess and shogi by planning with a learned model},
 year = {2019}
}

@inproceedings{FOCAL,
 author = {Lanqing Li and
Rui Yang and
Dijun Luo},
 booktitle = {International Conference on Learning Representations},
 timestamp = {Wed, 23 Jun 2021 01:00:00 +0200},
 title = {{FOCAL:} Efficient Fully-Offline Meta-Reinforcement Learning via Distance
Metric Learning and Behavior Regularization},
 year = {2021}
}

@inproceedings{SAC,
 author = {Tuomas Haarnoja and
Aurick Zhou and
Pieter Abbeel and
Sergey Levine},
 booktitle = {International Conference on Machine Learning},
 title = {Soft Actor-Critic: Off-Policy Maximum Entropy Deep Reinforcement Learning
with a Stochastic Actor},
 year = {2018}
}

@article{PPO,
 author = {John Schulman and Filip Wolski and Prafulla Dhariwal and Alec Radford and Oleg Klimov},
 journal = {ArXiv preprint},
 title = {Proximal Policy Optimization Algorithms},
 year = {2017}
}

@inproceedings{WM,
 author = {David Ha and
J{\"{u}}rgen Schmidhuber},
 booktitle = {Neural Information Processing Systems},
 title = {Recurrent World Models Facilitate Policy Evolution},
 year = {2018}
}

@inproceedings{SimPLe,
 author = {Lukasz Kaiser and
Mohammad Babaeizadeh and
Piotr Milos and
Blazej Osinski and
Roy H. Campbell and
Konrad Czechowski and
Dumitru Erhan and
Chelsea Finn and
Piotr Kozakowski and
Sergey Levine and
Afroz Mohiuddin and
Ryan Sepassi and
George Tucker and
Henryk Michalewski},
 booktitle = {International Conference on Learning Representations},
 title = {Model Based Reinforcement Learning for Atari},
 year = {2020}
}

@inproceedings{Reanalyse,
 author = {Julian Schrittwieser and
Thomas Hubert and
Amol Mandhane and
Mohammadamin Barekatain and
Ioannis Antonoglou and
David Silver},
 booktitle = {Neural Information Processing Systems},
 title = {Online and Offline Reinforcement Learning by Planning with a Learned
Model},
 year = {2021}
}

@article{TinyLlama,
 journal = {ArXiv preprint},
 author = {Peiyuan Zhang and Guangtao Zeng and Tianduo Wang and Wei Lu},
 title = {TinyLlama: An Open-Source Small Language Model},
 year = {2024}
}

@article{SB3,
 author = {Antonin Raffin and
Ashley Hill and
Adam Gleave and
Anssi Kanervisto and
Maximilian Ernestus and
Noah Dormann},
 journal = {Journal of Machine Learning Research},
 title = {Stable-Baselines3: Reliable Reinforcement Learning Implementations},
 year = {2021}
}

@inproceedings{PEARL,
 author = {Kate Rakelly and
Aurick Zhou and
Chelsea Finn and
Sergey Levine and
Deirdre Quillen},
 booktitle = {International Conference on Machine Learning},
 title = {Efficient Off-Policy Meta-Reinforcement Learning via Probabilistic
Context Variables},
 year = {2019}
}

@article{DynaQ,
 author = {Sutton, Richard S.},
 journal = {SIGART Bulletin},
 title = {Dyna, an integrated architecture for learning, planning, and reacting},
 year = {1991}
}

@book{Sutton,
 author = {Sutton, Richard S. and Barto, Andrew G.},
 title = {Reinforcement Learning: An Introduction},
 year = {2018}
}

@inproceedings{GP,
 author = {Steind{\'{o}}r S{\ae}mundsson and
Katja Hofmann and
Marc Peter Deisenroth},
 booktitle = {Conference on Uncertainty in Artificial},
 title = {Meta Reinforcement Learning with Latent Variable Gaussian Processes},
 year = {2018}
}

@inproceedings{AdMRL,
 author = {Zichuan Lin and
Garrett Thomas and
Guangwen Yang and
Tengyu Ma},
 booktitle = {Neural Information Processing Systems},
 title = {Model-based Adversarial Meta-Reinforcement Learning},
 year = {2020}
}

@inproceedings{MB-MPO,
 author = {Ignasi Clavera and Jonas Rothfuss and John Schulman and Yasuhiro Fujita and Tamim Asfour and P. Abbeel},
 booktitle = {Conference on Robot Learning},
 title = {Model-Based Reinforcement Learning via Meta-Policy Optimization},
 year = {2018}
}

@inproceedings{densityEst,
 author = {Zohar Rimon and Aviv Tamar and Gilad Adler},
 booktitle = {Neural Information Processing Systems},
 title = {Meta Reinforcement Learning with Finite Training Tasks - a Density Estimation Approach},
 year = {2022}
}

@inproceedings{LDM,
 author = {Suyoung Lee and
Sae{-}Young Chung},
 booktitle = {Neural Information Processing Systems},
 title = {Improving Generalization in Meta-RL with Imaginary Tasks from Latent
Dynamics Mixture},
 year = {2021}
}

@article{TFsearch,
 author = {Brieuc Pinon and Jean-Charles Delvenne and Rapha{\"e}l M. Jungers},
 journal = {European Symposium on Artificial Neural Networks, Computational Intelligence and Machine Learning},
 title = {A model-based approach to meta-Reinforcement Learning: Transformers and tree search},
 year = {2022}
}

@inproceedings{HyperX,
 author = {Luisa M. Zintgraf and
Leo Feng and
Cong Lu and
Maximilian Igl and
Kristian Hartikainen and
Katja Hofmann and
Shimon Whiteson},
 booktitle = {International Conference on Machine Learning},
 title = {Exploration in Approximate Hyper-State Space for Meta Reinforcement
Learning},
 year = {2021}
}

@article{MB-MPC,
 author = {Anusha Nagabandi and Gregory Kahn and Ronald S. Fearing and Sergey Levine},
 journal = {IEEE International Conference on Robotics and Automation},
 title = {Neural Network Dynamics for Model-Based Deep Reinforcement Learning with Model-Free Fine-Tuning},
 year = {2018}
}

@inproceedings{COT,
 author = {Jason Wei and Xuezhi Wang and Dale Schuurmans and Maarten Bosma and Ed Huai-hsin Chi and F. Xia and Quoc Le and Denny Zhou},
 booktitle = {Neural Information Processing Systems},
 title = {Chain of Thought Prompting Elicits Reasoning in Large Language Models},
 year = {2022}
}

@article{DQN,
  title={Human-level control through deep reinforcement learning},
  author={Volodymyr Mnih and Koray Kavukcuoglu and David Silver and Andrei A. Rusu and Joel Veness and Marc G. Bellemare and Alex Graves and Martin A. Riedmiller and Andreas Kirkeby Fidjeland and Georg Ostrovski and Stig Petersen and Charlie Beattie and Amir Sadik and Ioannis Antonoglou and Helen King and Dharshan Kumaran and Daan Wierstra and Shane Legg and Demis Hassabis},
  journal={Nature},
  year={2015},
}

@inproceedings{DDQN,
  title={Deep Reinforcement Learning with Double Q-Learning},
  author={H. V. Hasselt and Arthur Guez and David Silver},
  booktitle={AAAI Conference on Artificial Intelligence},
  year={2016},
}

@inproceedings{TD3,
  title={Addressing Function Approximation Error in Actor-Critic Methods},
  author={Scott Fujimoto and Herke van Hoof and David Meger},
  booktitle={International Conference on Machine Learning},
  year={2018},
}

@inproceedings{CQL,
  title={Conservative Q-Learning for Offline Reinforcement Learning},
  author={Aviral Kumar and Aurick Zhou and G. Tucker and Sergey Levine},
  booktitle = {Neural Information Processing Systems},
  year={2020},
}

@inproceedings{TRPO,
  author       = {John Schulman and
                  Sergey Levine and
                  Pieter Abbeel and
                  Michael I. Jordan and
                  Philipp Moritz},
  title        = {Trust Region Policy Optimization},
  booktitle    = {International Conference on Machine Learning},
  year         = {2015},
}

@inproceedings{MCL-TF,
 author = {Soochan Lee and Jaehyeon Son and Gunhee Kim},
 booktitle = {Neural Information Processing Systems},
 title = {Recasting Continual Learning as Sequence Modeling},
 year = {2023}
}

@article{MCL-Survey,
 author = {Jaehyeon Son and Soochan Lee and Gunhee Kim},
 journal = {IEEE Transactions on Pattern Analysis and Machine Intelligence},
 title = {When Meta-Learning Meets Online and Continual Learning: A Survey},
 year = {2024}
}

@inproceedings{MCL-SB,
 author = {Soochan Lee and Hyeonseong Jeon and Jaehyeon Son and Gunhee Kim},
 booktitle = {International Conference on Machine Learning},
 title = {Learning to Continually Learn with the Bayesian Principle},
 year = {2024}
}