@article{ASP_Liu2022,
  title={Efficient Self-Supervised Learning Representations for Spoken Language Identification},
  author={Hexin Liu and Leibny Paola Garc{\'i}a-Perera and Andy W. H. Khong and Eng Siong Chng and Suzy J. Styles and Sanjeev Khudanpur},
  journal={IEEE Journal of Selected Topics in Signal Processing},
  year={2022},
  volume={16},
  pages={1296-1307}
}

@inproceedings{ASP_Monteiro2020,
  title={On The Performance of Time-Pooling Strategies for End-to-End Spoken Language Identification},
  author={Jo{\~a}o Monteiro and Md. Jahangir Alam and Tiago H. Falk},
  booktitle={International Conference on Language Resources and Evaluation},
  year={2020}
}

@article{ASP_Okabe2018,
  title={Attentive Statistics Pooling for Deep Speaker Embedding},
  author={Koji Okabe and Takafumi Koshinaka and Koichi Shinoda},
  journal={ArXiv},
  year={2018},
  volume={abs/1803.10963}
}

@inproceedings{ASP_Wang2022,
  title={Attentive Temporal Pooling for Conformer-based Streaming Language Identification in Long-form Speech},
  author={Quan Wang and Yang Yu and Jason W. Pelecanos and Yiling Huang and Ignacio L{\'o}pez-Moreno},
  booktitle={The Speaker and Language Recognition Workshop},
  year={2022}
}

@article{agent_attn_Han2023,
  title={Agent Attention: On the Integration of Softmax and Linear Attention},
  author={Dongchen Han and Tianzhu Ye and Yizeng Han and Zhuofan Xia and Shiji Song and Gao Huang},
  journal={ArXiv},
  year={2023},
  volume={abs/2312.08874}
}

@article{performer_Choromanski2020,
  title={Rethinking Attention with Performers},
  author={Krzysztof Choromanski and Valerii Likhosherstov and David Dohan and Xingyou Song and Andreea Gane and Tam{\'a}s Sarl{\'o}s and Peter Hawkins and Jared Davis and Afroz Mohiuddin and Lukasz Kaiser and David Belanger and Lucy J. Colwell and Adrian Weller},
  journal={ArXiv},
  year={2020},
  volume={abs/2009.14794}
}

