@inproceedings{Bopp_Harmon_Voida_2017, address={New York, NY, USA}, series={CHI ’17}, title={Disempowered by Data: Nonprofits, Social Enterprises, and the Consequences of Data-Driven Work}, ISBN={978-1-4503-4655-9}, url={https://dl.acm.org/doi/10.1145/3025453.3025694}, DOI={10.1145/3025453.3025694}, booktitle={Proceedings of the 2017 CHI Conference on Human Factors in Computing Systems}, publisher={Association for Computing Machinery}, author={Bopp, Chris and Harmon, Ellie and Voida, Amy}, year={2017}, month=may, pages={3608–3619}, collection={CHI ’17} }

@article{Dencik_2019, title={The ‘golden view’: data-driven governance in the scoring society}, volume={8}, ISSN={2197-6775}, url={https://policyreview.info/articles/analysis/golden-view-data-driven-governance-scoring-society}, number={2}, journal={Internet Policy Review}, author={Dencik, Lina and Redden, Joanna and Hintz, Arne and Warne, Harry}, year={2019}, month=jun }

@article{Ecker2022,      
    title={Coordinated Access and Coordinated Entry System Processes in the Housing and Homelessness Sector: A Critical Commentary on Current Practices},   
    volume={32}, 
    ISSN={1051-1482}, 
    DOI={10.1080/10511482.2022.2058580}, 
    number={6}, 
    journal={Housing Policy Debate}, 
    publisher={Routledge}, author={Ecker, John and Brown, Molly and Aubry, Tim and Pridham, Katherine Francombe and Hwang, Stephen W.}, year={2022}, month={Nov}, pages={876–895} }

@inproceedings{Feinberg_2017, address={New York, NY, USA}, series={CHI ’17}, title={A Design Perspective on Data}, ISBN={978-1-4503-4655-9}, url={https://dl.acm.org/doi/10.1145/3025453.3025837}, DOI={10.1145/3025453.3025837}, booktitle={Proceedings of the 2017 CHI Conference on Human Factors in Computing Systems}, publisher={Association for Computing Machinery}, author={Feinberg, Melanie}, year={2017}, month=may, pages={2952–2963}, collection={CHI ’17} }

@book{Gilligan_2003, address={Cambridge, Massachusetts;}, edition={38th print.}, title={In a different voice: psychological theory and women’s development}, ISBN={0-674-28321-X}, DOI={10.4159/9780674037618}, publisher={Harvard University Press}, author={Gilligan, Carol}, year={2003} }

@inproceedings{Holten2021, address={New York, NY, USA}, series={DIS ’21}, title={Work of the Unemployed: An inquiry into individuals’ experience of data usage in public services and possibilities for their agency}, ISBN={978-1-4503-8476-6}, url={https://dl.acm.org/doi/10.1145/3461778.3462003}, DOI={10.1145/3461778.3462003}, booktitle={Proceedings of the 2021 ACM Designing Interactive Systems Conference}, publisher={Association for Computing Machinery}, author={Holten Holten Møller, Naja and Rask Rask Nielsen, Trine and Le Dantec, Christopher}, year={2021}, month=jun, pages={438–448}, collection={DIS ’21} }

@inproceedings{Holtenshifting_2020, address={New York, NY, USA}, series={NordiCHI ’20}, title={Shifting Concepts of Value: Designing Algorithmic Decision-Support Systems for Public Services}, ISBN={978-1-4503-7579-5}, url={https://dl.acm.org/doi/10.1145/3419249.3420149}, DOI={10.1145/3419249.3420149}, booktitle={Proceedings of the 11th Nordic Conference on Human-Computer Interaction: Shaping Experiences, Shaping Society}, publisher={Association for Computing Machinery}, author={Holten Møller, Naja and Shklovski, Irina and Hildebrandt, Thomas T.}, year={2020}, month=oct, pages={1–12}, collection={NordiCHI ’20} }

@inproceedings{Koesten_2019, address={New York, NY, USA}, series={CHI ’19}, title={Collaborative Practices with Structured Data: Do Tools Support What Users Need?}, ISBN={978-1-4503-5970-2}, url={https://dl.acm.org/doi/10.1145/3290605.3300330}, DOI={10.1145/3290605.3300330}, booktitle={Proceedings of the 2019 CHI Conference on Human Factors in Computing Systems}, publisher={Association for Computing Machinery}, author={Koesten, Laura and Kacprzak, Emilia and Tennison, Jeni and Simperl, Elena}, year={2019}, month=may, pages={1–14}, collection={CHI ’19} }

@inproceedings{LeDantec2009, address={New York, NY, USA}, series={CHI ’09}, title={Values as lived experience: evolving value sensitive design in support of value discovery}, ISBN={978-1-60558-246-7}, url={https://dl.acm.org/doi/10.1145/1518701.1518875}, DOI={10.1145/1518701.1518875}, booktitle={Proceedings of the SIGCHI Conference on Human Factors in Computing Systems}, publisher={Association for Computing Machinery}, author={Le Dantec, Christopher A. and Poole, Erika Shehan and Wyche, Susan P.}, year={2009}, month=apr, pages={1141–1150}, collection={CHI ’09} }

@inproceedings{LeDantec_2011, address={New York, NY, USA}, series={CHI ’11}, title={Publics in practice: ubiquitous computing at a shelter for homeless mothers}, ISBN={978-1-4503-0228-9}, url={https://dl.acm.org/doi/10.1145/1978942.1979189}, DOI={10.1145/1978942.1979189}, booktitle={Proceedings of the SIGCHI Conference on Human Factors in Computing Systems}, publisher={Association for Computing Machinery}, author={Le Dantec, Christopher A. and Farrell, Robert G. and Christensen, Jim E. and Bailey, Mark and Ellis, Jason B. and Kellogg, Wendy A. and Edwards, W. Keith}, year={2011}, month=may, pages={1687–1696}, collection={CHI ’11} }

@article{Levy_2021,
   title={Algorithms and Decision-Making in the Public Sector},
   volume={17},
   ISSN={1550-3631},
   url={http://dx.doi.org/10.1146/annurev-lawsocsci-041221-023808},
   DOI={10.1146/annurev-lawsocsci-041221-023808},
   number={1},
   journal={Annual Review of Law and Social Science},
   publisher={Annual Reviews},
   author={Levy, Karen and Chasalow, Kyla E. and Riley, Sarah},
   year={2021},
   month=oct, pages={309–334} }

@article{Light2019, title={The breakdown of the municipality as caring platform: lessons for co-design and co-learning in the age of platform capitalism}, volume={15}, ISSN={1571-0882}, url={https://doi.org/10.1080/15710882.2019.1631354}, DOI={10.1080/15710882.2019.1631354}, number={3}, journal={CoDesign}, publisher={Taylor & Francis}, author={Light, Ann and Seravalli, Anna}, year={2019}, month=jul, pages={192–211} }

@inproceedings{Muller_2019_howdsworks, address={New York, NY, USA}, series={CHI ’19}, title={How Data Science Workers Work with Data: Discovery, Capture, Curation, Design, Creation}, ISBN={978-1-4503-5970-2}, url={https://dl.acm.org/doi/10.1145/3290605.3300356}, DOI={10.1145/3290605.3300356}, booktitle={Proceedings of the 2019 CHI Conference on Human Factors in Computing Systems}, publisher={Association for Computing Machinery}, author={Muller, Michael and Lange, Ingrid and Wang, Dakuo and Piorkowski, David and Tsay, Jason and Liao, Q. Vera and Dugan, Casey and Erickson, Thomas}, year={2019}, month=may, pages={1–15}, collection={CHI ’19} }

@article{Slota_2021, title={Just Infrastructure? Field Research on a Standardized Assessment Tool for a Continuum of Care for People Experiencing Homelessness}, volume={58}, rights={84th Annual Meeting of the Association for Information Science & Technology | Oct. 29 – Nov. 3, 2021 | Salt Lake City, UT. Author(s) retain copyright, but ASIS&T receives an exclusive publication license.}, ISSN={2373-9231}, url={https://onlinelibrary.wiley.com/doi/abs/10.1002/pra2.460}, DOI={10.1002/pra2.460}, number={1}, journal={Proceedings of the Association for Information Science and Technology}, author={Slota, Stephen C. and Fleischmann, Kenneth R. and Greenberg, Sherri and Surka, Michelle and Evans, Keyanna S. and Snow, James and Rodriguez, Sarah and Zimmerman, Tara}, year={2021}, pages={327–336}, language={en} }

@inproceedings{Slota_Fleischmann_Greenberg_2022, address={Cham}, title={A Brief Typology of Time: Temporal Structuring and Dissonance in Service Provision for People Experiencing Homelessness}, ISBN={978-3-030-96957-8}, DOI={10.1007/978-3-030-96957-8_19}, booktitle={Information for a Better World: Shaping the Global Future}, publisher={Springer International Publishing}, author={Slota, Stephen C. and Fleischmann, Kenneth R. and Greenberg, Sherri R.}, editor={Smits, Malte}, year={2022}, pages={211–224}, language={en} }

@inproceedings{Slota_caring_2023, address={Cham}, title={Caring for People, Caring for Their Data: Data Stewardship and Collaborative Care in Social Service Provision for People Experiencing Homelessness}, ISBN={978-3-031-28032-0}, DOI={10.1007/978-3-031-28032-0_38},  booktitle={Information for a Better World: Normality, Virtuality, Physicality, Inclusivity}, publisher={Springer Nature Switzerland}, author={Slota, Stephen C. and Fleischmann, Kenneth R. and Greenberg, Sherri R.}, editor={Sserwanga, Isaac and Goulding, Anne and Moulaison-Sandy, Heather and Du, Jia Tina and Soares, António Lucas and Hessami, Viviane and Frank, Rebecca D.}, year={2023}, pages={500–513}, language={en} }

@article{Slota_infra2022, title={From Communities of Practice to Smart and Connected Communities: Information Sharing Practices Among Social Service Providers}, volume={59}, rights={85th Annual Meeting of the Association for Information Science & Technology | Oct. 29 – Nov. 1, 2022 | Pittsburgh, PA. Author(s) retain copyright, but ASIS&T receives an exclusive publication license.}, ISSN={2373-9231}, url={https://onlinelibrary.wiley.com/doi/abs/10.1002/pra2.753}, DOI={10.1002/pra2.753}, number={1}, journal={Proceedings of the Association for Information Science and Technology}, author={Slota, Stephen C. and Nigam, Ishan and Fleischmann, Kenneth R. and Greenberg, Sherri R. and Cruz, David}, year={2022}, pages={287–298}, language={en} }

@article{Tracey_Garcia_2024_automation,
author = {Pelle Tracey and Patricia Garcia},
title ={After automation: Homelessness prioritization algorithms and the future of care labor},

journal = {Big Data \& Society},
volume = {11},
number = {1},
pages = {20539517241239043},
year = {2024},
doi = {10.1177/20539517241239043},

URL = { 
    
        https://doi.org/10.1177/20539517241239043
    
    

},
eprint = { 
    
        https://doi.org/10.1177/20539517241239043
    
    

}
}

@book{Tronto_2013, address={New York}, title={Caring democracy: markets, equality, and justice}, ISBN={978-0-8147-8277-4}, publisher={New York University Press}, author={Tronto, Joan C.}, year={2013} }

@inproceedings{Voida2014, address={New York, NY, USA}, series={CHI ’14}, title={Shared values/conflicting logics: working around e-government systems}, ISBN={978-1-4503-2473-1}, url={https://dl.acm.org/doi/10.1145/2556288.2556971}, DOI={10.1145/2556288.2556971}, booktitle={Proceedings of the SIGCHI Conference on Human Factors in Computing Systems}, publisher={Association for Computing Machinery}, author={Voida, Amy and Dombrowski, Lynn and Hayes, Gillian R. and Mazmanian, Melissa}, year={2014}, month=apr, pages={3583–3592}, collection={CHI ’14} }

@inproceedings{Yoo_2013, address={New York, NY, USA}, series={CHI ’13}, title={A value sensitive action-reflection model: evolving a co-design space with stakeholder and designer prompts}, ISBN={978-1-4503-1899-0}, url={https://dl.acm.org/doi/10.1145/2470654.2470715}, DOI={10.1145/2470654.2470715}, booktitle={Proceedings of the SIGCHI Conference on Human Factors in Computing Systems}, publisher={Association for Computing Machinery}, author={Yoo, Daisy and Huldtgren, Alina and Woelfer, Jill Palzkill and Hendry, David G. and Friedman, Batya}, year={2013}, month=apr, pages={419–428}, collection={CHI ’13} }

@online{afst_documentation,
author ={Allegheny County Analytics},
year = {2019},
title ={Developing Predictive Risk Models to Support Child Maltreatment Hotline Screening Decisions},
url ={https://www.alleghenycountyanalytics.us/2019/05/01/developing-predictive-risk-models-support-child-maltreatment-hotline-screening-decisions/},
month ={apr}
}

@inproceedings{boone2023, address={New York, NY, USA}, series={CHI ’23}, title={Data Practice for a Politics of Care: Food Assistance as a Site of Careful Data Work}, ISBN={978-1-4503-9421-5}, url={https://dl.acm.org/doi/10.1145/3544548.3580831}, DOI={10.1145/3544548.3580831},  booktitle={Proceedings of the 2023 CHI Conference on Human Factors in Computing Systems}, publisher={Association for Computing Machinery}, author={Boone, Ashley and Disalvo, Carl and Le Dantec, Christopher A}, year={2023}, month=apr, pages={1–13}, collection={CHI ’23} }

@inproceedings{brown19,
author = {Brown, Anna and Chouldechova, Alexandra and Putnam-Hornstein, Emily and Tobin, Andrew and Vaithianathan, Rhema},
title = {Toward Algorithmic Accountability in Public Services: A Qualitative Study of Affected Community Perspectives on Algorithmic Decision-making in Child Welfare Services},
year = {2019},
isbn = {9781450359702},
publisher = {Association for Computing Machinery},
address = {New York, NY, USA},
url = {https://doi.org/10.1145/3290605.3300271},
doi = {10.1145/3290605.3300271},
booktitle = {Proceedings of the 2019 CHI Conference on Human Factors in Computing Systems},
pages = {1–12},
numpages = {12},
keywords = {participatory design, decision-support, child welfare services, automated decision systems, algorithmic bias, algorithmic accountability},
location = {Glasgow, Scotland Uk},
series = {CHI '19}
}

@inproceedings{chen_covid23,
author = {Chen, Yuchen and Sun, Yuling and Lindtner, Silvia},
title = {Maintainers of Stability: The Labor of China’s Data-Driven Governance and Dynamic Zero-COVID},
year = {2023},
isbn = {9781450394215},
publisher = {Association for Computing Machinery},
address = {New York, NY, USA},
url = {https://doi.org/10.1145/3544548.3581299},
doi = {10.1145/3544548.3581299},
booktitle = {Proceedings of the 2023 CHI Conference on Human Factors in Computing Systems},
articleno = {159},
numpages = {16},
keywords = {COVID, China, affect, data, data work, data-driven, governance, labor, maintenance},
location = {Hamburg, Germany},
series = {CHI '23}
}

@book{eubanks2018automating,
  title={Automating inequality: How high-tech tools profile, police, and punish the poor},
  author={Eubanks, Virginia},
  year={2018},
  publisher={St. Martin's Press}
}

@inproceedings{feng22,
author = {Cheng, Hao-Fei and Stapleton, Logan and Kawakami, Anna and Sivaraman, Venkatesh and Cheng, Yanghuidi and Qing, Diana and Perer, Adam and Holstein, Kenneth and Wu, Zhiwei Steven and Zhu, Haiyi},
title = {How Child Welfare Workers Reduce Racial Disparities in Algorithmic Decisions},
year = {2022},
isbn = {9781450391573},
publisher = {Association for Computing Machinery},
address = {New York, NY, USA},
url = {https://doi.org/10.1145/3491102.3501831},
doi = {10.1145/3491102.3501831},
booktitle = {Proceedings of the 2022 CHI Conference on Human Factors in Computing Systems},
articleno = {162},
numpages = {22},
location = {New Orleans, LA, USA},
series = {CHI '22}
}

@inproceedings{gondimalla24,
author = {Gondimalla, Apoorva and Sreekanth, Varshinee and Joshi, Govind and Nelson, Whitney and Choi, Eunsol and Slota, Stephen C. and Greenberg, Sherri R. and Fleischmann, Kenneth R. and Lee, Min Kyung},
title = {Aligning Data with the Goals of an Organization and Its Workers: Designing Data Labeling for Social Service Case Notes},
year = {2024},
isbn = {9798400703300},
publisher = {Association for Computing Machinery},
address = {New York, NY, USA},
url = {https://doi.org/10.1145/3613904.3642014},
doi = {10.1145/3613904.3642014},
booktitle = {Proceedings of the CHI Conference on Human Factors in Computing Systems},
articleno = {765},
numpages = {21},
keywords = {Case Notes, Data Collection Practices, Data Labeling, Design Ideas, Nonprofits, Social Work},
location = {Honolulu, HI, USA},
series = {CHI '24}
}

@inproceedings{halperin23,
author = {Halperin, Brett A. and Hsieh, Gary and McElroy, Erin and Pierce, James and Rosner, Daniela K.},
title = {Probing a Community-Based Conversational Storytelling Agent to Document Digital Stories of Housing Insecurity},
year = {2023},
isbn = {9781450394215},
publisher = {Association for Computing Machinery},
address = {New York, NY, USA},
url = {https://doi.org/10.1145/3544548.3581109},
doi = {10.1145/3544548.3581109},
booktitle = {Proceedings of the 2023 CHI Conference on Human Factors in Computing Systems},
articleno = {304},
numpages = {18},
location = {Hamburg, Germany},
series = {CHI '23}
}

@inproceedings{haque2024we,
  title={Are We Asking the Right Questions?: Designing for Community Stakeholders’ Interactions with AI in Policing},
  author={Haque, MD Romael and Saxena, Devansh and Weathington, Katy and Chudzik, Joseph and Guha, Shion},
  booktitle={Proceedings of the CHI Conference on Human Factors in Computing Systems},
  pages={1--20},
  year={2024}
}

@inproceedings{kapania_data23,
author = {Kapania, Shivani and Taylor, Alex S and Wang, Ding},
title = {A hunt for the Snark: Annotator Diversity in Data Practices},
year = {2023},
isbn = {9781450394215},
publisher = {Association for Computing Machinery},
address = {New York, NY, USA},
url = {https://doi.org/10.1145/3544548.3580645},
doi = {10.1145/3544548.3580645},
booktitle = {Proceedings of the 2023 CHI Conference on Human Factors in Computing Systems},
articleno = {133},
numpages = {15},
location = {Hamburg, Germany},
series = {CHI '23}
}

@article{karusala19, 
    title={Street-Level Realities of Data Practices in Homeless Services Provision}, 
    volume={3},  
    DOI={10.1145/3359286},
    number={CSCW}, journal={Proceedings of the ACM on Human-Computer Interaction}, author={Karusala, Naveena and Wilson, Jennifer and Vayanos, Phebe and Rice, Eric}, year={2019}, month={Nov}, pages={184:1-184:23} }

@inproceedings{karusala_contestability24,
author = {Karusala, Naveena and Upadhyay, Sohini and Veeraraghavan, Rajesh and Gajos, Krzysztof Z.},
title = {Understanding Contestability on the Margins: Implications for the Design of Algorithmic Decision-making in Public Services},
year = {2024},
isbn = {9798400703300},
publisher = {Association for Computing Machinery},
address = {New York, NY, USA},
url = {https://doi.org/10.1145/3613904.3641898},
doi = {10.1145/3613904.3641898},
booktitle = {Proceedings of the CHI Conference on Human Factors in Computing Systems},
articleno = {478},
numpages = {16},
keywords = {India, United States, algorithmic decision-making, contestability, public services},
location = {Honolulu, HI, USA},
series = {CHI '24}
}

@inproceedings{kawakami2022, address={New York, NY, USA}, series={CHI ’22}, title={Improving Human-AI Partnerships in Child Welfare: Understanding Worker Practices, Challenges, and Desires for Algorithmic Decision Support}, ISBN={978-1-4503-9157-3}, url={https://dl.acm.org/doi/10.1145/3491102.3517439}, DOI={10.1145/3491102.3517439}, booktitle={Proceedings of the 2022 CHI Conference on Human Factors in Computing Systems}, publisher={Association for Computing Machinery}, author={Kawakami, Anna and Sivaraman, Venkatesh and Cheng, Hao-Fei and Stapleton, Logan and Cheng, Yanghuidi and Qing, Diana and Perer, Adam and Wu, Zhiwei Steven and Zhu, Haiyi and Holstein, Kenneth}, year={2022}, month=apr, pages={1–18}, collection={CHI ’22} }

@inproceedings{kelly24,
author = {McConvey, Kelly and Guha, Shion},
title = {"This is not a data problem": Algorithms and Power in Public Higher Education in Canada},
year = {2024},
isbn = {9798400703300},
publisher = {Association for Computing Machinery},
address = {New York, NY, USA},
url = {https://doi.org/10.1145/3613904.3642451},
doi = {10.1145/3613904.3642451},
booktitle = {Proceedings of the CHI Conference on Human Factors in Computing Systems},
articleno = {16},
numpages = {14},
keywords = {Artificial Intelligence, Higher Education, Human-Centered Machine Learning},
location = {Honolulu, HI, USA},
series = {CHI '24}
}

@article{kithulgoda_predictive_2022,
	title = {Predictive Risk Modeling to Identify Homeless Clients at Risk for Prioritizing Services using Routinely Collected Data},
	volume = {40},
	issn = {1522-8835},
	url = {https://doi.org/10.1080/15228835.2022.2042461},
	doi = {10.1080/15228835.2022.2042461},
	number = {2},
	urldate = {2023-05-28},
	journal = {Journal of Technology in Human Services},
	author = {Kithulgoda, Chamari I. and Vaithianathan, Rhema and Culhane, Dennis P.},
	month = apr,
	year = {2022},
	pages = {134--156}
}

@inproceedings{kuo23, 
    address={New York, NY, USA}, series={CHI ’23}, title={Understanding Frontline Workers’ and Unhoused Individuals’ Perspectives on AI Used in Homeless Services}, ISBN={978-1-4503-9421-5}, url={https://dl.acm.org/doi/10.1145/3544548.3580882}, DOI={10.1145/3544548.3580882}, 
    booktitle={Proceedings of the 2023 CHI Conference on Human Factors in Computing Systems}, publisher={Association for Computing Machinery}, author={Kuo, Tzu-Sheng and Shen, Hong and Geum, Jisoo and Jones, Nev and Hong, Jason I. and Zhu, Haiyi and Holstein, Kenneth}, year={2023}, month={Apr}, pages={1–17}, collection={CHI ’23} }

@book{mol2010, 
address={Bielefeld}, 
series={MatteRealities/VerKörperungen; volume 8},
title={Care in practice: on tinkering in clinics, homes and farms}, ISBN={978-3-8376-1447-3}, 
publisher={Transcript}, author={Mol, Annemarie and Moser, Ingunn and Pols, J. (Jeannette)}, year={2010}, collection={MatteRealities/VerKörperungen; volume 8} }

@inproceedings{moon24,
author = {Moon, Erina Seh-Young and Guha, Shion},
title = {A Human-Centered Review of Algorithms in Homelessness Research},
year = {2024},
isbn = {9798400703300},
publisher = {Association for Computing Machinery},
address = {New York, NY, USA},
url = {https://doi.org/10.1145/3613904.3642392},
doi = {10.1145/3613904.3642392},
booktitle = {Proceedings of the CHI Conference on Human Factors in Computing Systems},
articleno = {870},
numpages = {15},
keywords = {algorithmic bias, algorithmic decision-making, homelessness, public sector, risk assessments},
location = {Honolulu, HI, USA},
series = {CHI '24}
}

@inproceedings{moongi24,
author = {Moon, Erina Seh-Young and Saxena, Devansh and Maharaj, Tegan and Guha, Shion},
title = {Beyond Predictive Algorithms in Child Welfare},
year = {2024},
isbn = {9798400718281},
publisher = {Association for Computing Machinery},
address = {New York, NY, USA},
url = {https://doi.org/10.1145/3670947.3670976},
doi = {10.1145/3670947.3670976},
booktitle = {Proceedings of the 50th Graphics Interface Conference},
articleno = {37},
numpages = {13},
keywords = {algorithmic bias, algorithmic decision-making, child welfare, public sector, risk assessments},
location = {Halifax, NS, Canada},
series = {GI '24}
}

@article{nielsen2023, title={Who Cares About Data? Ambivalence, Translation, and Attentiveness in Asylum Casework}, volume={32}, ISSN={1573-7551}, url={https://doi.org/10.1007/s10606-023-09474-7}, DOI={10.1007/s10606-023-09474-7}, number={4}, journal={Computer Supported Cooperative Work (CSCW)}, author={Nielsen, Trine Rask and Menendez-Blanco, Maria and Møller, Naja Holten}, year={2023}, month=dec, pages={861–910}, language={en} }

@online{openingdoors,
author ={United States Interagency Council on Homelessness},
year = {2015},
title ={Opening doors: Federal strategic plan to prevent and end homelessness},
url ={https://www.usich.gov/resources/uploads/asset_library/USICH_OpeningDoors_Amendment2015_FINAL.pdf},
month ={june},
lastaccessed ={August 31, 2023},
}

@inproceedings{pine2015, address={New York, NY, USA}, series={CHI ’15}, title={The Politics of Measurement and Action}, ISBN={978-1-4503-3145-6}, url={https://dl.acm.org/doi/10.1145/2702123.2702298}, DOI={10.1145/2702123.2702298}, booktitle={Proceedings of the 33rd Annual ACM Conference on Human Factors in Computing Systems}, publisher={Association for Computing Machinery}, author={Pine, Kathleen H. and Liboiron, Max}, year={2015}, month=apr, pages={3147–3156}, collection={CHI ’15} }

@online{reachinghomes,
author ={Government of Canada},
year = {2023},
title ={About Reaching Home: Canada's Homelessness Strategy},
url ={https://www.infrastructure.gc.ca/homelessness-sans-abri/index-eng.html},
month ={jul},
lastaccessed ={August 31, 2023},
}

@inproceedings{sambasivan21, 
address={New York, NY, USA}, series={CHI ’21}, title={“Everyone wants to do the model work, not the data work”: Data Cascades in High-Stakes AI}, ISBN={978-1-4503-8096-6}, url={https://dl.acm.org/doi/10.1145/3411764.3445518}, DOI={10.1145/3411764.3445518}, 
booktitle={Proceedings of the 2021 CHI Conference on Human Factors in Computing Systems}, publisher={Association for Computing Machinery}, author={Sambasivan, Nithya and Kapania, Shivani and Highfill, Hannah and Akrong, Diana and Paritosh, Praveen and Aroyo, Lora M}, year={2021}, month=may, pages={1–15}, collection={CHI ’21} }

@inproceedings{saxena2020conducting,
  title={Conducting participatory design to improve algorithms in public services: Lessons and challenges},
  author={Saxena, Devansh and Guha, Shion},
  booktitle={Companion Publication of the 2020 Conference on Computer Supported Cooperative Work and Social Computing},
  pages={383--388},
  year={2020}
}

@inproceedings{saxena2020human,
author = {Saxena, Devansh and Badillo-Urquiola, Karla and Wisniewski, Pamela J. and Guha, Shion},
title = {A Human-Centered Review of Algorithms used within the U.S. Child Welfare System},
year = {2020},
isbn = {9781450367080},
publisher = {Association for Computing Machinery},
address = {New York, NY, USA},
url = {https://doi.org/10.1145/3313831.3376229},
doi = {10.1145/3313831.3376229},
booktitle = {Proceedings of the 2020 CHI Conference on Human Factors in Computing Systems},
pages = {1–15},
numpages = {15},
keywords = {algorithmic decision-making, child welfare system, human-centered algorithm design},
location = {Honolulu, HI, USA},
series = {CHI '20}
}

@article{saxena2021framework2,
author = {Saxena, Devansh and Badillo-Urquiola, Karla and Wisniewski, Pamela J. and Guha, Shion},
title = {A Framework of High-Stakes Algorithmic Decision-Making for the Public Sector Developed through a Case Study of Child-Welfare},
year = {2021},
issue_date = {October 2021},
publisher = {Association for Computing Machinery},
address = {New York, NY, USA},
volume = {5},
number = {CSCW2},
url = {https://doi.org/10.1145/3476089},
doi = {10.1145/3476089},
journal = {Proc. ACM Hum.-Comput. Interact.},
month = oct,
articleno = {348},
numpages = {41},
keywords = {algorithmic decision-making, bureaucracy, child-welfare system, discretion}
}

@inproceedings{showkat23, 
    address={New York, NY, USA}, 
    series={CHI ’23}, 
    title={“Who is the right homeless client?”: Values in Algorithmic Homelessness Service Provision and Machine Learning Research},
    ISBN={978-1-4503-9421-5},
    url={https://dl.acm.org/doi/10.1145/3544548.3581010}, 
    DOI={10.1145/3544548.3581010}, 
    booktitle={Proceedings of the 2023 CHI Conference on Human Factors in Computing Systems}, 
    publisher={Association for Computing Machinery}, 
    author={Showkat, Dilruba and Smith, Angela D. R. and Lingqing, Wang and To, Alexandra}, 
    year={2023},    
    month={Apr}, 
    pages={1–21}, 
    collection={CHI ’23} }

@article{slota23,
author = {Slota, Stephen C. and Fleischmann, Kenneth R. and Lee, Min Kyung and Greenberg, Sherri R. and Nigam, Ishan and Zimmerman, Tara and Rodriguez, Sarah and Snow, James},
title = {A feeling for the data: How government and nonprofit stakeholders negotiate value conflicts in data science approaches to ending homelessness},
journal = {Journal of the Association for Information Science and Technology},
volume = {74},
number = {6},
pages = {727-741},
doi = {https://doi.org/10.1002/asi.24715},
url = {https://asistdl.onlinelibrary.wiley.com/doi/abs/10.1002/asi.24715},
eprint = {https://asistdl.onlinelibrary.wiley.com/doi/pdf/10.1002/asi.24715},
year = {2023}
}

@inproceedings{stapleton2022has,
  title={Who has an interest in “Public Interest Technology”?: Critical questions for working with local governments \& impacted communities},
  author={Stapleton, Logan and Saxena, Devansh and Kawakami, Anna and Nguyen, Tonya and Ammitzb{\o}ll Fl{\"u}gge, Asbj{\o}rn and Eslami, Motahhare and Holten M{\o}ller, Naja and Lee, Min Kyung and Guha, Shion and Holstein, Kenneth and others},
  booktitle={Companion Publication of the 2022 Conference on Computer Supported Cooperative Work and Social Computing},
  pages={282--286},
  year={2022}
}

@inproceedings{stapleton22,
author = {Stapleton, Logan and Lee, Min Hun and Qing, Diana and Wright, Marya and Chouldechova, Alexandra and Holstein, Ken and Wu, Zhiwei Steven and Zhu, Haiyi},
title = {Imagining new futures beyond predictive systems in child welfare: A qualitative study with impacted stakeholders},
year = {2022},
isbn = {9781450393522},
publisher = {Association for Computing Machinery},
address = {New York, NY, USA},
url = {https://doi.org/10.1145/3531146.3533177},
doi = {10.1145/3531146.3533177},
booktitle = {Proceedings of the 2022 ACM Conference on Fairness, Accountability, and Transparency},
pages = {1162–1177},
numpages = {16},
keywords = {child welfare, human-centered AI, impacted stakeholder, machine learning, participatory design},
location = {Seoul, Republic of Korea},
series = {FAccT '22}
}

@inproceedings{suresh21,
author = {Suresh, Harini and Guttag, John},
title = {A Framework for Understanding Sources of Harm throughout the Machine Learning Life Cycle},
year = {2021},
isbn = {9781450385534},
publisher = {Association for Computing Machinery},
address = {New York, NY, USA},
url = {https://doi.org/10.1145/3465416.3483305},
doi = {10.1145/3465416.3483305},
booktitle = {Proceedings of the 1st ACM Conference on Equity and Access in Algorithms, Mechanisms, and Optimization},
articleno = {17},
numpages = {9},
location = {--, NY, USA},
series = {EAAMO '21}
}

@inproceedings{toros18,
author={Toros, Halil and Flaming, Daniel},
title={Prioritizing Homeless Assistance Using Predictive Algorithms: An Evidence-Based Approach},
journal = {Cityscape},
issue_date= {April 2018},
address = {Rochester, NY},
volume = {20},
number = {1},
month = apr,
year = {2018},
url = {https://papers.ssrn.com/sol3/papers.cfm?abstract_id=3202479},
publisher = {ACM}
}

@article{tran2022, title={Careful Data Tinkering}, volume={6}, url={https://dl.acm.org/doi/10.1145/3555532}, DOI={10.1145/3555532}, number={CSCW2}, journal={Proc. ACM Hum.-Comput. Interact.}, author={Tran, Anh-Ton and Boone, Ashley and Le Dantec, Christopher A. and DiSalvo, Carl}, year={2022}, month=nov, pages={431:1-431:29} }

@inproceedings{veale18,
author = {Veale, Michael and Van Kleek, Max and Binns, Reuben},
title = {Fairness and Accountability Design Needs for Algorithmic Support in High-Stakes Public Sector Decision-Making},
year = {2018},
isbn = {9781450356206},
publisher = {Association for Computing Machinery},
address = {New York, NY, USA},
url = {https://doi.org/10.1145/3173574.3174014},
doi = {10.1145/3173574.3174014},
booktitle = {Proceedings of the 2018 CHI Conference on Human Factors in Computing Systems},
pages = {1–14},
numpages = {14},
keywords = {algorithmic accountability, algorithmic bias, decision-support, predictive policing, public administration},
location = {Montreal QC, Canada},
series = {CHI '18}
}

@inproceedings{vertesi2011, address={New York, NY, USA}, series={CSCW ’11}, title={The value of data: considering the context of production in data economies}, ISBN={978-1-4503-0556-3}, url={https://dl.acm.org/doi/10.1145/1958824.1958906}, DOI={10.1145/1958824.1958906}, booktitle={Proceedings of the ACM 2011 conference on Computer supported cooperative work}, publisher={Association for Computing Machinery}, author={Vertesi, Janet and Dourish, Paul}, year={2011}, month=mar, pages={533–542}, collection={CSCW ’11} }

@inproceedings{wan2023community,
  title={Community-driven AI: Empowering people through responsible data-driven decision-making},
  author={Wan, Ruyuan and Alvarado Garcia, Adriana and Saxena, Devansh and Vajiac, Catalina and Kawakami, Anna and Stapleton, Logan and Zhu, Haiyi and Holstein, Kenneth and Candello, Heloisa and Badillo-Urquiola, Karla},
  booktitle={Companion Publication of the 2023 Conference on Computer Supported Cooperative Work and Social Computing},
  pages={532--536},
  year={2023}
}

