@inproceedings{haque2024we,
  title={Are We Asking the Right Questions?: Designing for Community Stakeholders’ Interactions with AI in Policing},
  author={Haque, MD Romael and Saxena, Devansh and Weathington, Katy and Chudzik, Joseph and Guha, Shion},
  booktitle={Proceedings of the CHI Conference on Human Factors in Computing Systems},
  pages={1--20},
  year={2024}
}

@inproceedings{stapleton2022has,
  title={Who has an interest in “Public Interest Technology”?: Critical questions for working with local governments \& impacted communities},
  author={Stapleton, Logan and Saxena, Devansh and Kawakami, Anna and Nguyen, Tonya and Ammitzb{\o}ll Fl{\"u}gge, Asbj{\o}rn and Eslami, Motahhare and Holten M{\o}ller, Naja and Lee, Min Kyung and Guha, Shion and Holstein, Kenneth and others},
  booktitle={Companion Publication of the 2022 Conference on Computer Supported Cooperative Work and Social Computing},
  pages={282--286},
  year={2022}
}

@inproceedings{saxena2020conducting,
  title={Conducting participatory design to improve algorithms in public services: Lessons and challenges},
  author={Saxena, Devansh and Guha, Shion},
  booktitle={Companion Publication of the 2020 Conference on Computer Supported Cooperative Work and Social Computing},
  pages={383--388},
  year={2020}
}

@inproceedings{wan2023community,
  title={Community-driven AI: Empowering people through responsible data-driven decision-making},
  author={Wan, Ruyuan and Alvarado Garcia, Adriana and Saxena, Devansh and Vajiac, Catalina and Kawakami, Anna and Stapleton, Logan and Zhu, Haiyi and Holstein, Kenneth and Candello, Heloisa and Badillo-Urquiola, Karla},
  booktitle={Companion Publication of the 2023 Conference on Computer Supported Cooperative Work and Social Computing},
  pages={532--536},
  year={2023}
}

@online{coordinated_toronto,
author ={City of Toronto},
year = {2024},
title ={Coordinated Access to Housing \& Supports
},
url ={https://www.toronto.ca/community-people/community-partners/coordinated-access-to-housing-supports/},
month ={},
lastaccessed ={aug 17, 2024},
}

@online{training_smis,
author ={City of Toronto},
year = {},
title ={Training Modules},
url ={https://www.toronto.ca/community-people/community-partners/emergency-shelter-operators/training-modules/?accordion=smis-training-for-improving-housing-outcomes},
month ={},
lastaccessed ={feb 10, 2025},
}


@inproceedings{suresh21,
author = {Suresh, Harini and Guttag, John},
title = {A Framework for Understanding Sources of Harm throughout the Machine Learning Life Cycle},
year = {2021},
isbn = {9781450385534},
publisher = {Association for Computing Machinery},
address = {New York, NY, USA},
url = {https://doi.org/10.1145/3465416.3483305},
doi = {10.1145/3465416.3483305},
booktitle = {Proceedings of the 1st ACM Conference on Equity and Access in Algorithms, Mechanisms, and Optimization},
articleno = {17},
numpages = {9},
location = {--, NY, USA},
series = {EAAMO '21}
}


@inproceedings{toros18,
author={Toros, Halil and Flaming, Daniel},
title={Prioritizing Homeless Assistance Using Predictive Algorithms: An Evidence-Based Approach},
journal = {Cityscape},
issue_date= {April 2018},
address = {Rochester, NY},
volume = {20},
number = {1},
month = apr,
year = {2018},
url = {https://papers.ssrn.com/sol3/papers.cfm?abstract_id=3202479},
publisher = {ACM}
}

@online{systems_NAEH23,
author ={National Alliance to End Homelessness},
year = {2023},
title ={Creating systems that work},
url ={https://endhomelessness.org/ending-homelessness/solutions/creating-systems-that-work/},
month ={apr},
lastaccessed ={Nov 20, 2024},
}


@online{canada_homelesseval_2018,
author ={Employment and Social Development Canada},
year = {2018},
title ={Evaluation of the Homelessness Partnering Strategy},
url ={https://housing-infrastructure.canada.ca/homelessness-sans-abri/reports-rapports/eval-partnering-strat-partenariats-eng.html},
month ={may},
lastaccessed ={Nov 20, 2024},
}

 @article{Fowler_system_2022, title={Meeting housing needs of child welfare-involved families: Policy insights from simulation modeling}, volume={132}, ISSN={0145-2134}, url={https://www.sciencedirect.com/science/article/pii/S014521342200343X}, DOI={10.1016/j.chiabu.2022.105809},  journal={Child Abuse \& Neglect}, author={Fowler, Patrick J. and Marcal, Katherine E. and Hovmand, Peter S.}, year={2022}, month=oct, pages={105809}, language={en} }


@incollection{fernandez2017managing,
  title={Managing successful organizational change in the public sector},
  author={Fernandez, Sergio and Rainey, Hal G},
  booktitle={Debating public administration},
  pages={7--26},
  year={2017},
  publisher={Routledge}
}


 @inproceedings{Reinmund2024, address={New York, NY, USA}, series={CHI ’24}, title={Transitioning Towards a Proactive Practice: A Longitudinal Field Study on the Implementation of a ML System in Adult Social Care}, ISBN={9798400703300}, url={https://dl.acm.org/doi/10.1145/3613904.3642247}, DOI={10.1145/3613904.3642247},  booktitle={Proceedings of the CHI Conference on Human Factors in Computing Systems}, publisher={Association for Computing Machinery}, author={Reinmund, Tyler and Kunze, Lars and Jirotka, Marina Denise}, year={2024}, month=may, pages={1–19}, collection={CHI ’24} }

 @article{Dencik_2019, title={The ‘golden view’: data-driven governance in the scoring society}, volume={8}, ISSN={2197-6775}, url={https://policyreview.info/articles/analysis/golden-view-data-driven-governance-scoring-society}, number={2}, journal={Internet Policy Review}, author={Dencik, Lina and Redden, Joanna and Hintz, Arne and Warne, Harry}, year={2019}, month=jun }


 @article{redden2020, title={Datafied child welfare services: unpacking politics, economics and power}, volume={41}, url={https://doi.org/10.1080/01442872.2020.1724928}, DOI={10.1080/01442872.2020.1724928}, number={5}, journal={Policy Studies}, publisher={RSA Website}, author={Joanna Redden, Lina Dencik and Warne, Harry}, year={2020}, pages={507–526} }

 @inproceedings{leDantec_Edwards_2010, address={New York, NY, USA}, series={CHI ’10}, title={Across boundaries of influence and accountability: the multiple scales of public sector information systems}, ISBN={978-1-60558-929-9}, url={https://dl.acm.org/doi/10.1145/1753326.1753345}, DOI={10.1145/1753326.1753345},booktitle={Proceedings of the SIGCHI Conference on Human Factors in Computing Systems}, publisher={Association for Computing Machinery}, author={Le Dantec, Christopher A. and Edwards, W. Keith}, year={2010}, month=apr, pages={113–122}, collection={CHI ’10} }



@inproceedings{raji22, 
address={New York, NY, USA}, 
series={FAccT ’22}, 
title={The Fallacy of AI Functionality}, 
ISBN={978-1-4503-9352-2}, 
url={https://dl.acm.org/doi/10.1145/3531146.3533158}, 
DOI={10.1145/3531146.3533158}, 
booktitle={2022 ACM Conference on Fairness, Accountability, and Transparency}, publisher={Association for Computing Machinery}, 
author={Raji, Inioluwa Deborah and Kumar, I. Elizabeth and Horowitz, Aaron and Selbst, Andrew}, 
year={2022}, 
month={Jun}, 
pages={959–972}, 
collection={FAccT ’22} }

@online{ny,
author ={Andy Newman},
year = {2023},
title ={A Record 100000 People in New York Homeless Shelters},
url ={https://www.nytimes.com/2023/06/28/nyregion/nyc-homeless-shelter-population.html},
month ={jun},
lastaccessed ={aug 30, 2023},
}

@misc{la,
author ={City of Los Angeles},
year = {2023},
title ={Mayor Bass signs updated state of emergency on housing and homelessness to confront ongoing crisis},
url ={https://mayor.lacity.gov/news/mayor-bass-signs-updated-state-emergency-housing-and-homelessness-confront-ongoing-crisis},
month ={jul},
lastaccessed ={aug 30, 2023},
}


@online{canada23,
author ={Alana Pickrell},
year = {2023},
title ={New research suggests Canada’s homeless crisis is bigger than current data shows},
url ={https://atlantic.ctvnews.ca/new-research-suggests-canada-s-homeless-crisis-is-bigger-than-current-data-shows-1.6292751},
month ={feb},
lastaccessed ={aug 30, 2023},
}

@online{wsj_trend,
author ={Kamp, Jon and Najmabadi, Shannon},
year = {2023},
title ={Homeless Numbers Rise in U.S. Cities},
url ={https://www.wsj.com/articles/homeless-numbers-rise-in-u-s-cities-fd59bc7b},
month ={jun},
lastaccessed ={sept 1, 2023},
}

@online{toronto,
author ={Bryann Aguilar},
year = {2023},
title ={Toronto declares homelessness emergency, approves changes to warming centre operations},
url ={https://toronto.ctvnews.ca/toronto-declares-homelessness-emergency-approves-changes-to-warming-centre-operations-1.6396468},
month ={may},
lastaccessed ={sept 1, 2023},
}

@online{canada,
author ={Adam Pankratz},
year = {2023},
title ={Adam Pankratz: Politicians cower as homeless camps take over Canadian cities},
url ={https://nationalpost.com/opinion/adam-pankratz-politicians-cower-as-homeless-camps-take-over-canadian-cities},
month ={jul},
lastaccessed ={aug 30, 2023},
}

@inproceedings{kaziunas17,
author = {Kaziunas, Elizabeth and Ackerman, Mark S. and Lindtner, Silvia and Lee, Joyce M.},
title = {Caring through Data: Attending to the Social and Emotional Experiences of Health Datafication},
year = {2017},
isbn = {9781450343350},
publisher = {Association for Computing Machinery},
address = {New York, NY, USA},
url = {https://doi.org/10.1145/2998181.2998303},
doi = {10.1145/2998181.2998303},
booktitle = {Proceedings of the 2017 ACM Conference on Computer Supported Cooperative Work and Social Computing},
pages = {2260–2272},
numpages = {13},
keywords = {self-tracking, remote monitoring, personal health informatics, personal data, healthcare technology, health and wellness, emotion work, diy health, diabetes, chronic illness management, caregiving},
location = {Portland, Oregon, USA},
series = {CSCW '17}
}

 @book{Tronto_2013, address={New York}, title={Caring democracy: markets, equality, and justice}, ISBN={978-0-8147-8277-4}, publisher={New York University Press}, author={Tronto, Joan C.}, year={2013} }

 @book{Gilligan_2003, address={Cambridge, Massachusetts;}, edition={38th print.}, title={In a different voice: psychological theory and women’s development}, ISBN={0-674-28321-X}, DOI={10.4159/9780674037618}, publisher={Harvard University Press}, author={Gilligan, Carol}, year={2003} }



 @inproceedings{boone2023, address={New York, NY, USA}, series={CHI ’23}, title={Data Practice for a Politics of Care: Food Assistance as a Site of Careful Data Work}, ISBN={978-1-4503-9421-5}, url={https://dl.acm.org/doi/10.1145/3544548.3580831}, DOI={10.1145/3544548.3580831},  booktitle={Proceedings of the 2023 CHI Conference on Human Factors in Computing Systems}, publisher={Association for Computing Machinery}, author={Boone, Ashley and Disalvo, Carl and Le Dantec, Christopher A}, year={2023}, month=apr, pages={1–13}, collection={CHI ’23} }

 @article{tran2022, title={Careful Data Tinkering}, volume={6}, url={https://dl.acm.org/doi/10.1145/3555532}, DOI={10.1145/3555532}, number={CSCW2}, journal={Proc. ACM Hum.-Comput. Interact.}, author={Tran, Anh-Ton and Boone, Ashley and Le Dantec, Christopher A. and DiSalvo, Carl}, year={2022}, month=nov, pages={431:1-431:29} }


@book{eubanks2018automating,
  title={Automating inequality: How high-tech tools profile, police, and punish the poor},
  author={Eubanks, Virginia},
  year={2018},
  publisher={St. Martin's Press}
}

@inproceedings{kuo23, 
    address={New York, NY, USA}, series={CHI ’23}, title={Understanding Frontline Workers’ and Unhoused Individuals’ Perspectives on AI Used in Homeless Services}, ISBN={978-1-4503-9421-5}, url={https://dl.acm.org/doi/10.1145/3544548.3580882}, DOI={10.1145/3544548.3580882}, 
    booktitle={Proceedings of the 2023 CHI Conference on Human Factors in Computing Systems}, publisher={Association for Computing Machinery}, author={Kuo, Tzu-Sheng and Shen, Hong and Geum, Jisoo and Jones, Nev and Hong, Jason I. and Zhu, Haiyi and Holstein, Kenneth}, year={2023}, month={Apr}, pages={1–17}, collection={CHI ’23} }


@inproceedings{feng22,
author = {Cheng, Hao-Fei and Stapleton, Logan and Kawakami, Anna and Sivaraman, Venkatesh and Cheng, Yanghuidi and Qing, Diana and Perer, Adam and Holstein, Kenneth and Wu, Zhiwei Steven and Zhu, Haiyi},
title = {How Child Welfare Workers Reduce Racial Disparities in Algorithmic Decisions},
year = {2022},
isbn = {9781450391573},
publisher = {Association for Computing Machinery},
address = {New York, NY, USA},
url = {https://doi.org/10.1145/3491102.3501831},
doi = {10.1145/3491102.3501831},
booktitle = {Proceedings of the 2022 CHI Conference on Human Factors in Computing Systems},
articleno = {162},
numpages = {22},
location = {New Orleans, LA, USA},
series = {CHI '22}
}

 @article{Bosk_2018, title={What counts? quantification, worker judgment, and divergence in child welfare decision making}, volume={42}, url={https://doi.org/10.1080/23303131.2017.1422068}, DOI={10.1080/23303131.2017.1422068}, number={2}, journal={Human Service Organizations: Management, Leadership & Governance}, publisher={Routledge}, author={Bosk, Emily Adlin}, year={2018}, pages={205–224} }



@inproceedings{selbst2019fairness,
author = {Selbst, Andrew D. and Boyd, Danah and Friedler, Sorelle A. and Venkatasubramanian, Suresh and Vertesi, Janet},
title = {Fairness and Abstraction in Sociotechnical Systems},
year = {2019},
isbn = {9781450361255},
publisher = {Association for Computing Machinery},
address = {New York, NY, USA},
url = {https://doi.org/10.1145/3287560.3287598},
doi = {10.1145/3287560.3287598},
booktitle = {Proceedings of the Conference on Fairness, Accountability, and Transparency},
pages = {59–68},
numpages = {10},
keywords = {Fairness-aware Machine Learning, Interdisciplinary, Sociotechnical Systems},
location = {Atlanta, GA, USA},
series = {FAT* '19}
}

@inproceedings{barabas20,
author = {Barabas, Chelsea and Doyle, Colin and Rubinovitz, JB and Dinakar, Karthik},
title = {Studying up: reorienting the study of algorithmic fairness around issues of power},
year = {2020},
isbn = {9781450369367},
publisher = {Association for Computing Machinery},
address = {New York, NY, USA},
url = {https://doi.org/10.1145/3351095.3372859},
doi = {10.1145/3351095.3372859},
booktitle = {Proceedings of the 2020 Conference on Fairness, Accountability, and Transparency},
pages = {167–176},
numpages = {10},
location = {Barcelona, Spain},
series = {FAT* '20}
}

 @inproceedings{Dantec_Fox_2015, address={New York, NY, USA}, series={CSCW ’15}, title={Strangers at the Gate: Gaining Access, Building Rapport, and Co-Constructing Community-Based Research}, ISBN={978-1-4503-2922-4}, url={https://dl.acm.org/doi/10.1145/2675133.2675147}, DOI={10.1145/2675133.2675147}, booktitle={Proceedings of the 18th ACM Conference on Computer Supported Cooperative Work & Social Computing}, publisher={Association for Computing Machinery}, author={Le Dantec, Christopher A. and Fox, Sarah}, year={2015}, month=feb, pages={1348–1358}, collection={CSCW ’15} }



@article{Kawakami_2024,
author = {Kawakami, Anna and Coston, Amanda and Heidari, Hoda and Holstein, Kenneth and Zhu, Haiyi},
title = {Studying Up Public Sector AI: How Networks of Power Relations Shape Agency Decisions Around AI Design and Use},
year = {2024},
issue_date = {November 2024},
publisher = {Association for Computing Machinery},
address = {New York, NY, USA},
volume = {8},
number = {CSCW2},
url = {https://doi.org/10.1145/3686989},
doi = {10.1145/3686989},
journal = {Proc. ACM Hum.-Comput. Interact.},
month = nov,
articleno = {450},
numpages = {24},
keywords = {ai development and procurement, public sector ai, semi-structured interviews, studying up}
}

@inproceedings{johnson22,
author = {Johnson, Rebecca Ann and Zhang, Simone},
title = {What is the Bureaucratic Counterfactual? Categorical versus Algorithmic Prioritization in U.S. Social Policy},
year = {2022},
isbn = {9781450393522},
publisher = {Association for Computing Machinery},
address = {New York, NY, USA},
url = {https://doi.org/10.1145/3531146.3533223},
doi = {10.1145/3531146.3533223},
booktitle = {Proceedings of the 2022 ACM Conference on Fairness, Accountability, and Transparency},
pages = {1671–1682},
numpages = {12},
keywords = {fairness and transparency, resource allocation, social policy},
location = {Seoul, Republic of Korea},
series = {FAccT '22}
}


@article{Levy_2021,
   title={Algorithms and Decision-Making in the Public Sector},
   volume={17},
   ISSN={1550-3631},
   url={http://dx.doi.org/10.1146/annurev-lawsocsci-041221-023808},
   DOI={10.1146/annurev-lawsocsci-041221-023808},
   number={1},
   journal={Annual Review of Law and Social Science},
   publisher={Annual Reviews},
   author={Levy, Karen and Chasalow, Kyla E. and Riley, Sarah},
   year={2021},
   month=oct, pages={309–334} }


 @inproceedings{Koesten_2019, address={New York, NY, USA}, series={CHI ’19}, title={Collaborative Practices with Structured Data: Do Tools Support What Users Need?}, ISBN={978-1-4503-5970-2}, url={https://dl.acm.org/doi/10.1145/3290605.3300330}, DOI={10.1145/3290605.3300330}, booktitle={Proceedings of the 2019 CHI Conference on Human Factors in Computing Systems}, publisher={Association for Computing Machinery}, author={Koesten, Laura and Kacprzak, Emilia and Tennison, Jeni and Simperl, Elena}, year={2019}, month=may, pages={1–14}, collection={CHI ’19} }



@inproceedings{birhane22,
    author = {Birhane, Abeba and Kalluri, Pratyusha and Card, Dallas and Agnew, William and Dotan, Ravit and Bao, Michelle},
    title = {The Values Encoded in Machine Learning Research},
    year = {2022},
    isbn = {9781450393522},
    publisher = {Association for Computing Machinery},
    address = {New York, NY, USA},
    url = {https://doi.org/10.1145/3531146.3533083},
    doi = {10.1145/3531146.3533083},
    booktitle = {Proceedings of the 2022 ACM Conference on Fairness, Accountability, and Transparency},
    pages = {173–184},
    numpages = {12},
    keywords = {ICML, NeurIPS, Encoded values of ML, Corporate ties, Power asymmetries},
    location = {Seoul, Republic of Korea},
    series = {FAccT '22}
    }

 @article{Light2019, title={The breakdown of the municipality as caring platform: lessons for co-design and co-learning in the age of platform capitalism}, volume={15}, ISSN={1571-0882}, url={https://doi.org/10.1080/15710882.2019.1631354}, DOI={10.1080/15710882.2019.1631354}, number={3}, journal={CoDesign}, publisher={Taylor & Francis}, author={Light, Ann and Seravalli, Anna}, year={2019}, month=jul, pages={192–211} }

@inproceedings{veale18,
author = {Veale, Michael and Van Kleek, Max and Binns, Reuben},
title = {Fairness and Accountability Design Needs for Algorithmic Support in High-Stakes Public Sector Decision-Making},
year = {2018},
isbn = {9781450356206},
publisher = {Association for Computing Machinery},
address = {New York, NY, USA},
url = {https://doi.org/10.1145/3173574.3174014},
doi = {10.1145/3173574.3174014},
booktitle = {Proceedings of the 2018 CHI Conference on Human Factors in Computing Systems},
pages = {1–14},
numpages = {14},
keywords = {algorithmic accountability, algorithmic bias, decision-support, predictive policing, public administration},
location = {Montreal QC, Canada},
series = {CHI '18}
}


@article{slota23,
author = {Slota, Stephen C. and Fleischmann, Kenneth R. and Lee, Min Kyung and Greenberg, Sherri R. and Nigam, Ishan and Zimmerman, Tara and Rodriguez, Sarah and Snow, James},
title = {A feeling for the data: How government and nonprofit stakeholders negotiate value conflicts in data science approaches to ending homelessness},
journal = {Journal of the Association for Information Science and Technology},
volume = {74},
number = {6},
pages = {727-741},
doi = {https://doi.org/10.1002/asi.24715},
url = {https://asistdl.onlinelibrary.wiley.com/doi/abs/10.1002/asi.24715},
eprint = {https://asistdl.onlinelibrary.wiley.com/doi/pdf/10.1002/asi.24715},
year = {2023}
}

 @inproceedings{Slota_Fleischmann_Greenberg_2022, address={Cham}, title={A Brief Typology of Time: Temporal Structuring and Dissonance in Service Provision for People Experiencing Homelessness}, ISBN={978-3-030-96957-8}, DOI={10.1007/978-3-030-96957-8_19}, booktitle={Information for a Better World: Shaping the Global Future}, publisher={Springer International Publishing}, author={Slota, Stephen C. and Fleischmann, Kenneth R. and Greenberg, Sherri R.}, editor={Smits, Malte}, year={2022}, pages={211–224}, language={en} }


 @inproceedings{Slota_caring_2023, address={Cham}, title={Caring for People, Caring for Their Data: Data Stewardship and Collaborative Care in Social Service Provision for People Experiencing Homelessness}, ISBN={978-3-031-28032-0}, DOI={10.1007/978-3-031-28032-0_38},  booktitle={Information for a Better World: Normality, Virtuality, Physicality, Inclusivity}, publisher={Springer Nature Switzerland}, author={Slota, Stephen C. and Fleischmann, Kenneth R. and Greenberg, Sherri R.}, editor={Sserwanga, Isaac and Goulding, Anne and Moulaison-Sandy, Heather and Du, Jia Tina and Soares, António Lucas and Hessami, Viviane and Frank, Rebecca D.}, year={2023}, pages={500–513}, language={en} }



 @inproceedings{Holtenshifting_2020, address={New York, NY, USA}, series={NordiCHI ’20}, title={Shifting Concepts of Value: Designing Algorithmic Decision-Support Systems for Public Services}, ISBN={978-1-4503-7579-5}, url={https://dl.acm.org/doi/10.1145/3419249.3420149}, DOI={10.1145/3419249.3420149}, booktitle={Proceedings of the 11th Nordic Conference on Human-Computer Interaction: Shaping Experiences, Shaping Society}, publisher={Association for Computing Machinery}, author={Holten Møller, Naja and Shklovski, Irina and Hildebrandt, Thomas T.}, year={2020}, month=oct, pages={1–12}, collection={NordiCHI ’20} }

 @article{Slota_2021, title={Just Infrastructure? Field Research on a Standardized Assessment Tool for a Continuum of Care for People Experiencing Homelessness}, volume={58}, rights={84th Annual Meeting of the Association for Information Science & Technology | Oct. 29 – Nov. 3, 2021 | Salt Lake City, UT. Author(s) retain copyright, but ASIS&T receives an exclusive publication license.}, ISSN={2373-9231}, url={https://onlinelibrary.wiley.com/doi/abs/10.1002/pra2.460}, DOI={10.1002/pra2.460}, number={1}, journal={Proceedings of the Association for Information Science and Technology}, author={Slota, Stephen C. and Fleischmann, Kenneth R. and Greenberg, Sherri and Surka, Michelle and Evans, Keyanna S. and Snow, James and Rodriguez, Sarah and Zimmerman, Tara}, year={2021}, pages={327–336}, language={en} }



@inproceedings{gondimalla24,
author = {Gondimalla, Apoorva and Sreekanth, Varshinee and Joshi, Govind and Nelson, Whitney and Choi, Eunsol and Slota, Stephen C. and Greenberg, Sherri R. and Fleischmann, Kenneth R. and Lee, Min Kyung},
title = {Aligning Data with the Goals of an Organization and Its Workers: Designing Data Labeling for Social Service Case Notes},
year = {2024},
isbn = {9798400703300},
publisher = {Association for Computing Machinery},
address = {New York, NY, USA},
url = {https://doi.org/10.1145/3613904.3642014},
doi = {10.1145/3613904.3642014},
booktitle = {Proceedings of the CHI Conference on Human Factors in Computing Systems},
articleno = {765},
numpages = {21},
keywords = {Case Notes, Data Collection Practices, Data Labeling, Design Ideas, Nonprofits, Social Work},
location = {Honolulu, HI, USA},
series = {CHI '24}
}



@inproceedings{saxena22,
author = {Saxena, Devansh and Moon, Seh Young and Shehata, Dahlia and Guha, Shion},
title = {Unpacking Invisible Work Practices, Constraints, and Latent Power Relationships in Child Welfare through Casenote Analysis},
year = {2022},
isbn = {9781450391573},
publisher = {Association for Computing Machinery},
address = {New York, NY, USA},
url = {https://doi.org/10.1145/3491102.3517742},
doi = {10.1145/3491102.3517742},
booktitle = {Proceedings of the 2022 CHI Conference on Human Factors in Computing Systems},
articleno = {120},
numpages = {22},
keywords = {casenotes, child-welfare system, computational text analysis, human discretion, invisible labor, topic modeling, worker-centered design},
location = {New Orleans, LA, USA},
series = {CHI '22}
}


@online{lapolicylab,
author ={Till Von Wachter and Marianne Bertrand and Harold Pollack and Janey Roundtree and Brian Blackwell},
year = {2019},
title ={Predicting and preventing homelessness in Los Angeles},
url ={https://capolicylab.org/wp-content/uploads/2019/12/Predicting_and_Preventing_Homelessness_in_Los_Angeles.pdf},
month ={sept}
}

@online{cali_genai,
author ={Governor Gavin Newsom},
year = {2024},
title ={Governor Newsom seeks to harness the power of GenAI to address homelessness, other challenges},
url ={https://www.gov.ca.gov/2024/09/05/governor-newsom-seeks-to-harness-the-power-of-genai-to-address-homelessness-other-challenges/},
month ={sept}
}

@online{laai_2024article,
author ={Kate Rogers},
year = {2024},
title ={Los Angeles is using AI in a pilot program to try to predict homelessness and allocate aid},
url ={https://www.cnbc.com/2024/04/19/los-angeles-is-using-an-ai-pilot-program-to-try-to-predict-homelessness.html},
month ={apr}
}

@online{ny_track,
author ={Issie Lapowsky},
year = {2017},
title ={NYC's New Tech to Track Every Homeless Person in the City},
month ={may}
}

@inproceedings{baumer11,
author = {Baumer, Eric P.S. and Silberman, M. Six},
title = {When the Implication is Not to Design (Technology)},
year = {2011},
isbn = {9781450302289},
publisher = {Association for Computing Machinery},
address = {New York, NY, USA},
url = {https://doi.org/10.1145/1978942.1979275},
doi = {10.1145/1978942.1979275},
booktitle = {Proceedings of the SIGCHI Conference on Human Factors in Computing Systems},
pages = {2271–2274},
numpages = {4},
keywords = {design, reflective hci, sustainability, non-design},
location = {Vancouver, BC, Canada},
series = {CHI '11}
}

@misc{vanberlo2020,
      title={Interpretable Machine Learning Approaches to Prediction of Chronic Homelessness}, 
      author={Blake VanBerlo and Matthew A. S. Ross and Jonathan Rivard and Ryan Booker},
      year={2020},
      eprint={2009.09072},
      archivePrefix={arXiv},
      primaryClass={cs.CY},
      url={https://arxiv.org/abs/2009.09072}, 
}



@article{saxena2023algorithmic,
author = {Saxena, Devansh and Guha, Shion},
title = {Algorithmic Harms in Child Welfare: Uncertainties in Practice, Organization, and Street-level Decision-making},
year = {2024},
issue_date = {March 2024},
publisher = {Association for Computing Machinery},
address = {New York, NY, USA},
volume = {1},
number = {1},
url = {https://doi.org/10.1145/3616473},
doi = {10.1145/3616473},
journal = {ACM J. Responsib. Comput.},
month = mar,
articleno = {2},
numpages = {32},
keywords = {Algorithmic harms, AI functionality, human-AI decision-making, repair work, child welfare system}
}



@inproceedings{saxena2022chilbw,
author = {Saxena, Devansh and Repaci, Charles and Sage, Melanie D and Guha, Shion},
title = {How to Train a (Bad) Algorithmic Caseworker: A Quantitative Deconstruction of Risk Assessments in Child Welfare},
year = {2022},
isbn = {9781450391566},
publisher = {Association for Computing Machinery},
address = {New York, NY, USA},
url = {https://doi.org/10.1145/3491101.3519771},
doi = {10.1145/3491101.3519771},
booktitle = {Extended Abstracts of the 2022 CHI Conference on Human Factors in Computing Systems},
articleno = {407},
numpages = {7},
keywords = {risk assessments, algorithmic decision-making, algorithmic bias},
location = {New Orleans, LA, USA},
series = {CHI EA '22}
}




 @article{bureaucraticjob_2021, title={Street-Level Algorithms and AI in Bureaucratic Decision-Making: A Caseworker Perspective}, volume={5}, url={https://dl.acm.org/doi/10.1145/3449114}, DOI={10.1145/3449114}, number={CSCW1}, journal={Proceedings of the ACM on Human-Computer Interaction}, author={Ammitzbøll Flügge, Asbjørn and Hildebrandt, Thomas and Møller, Naja Holten}, year={2021}, month=apr, pages={40:1-40:23} }




@inproceedings{chi23paper,
author = {Saxena, Devansh and Moon, Erina Seh-Young and Chaurasia, Aryan and Guan, Yixin and Guha, Shion},
title = {Rethinking "Risk" in Algorithmic Systems Through A Computational Narrative Analysis of Casenotes in Child-Welfare},
year = {2023},
isbn = {9781450394215},
publisher = {Association for Computing Machinery},
address = {New York, NY, USA},
url = {https://doi.org/10.1145/3544548.3581308},
doi = {10.1145/3544548.3581308},
booktitle = {Proceedings of the 2023 CHI Conference on Human Factors in Computing Systems},
articleno = {873},
numpages = {19},
keywords = {computational narrative analysis, risk prediction, risk work, uncertainty in decision-making},
location = {Hamburg, Germany},
series = {CHI '23}
}

@inproceedings{alkhatib_streetlevel19,
author = {Alkhatib, Ali and Bernstein, Michael},
title = {Street-Level Algorithms: A Theory at the Gaps Between Policy and Decisions},
year = {2019},
isbn = {9781450359702},
publisher = {Association for Computing Machinery},
address = {New York, NY, USA},
url = {https://doi.org/10.1145/3290605.3300760},
doi = {10.1145/3290605.3300760},
booktitle = {Proceedings of the 2019 CHI Conference on Human Factors in Computing Systems},
pages = {1–13},
numpages = {13},
keywords = {street-level bureaucracies, street-level algorithms, artificial intelligence},
location = {Glasgow, Scotland Uk},
series = {CHI '19}
}

@inproceedings{muller_forgetting22,
author = {Muller, Michael and Strohmayer, Angelika},
title = {Forgetting Practices in the Data Sciences},
year = {2022},
isbn = {9781450391573},
publisher = {Association for Computing Machinery},
address = {New York, NY, USA},
url = {https://doi.org/10.1145/3491102.3517644},
doi = {10.1145/3491102.3517644},
booktitle = {Proceedings of the 2022 CHI Conference on Human Factors in Computing Systems},
articleno = {323},
numpages = {19},
keywords = {datasets, gaze detection, neural networks, text tagging},
location = {New Orleans, LA, USA},
series = {CHI '22}
}

@online{wholistic_2020,
author ={Victoria Bomberry and Yvonne Maracle and Sara Mayo, Tristan MacLaurin and Cindy Sue Montana McCormack and Anika Mifsud and John Ecker},
year = {2020},
title ={Revisioning Coordinated Access: Fostering Indigenous Best Practices Towards a Wholistic Systems Approach to Homelessness},
url ={https://homelesshub.ca/wp-content/uploads/2023/12/RevisioningCoordinatedAccess_June_30.pdf},
month ={mar}
}


@online{afst_documentation,
author ={Allegheny County Analytics},
year = {2019},
title ={Developing Predictive Risk Models to Support Child Maltreatment Hotline Screening Decisions},
url ={https://www.alleghenycountyanalytics.us/2019/05/01/developing-predictive-risk-models-support-child-maltreatment-hotline-screening-decisions/},
month ={apr}
}

@article{kim_equity24,
author = {Kim, Seyun and Ho, Jonathan and Li, Yinan and Fan, Bonnie and Yang, Willa Yunqi and Ramey, Jessie and Fox, Sarah E. and Zhu, Haiyi and Zimmerman, John and Eslami, Motahhare},
title = {Integrating Equity in Public Sector Data-Driven Decision Making: Exploring the Desired Futures of Underserved Stakeholders},
year = {2024},
issue_date = {November 2024},
publisher = {Association for Computing Machinery},
address = {New York, NY, USA},
volume = {8},
number = {CSCW2},
url = {https://doi.org/10.1145/3686905},
doi = {10.1145/3686905},
journal = {Proc. ACM Hum.-Comput. Interact.},
month = nov,
articleno = {366},
numpages = {39},
keywords = {data-driven decision, equity, public sector, speed dating}
}


@article{jonston_neoliberal17,
author = {Marjorie Johnstone and Eunjung Lee and Jo Connelly},
title ={Understanding the meta-discourse driving homeless policies and programs in Toronto, Canada: The neoliberal management of social service delivery},
journal = {International Social Work},
volume = {60},
number = {6},
pages = {1443-1456},
year = {2017},
doi = {10.1177/0020872817706406},
URL = {https://doi.org/10.1177/0020872817706406

}}


@article{lundberg24,
author = {Ian Lundberg  and Rachel Brown-Weinstock  and Susan Clampet-Lundquist  and Sarah Pachman  and Timothy J. Nelson  and Vicki Yang  and Kathryn Edin  and Matthew J. Salganik },
title = {The origins of unpredictability in life outcome prediction tasks},
journal = {Proceedings of the National Academy of Sciences},
volume = {121},
number = {24},
pages = {e2322973121},
year = {2024},
doi = {10.1073/pnas.2322973121},
URL = {https://www.pnas.org/doi/abs/10.1073/pnas.2322973121}}


@inproceedings{kelly24,
author = {McConvey, Kelly and Guha, Shion},
title = {"This is not a data problem": Algorithms and Power in Public Higher Education in Canada},
year = {2024},
isbn = {9798400703300},
publisher = {Association for Computing Machinery},
address = {New York, NY, USA},
url = {https://doi.org/10.1145/3613904.3642451},
doi = {10.1145/3613904.3642451},
booktitle = {Proceedings of the CHI Conference on Human Factors in Computing Systems},
articleno = {16},
numpages = {14},
keywords = {Artificial Intelligence, Higher Education, Human-Centered Machine Learning},
location = {Honolulu, HI, USA},
series = {CHI '24}
}


@inproceedings{kelly23,
author = {McConvey, Kelly and Guha, Shion and Kuzminykh, Anastasia},
title = {A Human-Centered Review of Algorithms in Decision-Making in Higher Education},
year = {2023},
isbn = {9781450394215},
publisher = {Association for Computing Machinery},
address = {New York, NY, USA},
url = {https://doi.org/10.1145/3544548.3580658},
doi = {10.1145/3544548.3580658},
booktitle = {Proceedings of the 2023 CHI Conference on Human Factors in Computing Systems},
articleno = {223},
numpages = {15},
keywords = {Higher Education, Artificial Intelligence, Human-Centered Machine Learning, Literature Review},
location = {Hamburg, Germany},
series = {CHI '23}
}



@article{coston2022,
title = {A Validity Perspective on Evaluating the Justified Use of Data-driven Decision-making Algorithms}, 
author ={Coston, Amanda and Kawakami, Anna and Zhu, Haiyi and Holstein, Ken and Heidari, Hoda}, 
publisher = {arXiv},
doi = {10.48550/ARXIV.2206.14983},
year = {2022},

}

@inproceedings{tran_situating24,
author = {Tran, Anh-Ton and Guo, Grace and Taylor, Jordan and Chan, Katsuki Andrew and Raymond, Elora Lee and Disalvo, Carl},
title = {Situating Datasets: Making Public Eviction Data Actionable for Housing Justice},
year = {2024},
isbn = {9798400703300},
publisher = {Association for Computing Machinery},
address = {New York, NY, USA},
url = {https://doi.org/10.1145/3613904.3642452},
doi = {10.1145/3613904.3642452},
booktitle = {Proceedings of the CHI Conference on Human Factors in Computing Systems},
articleno = {767},
numpages = {16},
keywords = {Counter-Mapping, Critical Visualization, Data Feminism, Eviction, Housing Justice, Open Data},
location = {Honolulu, HI, USA},
series = {CHI '24}
}



@online{ottawa,
author ={Anja Karadeglija},
year = {2024},
title ={Ottawa latest city to turn to AI to predict chronic homelessness},
url ={https://ottawa.ctvnews.ca/ottawa-latest-city-to-turn-to-ai-to-predict-chronic-homelessness-1.6989435#:~:text=An%20AI%20system%20using%20data,the%20root%20causes%20of%20homelessness.},
month ={aug},
lastaccessed ={August 30, 2024}
}


@online{angwin,
author ={Angwin, Julia Angwin and Larson, Jeff and Mattu, Surya and Kirchner, Lauren},
year = {2016},
title ={Machine Bias},
url ={https://www.propublica.org/article/machine-bias-risk-assessments-in-criminal-sentencing},
month ={May},
lastaccessed ={August 30, 2022}
}

 @book{Noble_2018, address={New York}, series={How search engines reinforce racism}, title={Algorithms of oppression: how search engines reinforce racism}, ISBN={978-1-4798-3724-3}, publisher={New York University Press}, author={Noble, Safiya Umoja}, year={2018}, collection={How search engines reinforce racism} }


@inproceedings{saxena2020human,
author = {Saxena, Devansh and Badillo-Urquiola, Karla and Wisniewski, Pamela J. and Guha, Shion},
title = {A Human-Centered Review of Algorithms used within the U.S. Child Welfare System},
year = {2020},
isbn = {9781450367080},
publisher = {Association for Computing Machinery},
address = {New York, NY, USA},
url = {https://doi.org/10.1145/3313831.3376229},
doi = {10.1145/3313831.3376229},
booktitle = {Proceedings of the 2020 CHI Conference on Human Factors in Computing Systems},
pages = {1–15},
numpages = {15},
keywords = {algorithmic decision-making, child welfare system, human-centered algorithm design},
location = {Honolulu, HI, USA},
series = {CHI '20}
}

 @inproceedings{Holten2021, address={New York, NY, USA}, series={DIS ’21}, title={Work of the Unemployed: An inquiry into individuals’ experience of data usage in public services and possibilities for their agency}, ISBN={978-1-4503-8476-6}, url={https://dl.acm.org/doi/10.1145/3461778.3462003}, DOI={10.1145/3461778.3462003}, booktitle={Proceedings of the 2021 ACM Designing Interactive Systems Conference}, publisher={Association for Computing Machinery}, author={Holten Holten Møller, Naja and Rask Rask Nielsen, Trine and Le Dantec, Christopher}, year={2021}, month=jun, pages={438–448}, collection={DIS ’21} }





@article{saxena2021framework2,
author = {Saxena, Devansh and Badillo-Urquiola, Karla and Wisniewski, Pamela J. and Guha, Shion},
title = {A Framework of High-Stakes Algorithmic Decision-Making for the Public Sector Developed through a Case Study of Child-Welfare},
year = {2021},
issue_date = {October 2021},
publisher = {Association for Computing Machinery},
address = {New York, NY, USA},
volume = {5},
number = {CSCW2},
url = {https://doi.org/10.1145/3476089},
doi = {10.1145/3476089},
journal = {Proc. ACM Hum.-Comput. Interact.},
month = oct,
articleno = {348},
numpages = {41},
keywords = {algorithmic decision-making, bureaucracy, child-welfare system, discretion}
}


 @book{Benjamin_2019, address={Cambridge, UK}, title={Race after technology: abolitionist tools for the New Jim Code}, ISBN={978-1-5095-2639-0}, publisher={Polity Press}, author={Benjamin, Ruha}, year={2019} }

@inproceedings{food_justice23,
author = {Engelbutzeder, Philip and Bollmann, Yannick and Berns, Katie and Landwehr, Marvin and Sch\"{a}fer, Franka and Randall, Dave and Wulf, Volker},
title = {(Re-)Distributional Food Justice: Negotiating conflicting views of fairness within a local grassroots community},
year = {2023},
isbn = {9781450394215},
publisher = {Association for Computing Machinery},
address = {New York, NY, USA},
url = {https://doi.org/10.1145/3544548.3581527},
doi = {10.1145/3544548.3581527},
booktitle = {Proceedings of the 2023 CHI Conference on Human Factors in Computing Systems},
articleno = {136},
numpages = {16},
keywords = {Community, Fairness, Food Sharing, Grassroots, Justice, Surplus},
location = {Hamburg, Germany},
series = {CHI '23}
}



 @article{nielsen2023, title={Who Cares About Data? Ambivalence, Translation, and Attentiveness in Asylum Casework}, volume={32}, ISSN={1573-7551}, url={https://doi.org/10.1007/s10606-023-09474-7}, DOI={10.1007/s10606-023-09474-7}, number={4}, journal={Computer Supported Cooperative Work (CSCW)}, author={Nielsen, Trine Rask and Menendez-Blanco, Maria and Møller, Naja Holten}, year={2023}, month=dec, pages={861–910}, language={en} }

@inproceedings{moon24,
author = {Moon, Erina Seh-Young and Guha, Shion},
title = {A Human-Centered Review of Algorithms in Homelessness Research},
year = {2024},
isbn = {9798400703300},
publisher = {Association for Computing Machinery},
address = {New York, NY, USA},
url = {https://doi.org/10.1145/3613904.3642392},
doi = {10.1145/3613904.3642392},
booktitle = {Proceedings of the CHI Conference on Human Factors in Computing Systems},
articleno = {870},
numpages = {15},
keywords = {algorithmic bias, algorithmic decision-making, homelessness, public sector, risk assessments},
location = {Honolulu, HI, USA},
series = {CHI '24}
}

 @inproceedings{showkat23, 
    address={New York, NY, USA}, 
    series={CHI ’23}, 
    title={“Who is the right homeless client?”: Values in Algorithmic Homelessness Service Provision and Machine Learning Research},
    ISBN={978-1-4503-9421-5},
    url={https://dl.acm.org/doi/10.1145/3544548.3581010}, 
    DOI={10.1145/3544548.3581010}, 
    booktitle={Proceedings of the 2023 CHI Conference on Human Factors in Computing Systems}, 
    publisher={Association for Computing Machinery}, 
    author={Showkat, Dilruba and Smith, Angela D. R. and Lingqing, Wang and To, Alexandra}, 
    year={2023},    
    month={Apr}, 
    pages={1–21}, 
    collection={CHI ’23} }



@online{plan_toronto,
author ={City of Toronto},
year = {2021},
title ={Homelessness Solutions Service Plan
},
url ={https://www.toronto.ca/wp-content/uploads/2021/11/9885-Attachment-2-Homelessness-Solutions-Service-Plan.pdf},
month ={},
lastaccessed ={aug 17, 2024},
}


@article{kithulgoda_predictive_2022,
	title = {Predictive Risk Modeling to Identify Homeless Clients at Risk for Prioritizing Services using Routinely Collected Data},
	volume = {40},
	issn = {1522-8835},
	url = {https://doi.org/10.1080/15228835.2022.2042461},
	doi = {10.1080/15228835.2022.2042461},
	number = {2},
	urldate = {2023-05-28},
	journal = {Journal of Technology in Human Services},
	author = {Kithulgoda, Chamari I. and Vaithianathan, Rhema and Culhane, Dennis P.},
	month = apr,
	year = {2022},
	pages = {134--156}
}

 @book{Desmond_2016, address={New York}, edition={First Edition.}, title={Evicted: poverty and profit in the American city}, ISBN={978-0-553-44743-9}, publisher={Crown Publishers}, author={Desmond, Matthew}, year={2016} }



@inproceedings{stapleton22,
author = {Stapleton, Logan and Lee, Min Hun and Qing, Diana and Wright, Marya and Chouldechova, Alexandra and Holstein, Ken and Wu, Zhiwei Steven and Zhu, Haiyi},
title = {Imagining new futures beyond predictive systems in child welfare: A qualitative study with impacted stakeholders},
year = {2022},
isbn = {9781450393522},
publisher = {Association for Computing Machinery},
address = {New York, NY, USA},
url = {https://doi.org/10.1145/3531146.3533177},
doi = {10.1145/3531146.3533177},
booktitle = {Proceedings of the 2022 ACM Conference on Fairness, Accountability, and Transparency},
pages = {1162–1177},
numpages = {16},
keywords = {child welfare, human-centered AI, impacted stakeholder, machine learning, participatory design},
location = {Seoul, Republic of Korea},
series = {FAccT '22}
}

 @article{Slota_infra2022, title={From Communities of Practice to Smart and Connected Communities: Information Sharing Practices Among Social Service Providers}, volume={59}, rights={85th Annual Meeting of the Association for Information Science & Technology | Oct. 29 – Nov. 1, 2022 | Pittsburgh, PA. Author(s) retain copyright, but ASIS&T receives an exclusive publication license.}, ISSN={2373-9231}, url={https://onlinelibrary.wiley.com/doi/abs/10.1002/pra2.753}, DOI={10.1002/pra2.753}, number={1}, journal={Proceedings of the Association for Information Science and Technology}, author={Slota, Stephen C. and Nigam, Ishan and Fleischmann, Kenneth R. and Greenberg, Sherri R. and Cruz, David}, year={2022}, pages={287–298}, language={en} }



@inproceedings{moongi24,
author = {Moon, Erina Seh-Young and Saxena, Devansh and Maharaj, Tegan and Guha, Shion},
title = {Beyond Predictive Algorithms in Child Welfare},
year = {2024},
isbn = {9798400718281},
publisher = {Association for Computing Machinery},
address = {New York, NY, USA},
url = {https://doi.org/10.1145/3670947.3670976},
doi = {10.1145/3670947.3670976},
booktitle = {Proceedings of the 50th Graphics Interface Conference},
articleno = {37},
numpages = {13},
keywords = {algorithmic bias, algorithmic decision-making, child welfare, public sector, risk assessments},
location = {Halifax, NS, Canada},
series = {GI '24}
}


@inproceedings{mothilal24,
author = {Kommiya Mothilal, Ramaravind and Guha, Shion and Ahmed, Syed Ishtiaque},
title = {Towards a Non-Ideal Methodological Framework for Responsible ML},
year = {2024},
isbn = {9798400703300},
publisher = {Association for Computing Machinery},
address = {New York, NY, USA},
url = {https://doi.org/10.1145/3613904.3642501},
doi = {10.1145/3613904.3642501},
booktitle = {Proceedings of the CHI Conference on Human Factors in Computing Systems},
articleno = {477},
numpages = {17},
keywords = {Fairness, Ideal Theory, Justice, ML Practitioners, Machine Learning, Non-Ideal Theory, Responsible ML},
location = {Honolulu, HI, USA},
series = {CHI '24}
}

@misc{cheng2024algorithmassisteddecisionmakingracial,
      title={Algorithm-Assisted Decision Making and Racial Disparities in Housing: A Study of the Allegheny Housing Assessment Tool}, 
      author={Lingwei Cheng and Cameron Drayton and Alexandra Chouldechova and Rhema Vaithianathan},
      year={2024},
      eprint={2407.21209},
      archivePrefix={arXiv},
      primaryClass={cs.HC},
      url={https://arxiv.org/abs/2407.21209}, 
}

 @inproceedings{LeDantec_2011, address={New York, NY, USA}, series={CHI ’11}, title={Publics in practice: ubiquitous computing at a shelter for homeless mothers}, ISBN={978-1-4503-0228-9}, url={https://dl.acm.org/doi/10.1145/1978942.1979189}, DOI={10.1145/1978942.1979189}, booktitle={Proceedings of the SIGCHI Conference on Human Factors in Computing Systems}, publisher={Association for Computing Machinery}, author={Le Dantec, Christopher A. and Farrell, Robert G. and Christensen, Jim E. and Bailey, Mark and Ellis, Jason B. and Kellogg, Wendy A. and Edwards, W. Keith}, year={2011}, month=may, pages={1687–1696}, collection={CHI ’11} }

 @inproceedings{LeDantec2009, address={New York, NY, USA}, series={CHI ’09}, title={Values as lived experience: evolving value sensitive design in support of value discovery}, ISBN={978-1-60558-246-7}, url={https://dl.acm.org/doi/10.1145/1518701.1518875}, DOI={10.1145/1518701.1518875}, booktitle={Proceedings of the SIGCHI Conference on Human Factors in Computing Systems}, publisher={Association for Computing Machinery}, author={Le Dantec, Christopher A. and Poole, Erika Shehan and Wyche, Susan P.}, year={2009}, month=apr, pages={1141–1150}, collection={CHI ’09} }



 @inproceedings{Voida2014, address={New York, NY, USA}, series={CHI ’14}, title={Shared values/conflicting logics: working around e-government systems}, ISBN={978-1-4503-2473-1}, url={https://dl.acm.org/doi/10.1145/2556288.2556971}, DOI={10.1145/2556288.2556971}, booktitle={Proceedings of the SIGCHI Conference on Human Factors in Computing Systems}, publisher={Association for Computing Machinery}, author={Voida, Amy and Dombrowski, Lynn and Hayes, Gillian R. and Mazmanian, Melissa}, year={2014}, month=apr, pages={3583–3592}, collection={CHI ’14} }


@inproceedings{halperin23,
author = {Halperin, Brett A. and Hsieh, Gary and McElroy, Erin and Pierce, James and Rosner, Daniela K.},
title = {Probing a Community-Based Conversational Storytelling Agent to Document Digital Stories of Housing Insecurity},
year = {2023},
isbn = {9781450394215},
publisher = {Association for Computing Machinery},
address = {New York, NY, USA},
url = {https://doi.org/10.1145/3544548.3581109},
doi = {10.1145/3544548.3581109},
booktitle = {Proceedings of the 2023 CHI Conference on Human Factors in Computing Systems},
articleno = {304},
numpages = {18},
location = {Hamburg, Germany},
series = {CHI '23}
}

 @inproceedings{Muller_2019_howdsworks, address={New York, NY, USA}, series={CHI ’19}, title={How Data Science Workers Work with Data: Discovery, Capture, Curation, Design, Creation}, ISBN={978-1-4503-5970-2}, url={https://dl.acm.org/doi/10.1145/3290605.3300356}, DOI={10.1145/3290605.3300356}, booktitle={Proceedings of the 2019 CHI Conference on Human Factors in Computing Systems}, publisher={Association for Computing Machinery}, author={Muller, Michael and Lange, Ingrid and Wang, Dakuo and Piorkowski, David and Tsay, Jason and Liao, Q. Vera and Dugan, Casey and Erickson, Thomas}, year={2019}, month=may, pages={1–15}, collection={CHI ’19} }


 @inproceedings{Feinberg_2017, address={New York, NY, USA}, series={CHI ’17}, title={A Design Perspective on Data}, ISBN={978-1-4503-4655-9}, url={https://dl.acm.org/doi/10.1145/3025453.3025837}, DOI={10.1145/3025453.3025837}, booktitle={Proceedings of the 2017 CHI Conference on Human Factors in Computing Systems}, publisher={Association for Computing Machinery}, author={Feinberg, Melanie}, year={2017}, month=may, pages={2952–2963}, collection={CHI ’17} }



 @inproceedings{Yoo_2013, address={New York, NY, USA}, series={CHI ’13}, title={A value sensitive action-reflection model: evolving a co-design space with stakeholder and designer prompts}, ISBN={978-1-4503-1899-0}, url={https://dl.acm.org/doi/10.1145/2470654.2470715}, DOI={10.1145/2470654.2470715}, booktitle={Proceedings of the SIGCHI Conference on Human Factors in Computing Systems}, publisher={Association for Computing Machinery}, author={Yoo, Daisy and Huldtgren, Alina and Woelfer, Jill Palzkill and Hendry, David G. and Friedman, Batya}, year={2013}, month=apr, pages={419–428}, collection={CHI ’13} }


 @inproceedings{kawakami2022, address={New York, NY, USA}, series={CHI ’22}, title={Improving Human-AI Partnerships in Child Welfare: Understanding Worker Practices, Challenges, and Desires for Algorithmic Decision Support}, ISBN={978-1-4503-9157-3}, url={https://dl.acm.org/doi/10.1145/3491102.3517439}, DOI={10.1145/3491102.3517439}, booktitle={Proceedings of the 2022 CHI Conference on Human Factors in Computing Systems}, publisher={Association for Computing Machinery}, author={Kawakami, Anna and Sivaraman, Venkatesh and Cheng, Hao-Fei and Stapleton, Logan and Cheng, Yanghuidi and Qing, Diana and Perer, Adam and Wu, Zhiwei Steven and Zhu, Haiyi and Holstein, Kenneth}, year={2022}, month=apr, pages={1–18}, collection={CHI ’22} }

@book{vsd,
author = {Friedman, Bathya and Hendry, David G.},
title = {Value Sensitive Design},
year = {2019},
isbn = {9780262039536},
publisher = {The MIT Press}, address = {Cambridge},
}


@incollection{muller2009participatory,
  title={Participatory design: the third space in HCI},
  author={Muller, Michael J},
  booktitle={Human-computer interaction},
  pages={181--202},
  year={2009},
  publisher={CRC press}
}

@book{hcai,
    author = {Shneiderman, Ben},
    title = "{Human-Centered AI}",
    publisher = {Oxford University Press},
    year = {2022},
    month = {01},
    isbn = {9780192845290},
    doi = {10.1093/oso/9780192845290.001.0001},
    url = {https://doi.org/10.1093/oso/9780192845290.001.0001},
}



 @inproceedings{sambasivan21, 
address={New York, NY, USA}, series={CHI ’21}, title={“Everyone wants to do the model work, not the data work”: Data Cascades in High-Stakes AI}, ISBN={978-1-4503-8096-6}, url={https://dl.acm.org/doi/10.1145/3411764.3445518}, DOI={10.1145/3411764.3445518}, 
booktitle={Proceedings of the 2021 CHI Conference on Human Factors in Computing Systems}, publisher={Association for Computing Machinery}, author={Sambasivan, Nithya and Kapania, Shivani and Highfill, Hannah and Akrong, Diana and Paritosh, Praveen and Aroyo, Lora M}, year={2021}, month=may, pages={1–15}, collection={CHI ’21} }

 @article{jadidzadeh2023, address={Guelph}, title={Homeless Shelter Use by Age and Community with Implications for the Cost of Maintaining City-Wide Systems of Emergency Shelters: A Comparison of Calgary and Toronto}, volume={49}, ISSN={0317-0861}, DOI={10.3138/cpp.2022-066}, number={2}, journal={Canadian public policy}, publisher={Canadian Public Policy}, author={Jadidzadeh, Ali and Kneebone, Ron}, year={2023}, pages={180} }

@article{dcai,
author = {Jarrahi, Mohammad Hossein and Memariani, Ali and Guha, Shion},
title = {The Principles of Data-Centric AI},
year = {2023},
issue_date = {August 2023},
publisher = {Association for Computing Machinery},
address = {New York, NY, USA},
volume = {66},
number = {8},
issn = {0001-0782},
url = {https://doi.org/10.1145/3571724},
doi = {10.1145/3571724},
abstract = {Uniting data-centric perspectives and concepts to trace the foundations of DCAI.},
journal = {Commun. ACM},
month = {jul},
pages = {84–92},
numpages = {9}
}

 @article{Tracey_Garcia_2024_intermediation, title={Intermediation: Algorithmic Prioritization in Practice in Homeless Services}, volume={8}, url={https://dl.acm.org/doi/10.1145/3686951}, DOI={10.1145/3686951}, number={CSCW2}, journal={Proc. ACM Hum.-Comput. Interact.}, author={Tracey, Pelle and Garcia, Patricia}, year={2024}, month=nov, pages={412:1-412:24} }



@article{Tracey_Garcia_2024_automation,
author = {Pelle Tracey and Patricia Garcia},
title ={After automation: Homelessness prioritization algorithms and the future of care labor},

journal = {Big Data \& Society},
volume = {11},
number = {1},
pages = {20539517241239043},
year = {2024},
doi = {10.1177/20539517241239043},

URL = { 
    
        https://doi.org/10.1177/20539517241239043
    
    

},
eprint = { 
    
        https://doi.org/10.1177/20539517241239043
    
    

}
}



@inproceedings{lu24betterthan,
author = {Lu, Alex Jiahong and Moy, Cameron and Ackerman, Mark S. and Morenoff, Jeffrey and Dillahunt, Tawanna R.},
title = {Perceptions of Policing Surveillance Technologies in Detroit: Moving Beyond "Better than Nothing"},
year = {2024},
isbn = {9798400704505},
publisher = {Association for Computing Machinery},
address = {New York, NY, USA},
url = {https://doi.org/10.1145/3630106.3659022},
doi = {10.1145/3630106.3659022},
booktitle = {Proceedings of the 2024 ACM Conference on Fairness, Accountability, and Transparency},
pages = {2022–2032},
numpages = {11},
keywords = {Detroit, counter-surveillance advocacy, mixed methods, policing surveillance, techno-failure},
location = {Rio de Janeiro, Brazil},
series = {FAccT '24}
}

@inproceedings{karusala_contestability24,
author = {Karusala, Naveena and Upadhyay, Sohini and Veeraraghavan, Rajesh and Gajos, Krzysztof Z.},
title = {Understanding Contestability on the Margins: Implications for the Design of Algorithmic Decision-making in Public Services},
year = {2024},
isbn = {9798400703300},
publisher = {Association for Computing Machinery},
address = {New York, NY, USA},
url = {https://doi.org/10.1145/3613904.3641898},
doi = {10.1145/3613904.3641898},
booktitle = {Proceedings of the CHI Conference on Human Factors in Computing Systems},
articleno = {478},
numpages = {16},
keywords = {India, United States, algorithmic decision-making, contestability, public services},
location = {Honolulu, HI, USA},
series = {CHI '24}
}

@book{aragon2022human,
  title={Human-Centered Data Science: An Introduction},
  author={Aragon, Cecilia and Guha, Shion and Kogan, Marina and Muller, Michael and Neff, Gina},
  year={2022},
  publisher={MIT Press}
}



 @inproceedings{Bopp_Harmon_Voida_2017, address={New York, NY, USA}, series={CHI ’17}, title={Disempowered by Data: Nonprofits, Social Enterprises, and the Consequences of Data-Driven Work}, ISBN={978-1-4503-4655-9}, url={https://dl.acm.org/doi/10.1145/3025453.3025694}, DOI={10.1145/3025453.3025694}, booktitle={Proceedings of the 2017 CHI Conference on Human Factors in Computing Systems}, publisher={Association for Computing Machinery}, author={Bopp, Chris and Harmon, Ellie and Voida, Amy}, year={2017}, month=may, pages={3608–3619}, collection={CHI ’17} }



 @inproceedings{pine2015, address={New York, NY, USA}, series={CHI ’15}, title={The Politics of Measurement and Action}, ISBN={978-1-4503-3145-6}, url={https://dl.acm.org/doi/10.1145/2702123.2702298}, DOI={10.1145/2702123.2702298}, booktitle={Proceedings of the 33rd Annual ACM Conference on Human Factors in Computing Systems}, publisher={Association for Computing Machinery}, author={Pine, Kathleen H. and Liboiron, Max}, year={2015}, month=apr, pages={3147–3156}, collection={CHI ’15} }

 @inproceedings{vertesi2011, address={New York, NY, USA}, series={CSCW ’11}, title={The value of data: considering the context of production in data economies}, ISBN={978-1-4503-0556-3}, url={https://dl.acm.org/doi/10.1145/1958824.1958906}, DOI={10.1145/1958824.1958906}, booktitle={Proceedings of the ACM 2011 conference on Computer supported cooperative work}, publisher={Association for Computing Machinery}, author={Vertesi, Janet and Dourish, Paul}, year={2011}, month=mar, pages={533–542}, collection={CSCW ’11} }


 @article{Cronley_2022, title={Invisible intersectionality in measuring vulnerability among individuals experiencing homelessness – critically appraising the VI-SPDAT}, volume={31}, url={https://doi.org/10.1080/10530789.2020.1852502}, DOI={10.1080/10530789.2020.1852502}, number={1}, journal={Journal of Social Distress and Homelessness}, publisher={Taylor \& Francis}, author={Cronley, Courtney}, year={2022}, pages={23–33} }

@inproceedings{kapania_data23,
author = {Kapania, Shivani and Taylor, Alex S and Wang, Ding},
title = {A hunt for the Snark: Annotator Diversity in Data Practices},
year = {2023},
isbn = {9781450394215},
publisher = {Association for Computing Machinery},
address = {New York, NY, USA},
url = {https://doi.org/10.1145/3544548.3580645},
doi = {10.1145/3544548.3580645},
booktitle = {Proceedings of the 2023 CHI Conference on Human Factors in Computing Systems},
articleno = {133},
numpages = {15},
location = {Hamburg, Germany},
series = {CHI '23}
}

@inproceedings{kleinfeminismai_24,
author = {Klein, Lauren and D'Ignazio, Catherine},
title = {Data Feminism for AI},
year = {2024},
isbn = {9798400704505},
publisher = {Association for Computing Machinery},
address = {New York, NY, USA},
url = {https://doi.org/10.1145/3630106.3658543},
doi = {10.1145/3630106.3658543},
booktitle = {Proceedings of the 2024 ACM Conference on Fairness, Accountability, and Transparency},
pages = {100–112},
numpages = {13},
keywords = {ai ethics, data feminism, data justice, feminism, responsible ai},
location = {Rio de Janeiro, Brazil},
series = {FAccT '24}
}

@inproceedings{chen_covid23,
author = {Chen, Yuchen and Sun, Yuling and Lindtner, Silvia},
title = {Maintainers of Stability: The Labor of China’s Data-Driven Governance and Dynamic Zero-COVID},
year = {2023},
isbn = {9781450394215},
publisher = {Association for Computing Machinery},
address = {New York, NY, USA},
url = {https://doi.org/10.1145/3544548.3581299},
doi = {10.1145/3544548.3581299},
booktitle = {Proceedings of the 2023 CHI Conference on Human Factors in Computing Systems},
articleno = {159},
numpages = {16},
keywords = {COVID, China, affect, data, data work, data-driven, governance, labor, maintenance},
location = {Hamburg, Germany},
series = {CHI '23}
}

@online{lechervarner,
author ={Colin Lecher and Maddy Varner},
year = {2023},
title ={L.A.’s Scoring System for Subsidized Housing Gives Black and Latino People Experiencing Homelessness Lower Priority Scores},
url ={https://themarkup.org/investigation/2023/02/28/l-a-s-scoring-system-for-subsidized-housing-gives-black-and-latino-people-experiencing-homelessness-lower-priority-scores},
month ={feb},
lastaccessed ={August 31, 2024},
}


@online{openingdoors,
author ={United States Interagency Council on Homelessness},
year = {2015},
title ={Opening doors: Federal strategic plan to prevent and end homelessness},
url ={https://www.usich.gov/resources/uploads/asset_library/USICH_OpeningDoors_Amendment2015_FINAL.pdf},
month ={june},
lastaccessed ={August 31, 2023},
}

@online{reachinghomes,
author ={Government of Canada},
year = {2023},
title ={About Reaching Home: Canada's Homelessness Strategy},
url ={https://www.infrastructure.gc.ca/homelessness-sans-abri/index-eng.html},
month ={jul},
lastaccessed ={August 31, 2023},
}



 @article{karusala19, 
    title={Street-Level Realities of Data Practices in Homeless Services Provision}, 
    volume={3},  
    DOI={10.1145/3359286},
    number={CSCW}, journal={Proceedings of the ACM on Human-Computer Interaction}, author={Karusala, Naveena and Wilson, Jennifer and Vayanos, Phebe and Rice, Eric}, year={2019}, month={Nov}, pages={184:1-184:23} }



 @book{mol2010, 
address={Bielefeld}, 
series={MatteRealities/VerKörperungen; volume 8},
title={Care in practice: on tinkering in clinics, homes and farms}, ISBN={978-3-8376-1447-3}, 
publisher={Transcript}, author={Mol, Annemarie and Moser, Ingunn and Pols, J. (Jeannette)}, year={2010}, collection={MatteRealities/VerKörperungen; volume 8} }

@article{Ecker2022,      
    title={Coordinated Access and Coordinated Entry System Processes in the Housing and Homelessness Sector: A Critical Commentary on Current Practices},   
    volume={32}, 
    ISSN={1051-1482}, 
    DOI={10.1080/10511482.2022.2058580}, 
    number={6}, 
    journal={Housing Policy Debate}, 
    publisher={Routledge}, author={Ecker, John and Brown, Molly and Aubry, Tim and Pridham, Katherine Francombe and Hwang, Stephen W.}, year={2022}, month={Nov}, pages={876–895} }

@inproceedings{brown19,
author = {Brown, Anna and Chouldechova, Alexandra and Putnam-Hornstein, Emily and Tobin, Andrew and Vaithianathan, Rhema},
title = {Toward Algorithmic Accountability in Public Services: A Qualitative Study of Affected Community Perspectives on Algorithmic Decision-making in Child Welfare Services},
year = {2019},
isbn = {9781450359702},
publisher = {Association for Computing Machinery},
address = {New York, NY, USA},
url = {https://doi.org/10.1145/3290605.3300271},
doi = {10.1145/3290605.3300271},
booktitle = {Proceedings of the 2019 CHI Conference on Human Factors in Computing Systems},
pages = {1–12},
numpages = {12},
keywords = {participatory design, decision-support, child welfare services, automated decision systems, algorithmic bias, algorithmic accountability},
location = {Glasgow, Scotland Uk},
series = {CHI '19}
}


 @article{brown_2018, 
title={Reliability and validity of the Vulnerability Index-Service Prioritization Decision Assistance Tool (VI-SPDAT) in real-world implementation}, volume={27}, url={https://doi.org/10.1080/10530789.2018.1482991}, DOI={10.1080/10530789.2018.1482991}, number={2}, journal={Journal of Social Distress and Homelessness}, publisher={Taylor \& Francis}, author={Molly Brown and Andrés Carrión and Camilla Cummings and Jennifer Lyons and Dennis P. Watson }, year={2018}, pages={110–117} }


@online{coordinatedguide,
author ={Employment and Social Development Canada},
year = {2019},
title ={Reaching Home Coordinated Access Guide},
url ={https://homelessnesslearninghub.ca/wp-content/uploads/2021/06/HPD_ReachingHomeCoordinatedAccessGuide_EN_20191030-1.pdf},
month ={oct},
lastaccessed ={Aug 22, 2024},
}



@online{hifis,
author ={Government of Canada},
year = {2024},
title ={Homeless Individuals and Families Information System (HIFIS)},
url ={https://housing-infrastructure.canada.ca/homelessness-sans-abri/hifis-sisa/index-eng.html},
month ={jul},
lastaccessed ={Aug 22, 2024},
}

 


@online{hudhmis,
author ={US Department of Housing and Urban Development},
year = {2024},
title ={HMIS Requirements},
url ={https://www.hudexchange.info/programs/hmis/hmis-requirements/},
lastaccessed ={Aug 22, 2024},
}


@article{braunclark2006,
author = { Virginia Braun and Victoria Clarke },
title = {Using thematic analysis in psychology},
journal = {Qualitative Research in Psychology},
volume = {3},
number = {2},
pages = {77-101},
year  = {2006},
publisher = {Routledge},
doi = {10.1191/1478088706qp063oa}
}

@article{shinn22,
author = {Shinn, Marybeth and Richard, Molly K.},
title = {Allocating Homeless Services After the Withdrawal of the Vulnerability Index–Service Prioritization Decision Assistance Tool},
journal = {American Journal of Public Health},
volume = {112},
number = {3},
pages = {378-382},
year = {2022},
doi = {10.2105/AJPH.2021.306628},
note ={PMID: 35196047},
URL ={https://doi.org/10.2105/AJPH.2021.306628}
}



@online{hudselfassess,
author ={Department of Housing and Urban Development Exchange},
year = {2017},
title ={Coordinated Entry Process Self-Assessment},
url ={https://www.hudexchange.info/resource/5219/coordinated-entry-self-assessment/},
month ={mar},
lastaccessed ={August 31, 2024},
}


@article{Kryda_Compton_2009, title={Mistrust of Outreach Workers and Lack of Confidence in Available Services Among Individuals who are Chronically Street Homeless}, volume={45}, ISSN={1573-2789}, url={https://doi.org/10.1007/s10597-008-9163-6}, DOI={10.1007/s10597-008-9163-6}, number={2}, journal={Community Mental Health Journal}, author={Kryda, Aimee D. and Compton, Michael T.}, year={2009}, month=apr, pages={144–150}, language={en} }


@article{Welsh_blacklives,
author = {Megan Welsh Carroll, Shawn Teresa Flanigan and Nicolas Gutierrez III},
title = {Black Lives Experiencing Homelessness Matter: A Critical Conceptual Framework for Understanding How Policing Drives System Avoidance among Vulnerable Populations},
journal = {Public Integrity},
volume = {25},
number = {3},
pages = {285--300},
year = {2023},
publisher = {Routledge},
doi = {10.1080/10999922.2022.2090779},


URL = { https://doi.org/10.1080/10999922.2022.2090779
}
}


@article{Hoffman_coffey_dignity,
author = {Lisa Hoffman and Brian Coffey},
title = {Dignity and indignation: How people experiencing homelessness view services and providers},
journal = {The Social Science Journal},
volume = {45},
number = {2},
pages = {207--222},
year = {2008},
publisher = {Routledge},
doi = {10.1016/j.soscij.2008.03.001},
URL = {https://doi.org/10.1016/j.soscij.2008.03.001
}
}



@online{reachinghomesdirectives,
author ={Government of Canada},
year = {2023},
title ={Reaching Home: Canada’s Homelessness Strategy Directives},
url ={https://www.infrastructure.gc.ca/homelessness-sans-abri/directives-eng.html#h2.3-h3.4},
month ={jul},
lastaccessed ={August 31, 2024},
}


@online{orgcode,
author ={OrgCode},
year = {2021},
title ={A Message from OrgCode on the VI-SPDAT Moving Forward},
url ={https://www.orgcode.com/blog/a-message-from-orgcode-on-the-vi-spdat-moving-forward},
month ={jan},
lastaccessed ={aug 25, 2024},
}

@book{fricker2007epistemic,
  title={Epistemic injustice: Power and the ethics of knowing},
  author={Fricker, Miranda},
  year={2007},
  publisher={Oxford University Press}
}