@inproceedings{10.1007/978-3-642-34106-9_19,
author = {Ortner, Ronald and Ryabko, Daniil and Auer, Peter and Munos, R\'{e}mi},
title = {Regret bounds for restless markov bandits},
year = {2012},
isbn = {9783642341052},
publisher = {Springer-Verlag},
address = {Berlin, Heidelberg},
booktitle = {Proceedings of the 23rd International Conference on Algorithmic Learning Theory},
pages = {214–228},
numpages = {15},
location = {Lyon, France},
series = {ALT'12}
}

@inproceedings{10.1109/ISIT.2018.8437712,
author = {Hsu, Yu-Pin},
title = {Age of Information: Whittle Index for Scheduling Stochastic Arrivals},
year = {2018},
publisher = {IEEE Press},
pages = {2634–2638},
numpages = {5},
location = {Vail, CO, USA}
}

@INPROCEEDINGS{7852321,
  author={Kadota, Igor and Uysal-Biyikoglu, Elif and Singh, Rahul and Modiano, Eytan},
  booktitle={2016 54th Annual Allerton Conference on Communication, Control, and Computing (Allerton)}, 
  title={Minimizing the Age of Information in broadcast wireless networks}, 
  year={2016},
  pages={844-851},
 }

@article{Weber_Weiss_1990, title={On an index policy for restless bandits}, volume={27},  number={3}, journal={Journal of Applied Probability}, author={Weber, Richard R. and Weiss, Gideon}, year={1990}, pages={637–648}}

@article{akbarzadeh2023learning,
  title={On learning Whittle index policy for restless bandits with scalable regret},
  author={Akbarzadeh, Nima and Mahajan, Aditya},
  journal={IEEE Transactions on Control of Network Systems},
  year={2023},
  publisher={IEEE}
}

@inproceedings{azar2017minimax,
  title={Minimax regret bounds for reinforcement learning},
  author={Azar, Mohammad Gheshlaghi and Osband, Ian and Munos, R{\'e}mi},
  booktitle={International conference on machine learning},
  pages={263--272},
  year={2017},
  organization={PMLR}
}

@article{b0e74184-2114-3e45-b092-dfbc8fefcf91,
 ISSN = {0364765X, 15265471},
 author = {Christos H. Papadimitriou and John N. Tsitsiklis},
 journal = {Mathematics of Operations Research},
 number = {2},
 pages = {293--305},
 publisher = {INFORMS},
 title = {The Complexity of Optimal Queuing Network Control},
 volume = {24},
 year = {1999}
}

@article{brown2023fluid,
  title={Fluid policies, reoptimization, and performance guarantees in dynamic resource allocation},
  author={Brown, David B and Zhang, Jingwei},
  journal={Operations Research},
  year={2023},
  publisher={INFORMS}
}

@article{feng2024satisficing,
  title={Satisficing Exploration in Bandit Optimization},
  author={Feng, Qing and Ma, Tianyi and Zhu, Ruihao},
  journal={arXiv preprint arXiv:2406.06802},
  year={2024}
}

@article{gast2024linear,
  title={Linear program-based policies for restless bandits: Necessary and sufficient conditions for (exponentially fast) asymptotic optimality},
  author={Gast, Nicolas and Gaujal, Bruno and Yan, Chen},
  journal={Mathematics of Operations Research},
  volume={49},
  number={4},
  pages={2468--2491},
  year={2024},
  publisher={INFORMS}
}

@inproceedings{hajiabolhassan2023online,
  title={Online Regret Bounds for Satisficing in MDPs},
  author={Hajiabolhassan, Hossein and Ortner, Ronald},
  booktitle={Sixteenth European Workshop on Reinforcement Learning},
  year={2023}
}

@misc{hong2024achievingexponentialasymptoticoptimality,
      title={Achieving Exponential Asymptotic Optimality in Average-Reward Restless Bandits without Global Attractor Assumption}, 
      author={Yige Hong and Qiaomin Xie and Yudong Chen and Weina Wang},
      year={2024},
      eprint={2405.17882},
      archivePrefix={arXiv},
      primaryClass={cs.LG},
}

@article{jin2018q,
  title={Is Q-learning provably efficient?},
  author={Jin, Chi and Allen-Zhu, Zeyuan and Bubeck, Sebastien and Jordan, Michael I},
  journal={Advances in neural information processing systems},
  volume={31},
  year={2018}
}

@article{jung2019regret,
  title={Regret bounds for thompson sampling in episodic restless bandit problems},
  author={Jung, Young Hun and Tewari, Ambuj},
  journal={Advances in Neural Information Processing Systems},
  volume={32},
  year={2019}
}

@article{kakarapalli2024faster,
  title={Faster Q-Learning Algorithms for Restless Bandits},
  author={Kakarapalli, Parvish and Kayande, Devendra and Meshram, Rahul},
  journal={arXiv preprint arXiv:2409.05908},
  year={2024}
}

@inproceedings{killian2021q,
  title={Q-learning Lagrange policies for multi-action restless bandits},
  author={Killian, Jackson A and Biswas, Arpita and Shah, Sanket and Tambe, Milind},
  booktitle={Proceedings of the 27th ACM SIGKDD Conference on Knowledge Discovery \& Data Mining},
  pages={871--881},
  year={2021}
}

@article{liang2024bayesian,
  title={A bayesian approach to online learning for contextual restless bandits with applications to public health},
  author={Liang, Biyonka and Xu, Lily and Taneja, Aparna and Tambe, Milind and Janson, Lucas},
  journal={arXiv preprint arXiv:2402.04933},
  year={2024}
}

@article{michel2022regret,
  title={Regret bounds for satisficing in multi-armed bandit problems},
  author={Michel, Thomas and Hajiabolhassan, Hossein and Ortner, Ronald},
  journal={Transactions on Machine Learning Research},
  year={2022}
}

@article{tamatsukuri2019guaranteed,
  title={Guaranteed satisficing and finite regret: Analysis of a cognitive satisficing value function},
  author={Tamatsukuri, Akihiro and Takahashi, Tatsuji},
  journal={Biosystems},
  volume={180},
  pages={46--53},
  year={2019},
  publisher={Elsevier}
}

@article{verloop2016asymptotically,
  title={Asymptotically optimal priority policies for indexable and nonindexable restless bandits},
  author={Verloop, Ina Maria},
  year={2016}
}

@article{wang2020restless,
  title={Restless-UCB, an efficient and low-complexity algorithm for online restless bandits},
  author={Wang, Siwei and Huang, Longbo and Lui, John},
  journal={Advances in Neural Information Processing Systems},
  volume={33},
  pages={11878--11889},
  year={2020}
}

@inproceedings{wang2023optimistic,
  title={Optimistic whittle index policy: Online learning for restless bandits},
  author={Wang, Kai and Xu, Lily and Taneja, Aparna and Tambe, Milind},
  booktitle={Proceedings of the AAAI Conference on Artificial Intelligence},
  volume={37},
  pages={10131--10139},
  year={2023}
}

@article{whittle1988restless,
  title={Restless bandits: Activity allocation in a changing world},
  author={Whittle, Peter},
  journal={Journal of applied probability},
  volume={25},
  number={A},
  pages={287--298},
  year={1988},
  publisher={Cambridge University Press}
}

@article{xiong2022learning,
  title={Learning infinite-horizon average-reward restless multi-action bandits via index awareness},
  author={Xiong, Guojun and Wang, Shufan and Li, Jian},
  journal={Advances in Neural Information Processing Systems},
  volume={35},
  pages={17911--17925},
  year={2022}
}

@inproceedings{xiong2022reinforcement,
  title={Reinforcement learning augmented asymptotically optimal index policy for finite-horizon restless bandits},
  author={Xiong, Guojun and Li, Jian and Singh, Rahul},
  booktitle={Proceedings of the AAAI Conference on Artificial Intelligence},
  volume={36},
  pages={8726--8734},
  year={2022}
}

@article{xiong2023finite,
  title={Finite-time analysis of whittle index based Q-learning for restless multi-armed bandits with neural network function approximation},
  author={Xiong, Guojun and Li, Jian},
  journal={Advances in Neural Information Processing Systems},
  volume={36},
  pages={29048--29073},
  year={2023}
}

@article{xiong2024whittle,
  title={Whittle index-based q-learning for wireless edge caching with linear function approximation},
  author={Xiong, Guojun and Wang, Shufan and Li, Jian and Singh, Rahul},
  journal={IEEE/ACM Transactions on Networking},
  year={2024},
  publisher={IEEE}
}

@article{xiong2025finite,
  title={Finite-Horizon Single-Pull Restless Bandits: An Efficient Index Policy For Scarce Resource Allocation},
  author={Xiong, Guojun and Wang, Haichuan and Pan, Yuqi and Mandal, Saptarshi and Shah, Sanket and Boehmer, Niclas and Tambe, Milind},
  journal={arXiv preprint arXiv:2501.06103},
  year={2025}
}

@article{zhang2021restless,
  title={Restless bandits with many arms: Beating the central limit theorem},
  author={Zhang, Xiangyu and Frazier, Peter I},
  journal={arXiv preprint arXiv:2107.11911},
  year={2021}
}

