@INPROCEEDINGS{B12,
author = {Guoquan P. {Huang} and Anastasios I. {Mourikis} and Stergios I. {Roumeliotis}},
booktitle={2008 11th International Symposium on Experimental Robotics (ISER)},
title = {A First-Estimates {Jacobian} {EKF} for Improving SLAM Consistency},
year = {2008}
}

@ARTICLE{B13,
author={Joel A. {Hesch} and Dimitrios G. {Kottas} and Sean L. {Bowman} and Stergios I. {Roumeliotis}},
journal={IEEE Transactions on Robotics}, 
title={Consistency Analysis and Improvement of Vision-aided Inertial Navigation}, 
year={2014},
volume={30},
number={1},
pages={158-176},
}

@article{B14,
author = {Guoquan P. Huang and Anastasios I. Mourikis and Stergios I. Roumeliotis},
title ={Observability-based Rules for Designing Consistent {EKF SLAM} Estimators},
journal = {The International Journal of Robotics Research},
volume = {29},
number = {5},
pages = {502-528},
year = {2010},
}

@INPROCEEDINGS{B15,
author={Bailey, Tim and Nieto, Juan and Guivant, Jose and Stevens, Michael and Nebot, Eduardo},
booktitle={2006 IEEE/RSJ International Conference on Intelligent Robots and Systems}, 
title={Consistency of the {EKF-SLAM} Algorithm}, 
year={2006},
volume={},
number={},
pages={3562-3568},
}

@INPROCEEDINGS{B16,
author={{Huang, Guoquan P.} and {Mourikis, Anastasios I.} and {Roumeliotis, Stergios I.}},
booktitle={2008 IEEE International Conference on Robotics and Automation}, 
title={Analysis and improvement of the consistency of extended {Kalman} filter based {SLAM}}, 
year={2008},
volume={},
number={},
pages={473-479},
}

@INPROCEEDINGS{B18,
  author={Chen, Chuchu and Yang, Yulin and Geneva, Patrick and Huang, Guoquan},
  booktitle={2022 International Conference on Robotics and Automation (ICRA)}, 
  title={{FEJ2}: A Consistent Visual-Inertial State Estimator Design}, 
  year={2022},
  volume={},
  number={},
  pages={9506-9512},
  doi={10.1109/ICRA46639.2022.9811831}
}

@ARTICLE{B24,
  author={Huang, Shoudong and Dissanayake, Gamini},
  journal={IEEE Transactions on Robotics}, 
  title={Convergence and Consistency Analysis for Extended Kalman Filter Based SLAM}, 
  year={2007},
  volume={23},
  number={5},
  pages={1036-1049},
  doi={10.1109/TRO.2007.903811}
}

@inproceedings{B28,
  title={A counter example to the theory of simultaneous localization and map building},
  author={Julier, S. J.  and  Uhlmann, J. K. },
  booktitle={Proceedings 2001 ICRA. IEEE International Conference on Robotics and Automation (Cat. No.01CH37164)},
  year={2001},
}

@INPROCEEDINGS{B29,
  author={Zheng, H.  and  Huang, G.},
  booktitle={2018 IEEE/RSJ International Conference on Intelligent Robots and Systems (IROS)}, 
  title={Robocentric Visual-Inertial Odometry}, 
  year={2018},
  volume={},
  number={},
  pages={6319-6326},
  doi={10.1109/IROS.2018.8593643}
}

@article{B30,
  title={Robocentric visual–inertial odometry},
  author={ Zheng, H.  and  Huang, G. },
  journal={The International Journal of Robotics Research},
  volume={41},
  number={7},
  pages={667-689},
  year={2022},
}

@ARTICLE{B31,
  author={Zhang, Teng and Wu, Kanzhi and Song, Jingwei and Huang, Shoudong and Dissanayake, Gamini},
  journal={IEEE Robotics and Automation Letters}, 
  title={Convergence and Consistency Analysis for a {3-D} Invariant-{EKF} {SLAM}}, 
  year={2017},
  volume={2},
  number={2},
  pages={733-740},
  doi={10.1109/LRA.2017.2651376}
}

@INPROCEEDINGS{B32,
  author={Wu, Kanzhi and Zhang, Teng and Su, Daobilige and Huang, Shoudong and Dissanayake, Gamini},
  booktitle={2017 IEEE/RSJ International Conference on Intelligent Robots and Systems (IROS)}, 
  title={An invariant-{EKF} {VINS} algorithm for improving consistency}, 
  year={2017},
  volume={},
  number={},
  pages={1578-1585},
  doi={10.1109/IROS.2017.8205965}}

@ARTICLE{B33,
  author={Yang, Yulin and Chen, Chuchu and Lee, Woosik and Huang, Guoquan},
  journal={IEEE Robotics and Automation Letters}, 
  title={Decoupled Right Invariant Error States for Consistent Visual-Inertial Navigation}, 
  year={2022},
  volume={7},
  number={2},
  pages={1627-1634},
  doi={10.1109/LRA.2021.3140054}
}

@article{B34,
  title={High-precision, consistent EKF-based visual-inertial odometry},
  author={Li, M.  and  Mourikis, A. I.},
  journal={The International Journal of Robotics Research},
  volume={32},
  number={6},
  pages={690-711},
  year={2013},
}

@ARTICLE{B41,
  author={Sun, Ke and Mohta, Kartik and Pfrommer, Bernd and Watterson, Michael and Liu, Sikang and Mulgaonkar, Yash and Taylor, Camillo J. and Kumar, Vijay},
  journal={IEEE Robotics and Automation Letters}, 
  title={Robust Stereo Visual Inertial Odometry for Fast Autonomous Flight}, 
  year={2018},
  volume={3},
  number={2},
  pages={965-972},
  doi={10.1109/LRA.2018.2793349}
}

@INPROCEEDINGS{B42,
  author={Mourikis, Anastasios I. and Roumeliotis, Stergios I.},
  booktitle={Proceedings 2007 IEEE International Conference on Robotics and Automation}, 
  title={A Multi-State Constraint Kalman Filter for Vision-aided Inertial Navigation}, 
  year={2007},
  volume={},
  number={},
  pages={3565-3572},
  doi={10.1109/ROBOT.2007.364024}
}

@INPROCEEDINGS{B43,
  author={Hao, Ning and He, Fenghua and Tian, Chungeng and Yao, Yu and Xia, Weilong},
  booktitle={2023 IEEE/RSJ International Conference on Intelligent Robots and Systems (IROS)}, 
  title={{KD-EKF}: A Consistent Cooperative Localization Estimator Based on Kalman Decomposition}, 
  year={2023},
  volume={},
  number={},
  pages={11064-11070}
}

@ARTICLE{B44,
  author={Barrau, Axel and Bonnabel, Silvère},
  journal={IEEE Transactions on Automatic Control}, 
  title={The Invariant Extended Kalman Filter as a Stable Observer}, 
  year={2017},
  volume={62},
  number={4},
  pages={1797-1812},
  doi={10.1109/TAC.2016.2594085}
}

@ARTICLE{B45,
  author={Barrau, Axel and Bonnabel, Silvere},
  journal={Annual Review of Control, Robotics, and Autonomous Systems},
  title={Invariant Kalman filtering},
  year={2018},
  volume={1},
  pages={237--257}
}

@article{B46,
author = {Ross Hartley and Maani Ghaffari and Ryan M Eustice and Jessy W Grizzle},
title ={Contact-aided invariant extended Kalman filtering for robot state estimation},
journal = {The International Journal of Robotics Research},
volume = {39},
number = {4},
pages = {402-430},
year = {2020},
doi = {10.1177/0278364919894385}
}

@article{B47,
      title={An {EKF-SLAM} algorithm with consistency properties}, 
      author={Axel Barrau and Silvere Bonnabel},
      journal={arXiv preprint arXiv:1510.06263},
      year={2016},
      eprint={1510.06263},
      archivePrefix={arXiv},
      primaryClass={cs.RO}
}

@INPROCEEDINGS{B48,
  author={Goor, Pieter van and Mahony, Robert},
  booktitle={2021 IEEE International Conference on Robotics and Automation (ICRA)}, 
  title={An Equivariant Filter for Visual Inertial Odometry}, 
  year={2021},
  volume={},
  number={},
  pages={14432-14438},
  doi={10.1109/ICRA48506.2021.9561769}
}

@ARTICLE{B49,
  author={van Goor, Pieter and Hamel, Tarek and Mahony, Robert},
  journal={IEEE Transactions on Automatic Control}, 
  title={Equivariant Filter ({EqF})}, 
  year={2023},
  volume={68},
  number={6},
  pages={3501-3512},
  doi={10.1109/TAC.2022.3194094}
}

@ARTICLE{B50,
  author={van Goor, Pieter and Mahony, Robert},
  journal={IEEE Transactions on Robotics}, 
  title={{EqVIO}: An Equivariant Filter for Visual-Inertial Odometry}, 
  year={2023},
  volume={39},
  number={5},
  pages={3567-3585},
  doi={10.1109/TRO.2023.3289587}
}

@article{B51,
    title = {Constructive observer design for Visual Simultaneous Localisation and Mapping},
    journal = {Automatica},
    author = {Pieter {van Goor} and Robert Mahony and Tarek Hamel and Jochen Trumpf},    
    volume = {132},
    pages = {109803},
    year = {2021},
    issn = {0005-1098},
    doi = {https://doi.org/10.1016/j.automatica.2021.109803}
}

@article{B53,
  title={{IEKF-based} Visual-Inertial Odometry using Direct Photometric Feedback},
  author={Michael Bloesch and Michael Burri and Sammy Omari and Marco Hutter and Roland Y. Siegwart},
  journal={The International Journal of Robotics Research},
  year={2017},
  volume={36},
  pages={1053-1072}
}

@article{B54,
  title={Robust visual inertial odometry using a direct {EKF-based} approach},
  author={Michael Bloesch and Sammy Omari and Marco Hutter and Roland Y. Siegwart},
  journal={2015 IEEE/RSJ International Conference on Intelligent Robots and Systems (IROS)},
  year={2015},
  pages={298-304}
}

@article{B55,
title = {Robocentric map joining: Improving the consistency of {EKF-SLAM}},
journal = {Robotics and Autonomous Systems},
author = {J.A. Castellanos and R. Martinez-Cantin and J.D. Tardós and J. Neira},
volume = {55},
number = {1},
pages = {21-29},
year = {2007},
note = {Simultaneous Localisation and Map Building},
issn = {0921-8890},
doi = {https://doi.org/10.1016/j.robot.2006.06.005}
}

@ARTICLE{B57,
  author={Heo, Sejong and Park, Chan Gook},
  journal={IEEE Sensors Journal}, 
  title={Consistent {EKF}-Based Visual-Inertial Odometry on Matrix Lie Group}, 
  year={2018},
  volume={18},
  number={9},
  pages={3780-3788},
  doi={10.1109/JSEN.2018.2808330}
}

@INPROCEEDINGS{B58,
  author={Huang, Guoquan and Kaess, Michael and Leonard, John J.},
  booktitle={2014 IEEE International Conference on Robotics and Automation (ICRA)}, 
  title={Towards consistent visual-inertial navigation}, 
  year={2014},
  volume={},
  number={},
  pages={4926-4933},
  doi={10.1109/ICRA.2014.6907581}
}

@article{B59,
author = {Juan D. Tardós and José Neira and Paul M. Newman and John J. Leonard},
title ={Robust Mapping and Localization in Indoor Environments Using Sonar Data},
journal = {The International Journal of Robotics Research},
volume = {21},
number = {4},
pages = {311-330},
year = {2002},
doi = {10.1177/027836402320556340}
}

@article{B6,
  title={Camera-{IMU}-based Localization: Observability analysis and consistency improvement},
  author={Hesch, Joel A and Kottas, Dimitrios G and Bowman, Sean L and Roumeliotis, Stergios I},
  journal={The International Journal of Robotics Research},
  volume={33},
  number={1},
  pages={182--201},
  year={2014},
  publisher={SAGE Publications Sage UK: London, England}
}

@ARTICLE{B69,
  author={Hao, Ning and He, Fenghua and Tian, Chungeng and Hou, Yi},
  journal={IEEE Robotics and Automation Letters}, 
  title={On the Consistency of Multi-Robot Cooperative Localization: A Transformation-Based Approach}, 
  year={2025},
  volume={10},
  number={1},
  pages={280-287},
}

@inproceedings{B7,
  title={On the consistency of multi-robot cooperative localization.},
  author={Huang, Guoquan P and Trawny, Nikolas and Mourikis, Anastasios I and Roumeliotis, Stergios I},
  booktitle={Robotics: Science and Systems},
  pages={65--72},
  year={2009}
}

@ARTICLE{B70,
  author={Tian, Chungeng and Hao, Ning and He, Fenghua},
  journal={IEEE Robotics and Automation Letters}, 
  title={{T-ESKF}: Transformed Error-State Kalman Filter for Consistent Visual-Inertial Navigation}, 
  year={2025},
  volume={10},
  number={2},
  pages={1808-1815}
}

@inproceedings{B74,
  title={Visual-inertial state estimation with decoupled error and state representations},
  author={Chen, Chuchu and Peng, Yuxiang and Huang, Guoquan},
  booktitle={Proceedings of the International Workshop on the Algorithmic Foundations of Robotics (WAFR)}, 
  year={2024}
}

@ARTICLE{B77,
  author={Fornasier, Alessandro and van Goor, Pieter and Allak, Eren and Mahony, Robert and Weiss, Stephan},
  journal={IEEE Robotics and Automation Letters}, 
  title={{MSCEqF}: A Multi State Constraint Equivariant Filter for Vision-Aided Inertial Navigation}, 
  year={2024},
  volume={9},
  number={1},
  pages={731-738}
}

@article{B8,
title={Observability-based consistent {EKF} estimators for multi-robot cooperative localization},
author={Guoquan P {Huang} and Nikolas {Trawny} and Anastasios I {Mourikis} and Stergios I {Roumeliotis}},
journal={Autonomous Robots},
volume={30},
number={1},
pages={99--122},
year={2011},
publisher={Springer},
}

