@book{B79,
  title={Matrix Differential Calculus with Applications in Statistics and Econometrics (Revised Edition)},
  author={Jan R. Magnus and Heinz Neudecker},
  year={1999},
  publisher = {Wiley}
}
}
#  title     = {Vector-Valued Functions and their Applications},
#  author    = {Chuan-Gan Hu and Chung-Chun Yang},
#  year      = {1992},
#  publisher = {Springer Dordrecht}}

@ARTICLE{B78,
  author={Song, Yang and Zhang, Zhuqing and Wu, Jun and Wang, Yue and Zhao, Liang and Huang, Shoudong},
  journal={IEEE Robotics and Automation Letters}, 
  title={A Right Invariant Extended Kalman Filter for Object Based {SLAM}}, 
  year={2022},
  volume={7},
  number={2},
  pages={1316-1323}
}

@ARTICLE{B77,
  author={Fornasier, Alessandro and van Goor, Pieter and Allak, Eren and Mahony, Robert and Weiss, Stephan},
  journal={IEEE Robotics and Automation Letters}, 
  title={{MSCEqF}: A Multi State Constraint Equivariant Filter for Vision-Aided Inertial Navigation}, 
  year={2024},
  volume={9},
  number={1},
  pages={731-738}
}

@ARTICLE{B76,
  author={Zhang, Zhuqing and Jiao, Yanmei and Huang, Shoudong and Xiong, Rong and Wang, Yue},
  journal={IEEE Robotics and Automation Letters}, 
  title={Map-Based Visual-Inertial Localization: Consistency and Complexity}, 
  year={2023},
  volume={8},
  number={3},
  pages={1407-1414}
}

@ARTICLE{B75,
  author={Zhang, Zhuqing and Song, Yang and Huang, Shoudong and Xiong, Rong and Wang, Yue},
  journal={IEEE Transactions on Robotics}, 
  title={Toward Consistent and Efficient Map-Based Visual-Inertial Localization: Theory Framework and Filter Design}, 
  year={2023},
  volume={39},
  number={4},
  pages={2892-2911}
}

@inproceedings{B74,
  title={Visual-inertial state estimation with decoupled error and state representations},
  author={Chen, Chuchu and Peng, Yuxiang and Huang, Guoquan},
  booktitle={Proceedings of the International Workshop on the Algorithmic Foundations of Robotics (WAFR)}, 
  year={2024}
}

@INPROCEEDINGS{B73,
  author={Schubert, David and Goll, Thore and Demmel, Nikolaus and Usenko, Vladyslav and Stückler, Jörg and Cremers, Daniel},
  booktitle={2018 IEEE/RSJ International Conference on Intelligent Robots and Systems (IROS)}, 
  title={The {TUM VI} Benchmark for Evaluating Visual-Inertial Odometry}, 
  year={2018},
  volume={},
  number={},
  pages={1680-1687}
}

@article{B72,
  title={The {EuRoC} micro aerial vehicle datasets},
  author={Michael Burri and Janosch Nikolic and Pascal Gohl and Thomas Schneider and J{\"o}rn Rehder and Sammy Omari and Markus Achtelik and Roland Y. Siegwart},
  journal={The International Journal of Robotics Research},
  year={2016},
  volume={35},
  pages={1157 - 1163}
}

@article{B71,
  author={Forster, Christian and Carlone, Luca and Dellaert, Frank and Scaramuzza, Davide},
  journal={IEEE Transactions on Robotics}, 
  title={On-Manifold Preintegration for Real-Time Visual--Inertial Odometry}, 
  year={2017},
  volume={33},
  number={1},
  pages={1-21},
}

@ARTICLE{B70,
  author={Tian, Chungeng and Hao, Ning and He, Fenghua},
  journal={IEEE Robotics and Automation Letters}, 
  title={{T-ESKF}: Transformed Error-State Kalman Filter for Consistent Visual-Inertial Navigation}, 
  year={2025},
  volume={10},
  number={2},
  pages={1808-1815}
}

@ARTICLE{B69,
  author={Hao, Ning and He, Fenghua and Tian, Chungeng and Hou, Yi},
  journal={IEEE Robotics and Automation Letters}, 
  title={On the Consistency of Multi-Robot Cooperative Localization: A Transformation-Based Approach}, 
  year={2025},
  volume={10},
  number={1},
  pages={280-287},
}

@article{B68,
author = {Jikuya, Ichiro and Hodaka, Ichijo},
title = {Kalman Canonical Decomposition of Linear Time-Varying Systems},
journal = {SIAM Journal on Control and Optimization},
volume = {52},
number = {1},
pages = {274-310},
year = {2014},
}

@article{B67,
title = {Towards consistent filtering for discrete-time partially-observable nonlinear systems},
journal = {Systems \& Control Letters},
volume = {106},
pages = {87-95},
year = {2017},
author = {Guoquan Huang},
}

@article{B66,
  title={FUEL: Fast UAV Exploration Using Incremental Frontier Structure and Hierarchical Planning},
  author={Zhou, Boyu and Zhang, Yichen and Chen, Xinyi and Shen, Shaojie},
  journal={IEEE Robotics and Automation Letters},
  volume={6},
  number={2},
  pages={779--786},
  year={2021},
  publisher={IEEE}
}

@ARTICLE{B65,
  author={Zhu, Jianan and Kia, Solmaz S.},
  journal={IEEE Transactions on Robotics}, 
  title={Cooperative Localization Under Limited Connectivity}, 
  year={2019},
  volume={35},
  number={6},
  pages={1523-1530},
  doi={10.1109/TRO.2019.2930404}
}

@ARTICLE{B64,
  author={Kia, Solmaz S. and Hechtbauer, Jonathan and Gogokhiya, David and Martínez, Sonia},
  journal={IEEE Transactions on Robotics}, 
  title={Server-Assisted Distributed Cooperative Localization Over Unreliable Communication Links}, 
  year={2018},
  volume={34},
  number={5},
  pages={1392-1399},
  doi={10.1109/TRO.2018.2830411}
}

@ARTICLE{B63,
  author={Brossard, Martin and Barrau, Axel and Bonnabel, Silvère},
  journal={IEEE Sensors Journal}, 
  title={Exploiting Symmetries to Design EKFs With Consistency Properties for Navigation and SLAM}, 
  year={2019},
  volume={19},
  number={4},
  pages={1572-1579},
  doi={10.1109/JSEN.2018.2882714}
}

@INPROCEEDINGS{B62,
  author={Mahony, Robert and Hamel, Tarek},
  booktitle={2017 IEEE 56th Annual Conference on Decision and Control (CDC)}, 
  title={A geometric nonlinear observer for simultaneous localisation and mapping}, 
  year={2017},
  volume={},
  number={},
  pages={2408-2415},
  doi={10.1109/CDC.2017.8264002}
}

@INPROCEEDINGS{B61,
  author={Goor, Pieter van and Mahony, Robert and Hamel, Tarek and Trumpf, Jochen},
  booktitle={2019 IEEE 58th Conference on Decision and Control (CDC)}, 
  title={A Geometric Observer Design for Visual Localisation and Mapping}, 
  year={2019},
  volume={},
  number={},
  pages={2543-2549},
  doi={10.1109/CDC40024.2019.9029435}
}

@ARTICLE{B60,
  author={Fornasier, Alessandro and Ng, Yonhon and Brommer, Christian and Böhm, Christoph and Mahony, Robert and Weiss, Stephan},
  journal={IEEE Robotics and Automation Letters}, 
  title={Overcoming Bias: Equivariant Filter Design for Biased Attitude Estimation With Online Calibration}, 
  year={2022},
  volume={7},
  number={4},
  pages={12118-12125},
  doi={10.1109/LRA.2022.3210867}
}

@article{B59,
author = {Juan D. Tardós and José Neira and Paul M. Newman and John J. Leonard},
title ={Robust Mapping and Localization in Indoor Environments Using Sonar Data},
journal = {The International Journal of Robotics Research},
volume = {21},
number = {4},
pages = {311-330},
year = {2002},
doi = {10.1177/027836402320556340}
}

@INPROCEEDINGS{B58,
  author={Huang, Guoquan and Kaess, Michael and Leonard, John J.},
  booktitle={2014 IEEE International Conference on Robotics and Automation (ICRA)}, 
  title={Towards consistent visual-inertial navigation}, 
  year={2014},
  volume={},
  number={},
  pages={4926-4933},
  doi={10.1109/ICRA.2014.6907581}
}

@ARTICLE{B57,
  author={Heo, Sejong and Park, Chan Gook},
  journal={IEEE Sensors Journal}, 
  title={Consistent {EKF}-Based Visual-Inertial Odometry on Matrix Lie Group}, 
  year={2018},
  volume={18},
  number={9},
  pages={3780-3788},
  doi={10.1109/JSEN.2018.2808330}
}

@ARTICLE{B56,
  author={Lisus, Daniil and Cohen, Mitchell and Forbes, James Richard},
  journal={IEEE Robotics and Automation Letters}, 
  title={Know What You Don't Know: Consistency in Sliding Window Filtering With Unobservable States Applied to Visual-Inertial SLAM}, 
  year={2023},
  volume={8},
  number={6},
  pages={3382-3389},
  doi={10.1109/LRA.2023.3268043}
}

@article{B55,
title = {Robocentric map joining: Improving the consistency of {EKF-SLAM}},
journal = {Robotics and Autonomous Systems},
author = {J.A. Castellanos and R. Martinez-Cantin and J.D. Tardós and J. Neira},
volume = {55},
number = {1},
pages = {21-29},
year = {2007},
note = {Simultaneous Localisation and Map Building},
issn = {0921-8890},
doi = {https://doi.org/10.1016/j.robot.2006.06.005}
}

@article{B54,
  title={Robust visual inertial odometry using a direct {EKF-based} approach},
  author={Michael Bloesch and Sammy Omari and Marco Hutter and Roland Y. Siegwart},
  journal={2015 IEEE/RSJ International Conference on Intelligent Robots and Systems (IROS)},
  year={2015},
  pages={298-304}
}

@article{B53,
  title={{IEKF-based} Visual-Inertial Odometry using Direct Photometric Feedback},
  author={Michael Bloesch and Michael Burri and Sammy Omari and Marco Hutter and Roland Y. Siegwart},
  journal={The International Journal of Robotics Research},
  year={2017},
  volume={36},
  pages={1053-1072}
}

@INPROCEEDINGS{B52,
  author={Mahony, Robert and Hamel, Tarek},
  booktitle={2017 IEEE 56th Annual Conference on Decision and Control (CDC)}, 
  title={A geometric nonlinear observer for simultaneous localisation and mapping}, 
  year={2017},
  volume={},
  number={},
  pages={2408-2415},
  doi={10.1109/CDC.2017.8264002}
}

@article{B51,
    title = {Constructive observer design for Visual Simultaneous Localisation and Mapping},
    journal = {Automatica},
    author = {Pieter {van Goor} and Robert Mahony and Tarek Hamel and Jochen Trumpf},    
    volume = {132},
    pages = {109803},
    year = {2021},
    issn = {0005-1098},
    doi = {https://doi.org/10.1016/j.automatica.2021.109803}
}


@ARTICLE{B50,
  author={van Goor, Pieter and Mahony, Robert},
  journal={IEEE Transactions on Robotics}, 
  title={{EqVIO}: An Equivariant Filter for Visual-Inertial Odometry}, 
  year={2023},
  volume={39},
  number={5},
  pages={3567-3585},
  doi={10.1109/TRO.2023.3289587}
}

@ARTICLE{B49,
  author={van Goor, Pieter and Hamel, Tarek and Mahony, Robert},
  journal={IEEE Transactions on Automatic Control}, 
  title={Equivariant Filter ({EqF})}, 
  year={2023},
  volume={68},
  number={6},
  pages={3501-3512},
  doi={10.1109/TAC.2022.3194094}
}

@INPROCEEDINGS{B48,
  author={Goor, Pieter van and Mahony, Robert},
  booktitle={2021 IEEE International Conference on Robotics and Automation (ICRA)}, 
  title={An Equivariant Filter for Visual Inertial Odometry}, 
  year={2021},
  volume={},
  number={},
  pages={14432-14438},
  doi={10.1109/ICRA48506.2021.9561769}
}

@article{B47,
      title={An {EKF-SLAM} algorithm with consistency properties}, 
      author={Axel Barrau and Silvere Bonnabel},
      journal={arXiv preprint arXiv:1510.06263},
      year={2016},
      eprint={1510.06263},
      archivePrefix={arXiv},
      primaryClass={cs.RO}
}

@article{B46,
author = {Ross Hartley and Maani Ghaffari and Ryan M Eustice and Jessy W Grizzle},
title ={Contact-aided invariant extended Kalman filtering for robot state estimation},
journal = {The International Journal of Robotics Research},
volume = {39},
number = {4},
pages = {402-430},
year = {2020},
doi = {10.1177/0278364919894385}
}


@ARTICLE{B45,
  author={Barrau, Axel and Bonnabel, Silvere},
  journal={Annual Review of Control, Robotics, and Autonomous Systems},
  title={Invariant Kalman filtering},
  year={2018},
  volume={1},
  pages={237--257}
}

@ARTICLE{B44,
  author={Barrau, Axel and Bonnabel, Silvère},
  journal={IEEE Transactions on Automatic Control}, 
  title={The Invariant Extended Kalman Filter as a Stable Observer}, 
  year={2017},
  volume={62},
  number={4},
  pages={1797-1812},
  doi={10.1109/TAC.2016.2594085}
}

@INPROCEEDINGS{B43,
  author={Hao, Ning and He, Fenghua and Tian, Chungeng and Yao, Yu and Xia, Weilong},
  booktitle={2023 IEEE/RSJ International Conference on Intelligent Robots and Systems (IROS)}, 
  title={{KD-EKF}: A Consistent Cooperative Localization Estimator Based on Kalman Decomposition}, 
  year={2023},
  volume={},
  number={},
  pages={11064-11070}
}

@INPROCEEDINGS{B42,
  author={Mourikis, Anastasios I. and Roumeliotis, Stergios I.},
  booktitle={Proceedings 2007 IEEE International Conference on Robotics and Automation}, 
  title={A Multi-State Constraint Kalman Filter for Vision-aided Inertial Navigation}, 
  year={2007},
  volume={},
  number={},
  pages={3565-3572},
  doi={10.1109/ROBOT.2007.364024}
}

@ARTICLE{B41,
  author={Sun, Ke and Mohta, Kartik and Pfrommer, Bernd and Watterson, Michael and Liu, Sikang and Mulgaonkar, Yash and Taylor, Camillo J. and Kumar, Vijay},
  journal={IEEE Robotics and Automation Letters}, 
  title={Robust Stereo Visual Inertial Odometry for Fast Autonomous Flight}, 
  year={2018},
  volume={3},
  number={2},
  pages={965-972},
  doi={10.1109/LRA.2018.2793349}
}

@article{B40,
  title={Indirect Kalman filter for 3D Attitude Estimation},
  author={Trawny, N.  and  Roumeliotis, S. I.},
  year={2005},
}

@article{B39,
  title={Quaternion kinematics for the error-state Kalman filter},
  author={Joan Sol{\`a}},
  journal={ArXiv},
  year={2017},
  volume={abs/1711.02508}
}

@article{B38,
  title={Kalman Canonical Decomposition of Linear Time-Varying Systems},
  author={Ichiro Jikuya and Ichijo Hodaka},
  journal={SIAM Journal on Control and Optimization},
  year={2014},
  volume={52},
  pages={274-310},
}

@INPROCEEDINGS{B36,
  author={Guoquan P. {Huang} },
  booktitle={2019 International Conference on Robotics and Automation (ICRA)}, 
  title={Visual-Inertial Navigation: A Concise Review}, 
  year={2019},
  volume={},
  number={},
  pages={9572-9582},
  doi={10.1109/ICRA.2019.8793604},
}

@ARTICLE{B37,
  author={Huang, Guoquan },
  title={Improving the consistency of nonlinear estimators: analysis, algorithms, and applications},
  journal={Ph.D. dissertation, Department of Computer Science and Engineering, University of Minnesota},
  year={2012},
}

@INPROCEEDINGS{B35,
  author={Zhang, Zichao and Scaramuzza, Davide},
  booktitle={2018 IEEE/RSJ International Conference on Intelligent Robots and Systems (IROS)}, 
  title={A Tutorial on Quantitative Trajectory Evaluation for Visual(-Inertial) Odometry}, 
  year={2018},
  volume={},
  number={},
  pages={7244-7251},
  doi={10.1109/IROS.2018.8593941}
}

@article{B34,
  title={High-precision, consistent EKF-based visual-inertial odometry},
  author={Li, M.  and  Mourikis, A. I.},
  journal={The International Journal of Robotics Research},
  volume={32},
  number={6},
  pages={690-711},
  year={2013},
}

@ARTICLE{B33,
  author={Yang, Yulin and Chen, Chuchu and Lee, Woosik and Huang, Guoquan},
  journal={IEEE Robotics and Automation Letters}, 
  title={Decoupled Right Invariant Error States for Consistent Visual-Inertial Navigation}, 
  year={2022},
  volume={7},
  number={2},
  pages={1627-1634},
  doi={10.1109/LRA.2021.3140054}
}

@INPROCEEDINGS{B32,
  author={Wu, Kanzhi and Zhang, Teng and Su, Daobilige and Huang, Shoudong and Dissanayake, Gamini},
  booktitle={2017 IEEE/RSJ International Conference on Intelligent Robots and Systems (IROS)}, 
  title={An invariant-{EKF} {VINS} algorithm for improving consistency}, 
  year={2017},
  volume={},
  number={},
  pages={1578-1585},
  doi={10.1109/IROS.2017.8205965}}
  
@ARTICLE{B31,
  author={Zhang, Teng and Wu, Kanzhi and Song, Jingwei and Huang, Shoudong and Dissanayake, Gamini},
  journal={IEEE Robotics and Automation Letters}, 
  title={Convergence and Consistency Analysis for a {3-D} Invariant-{EKF} {SLAM}}, 
  year={2017},
  volume={2},
  number={2},
  pages={733-740},
  doi={10.1109/LRA.2017.2651376}
}

@article{B30,
  title={Robocentric visual–inertial odometry},
  author={ Zheng, H.  and  Huang, G. },
  journal={The International Journal of Robotics Research},
  volume={41},
  number={7},
  pages={667-689},
  year={2022},
}

@INPROCEEDINGS{B29,
  author={Zheng, H.  and  Huang, G.},
  booktitle={2018 IEEE/RSJ International Conference on Intelligent Robots and Systems (IROS)}, 
  title={Robocentric Visual-Inertial Odometry}, 
  year={2018},
  volume={},
  number={},
  pages={6319-6326},
  doi={10.1109/IROS.2018.8593643}
}

@inproceedings{B28,
  title={A counter example to the theory of simultaneous localization and map building},
  author={Julier, S. J.  and  Uhlmann, J. K. },
  booktitle={Proceedings 2001 ICRA. IEEE International Conference on Robotics and Automation (Cat. No.01CH37164)},
  year={2001},
}

@article{B27,
  title={Predicting the Performance of Cooperative Simultaneous Localization and Mapping (C-SLAM)},
  author={Mourikis, Ai  and  Roumeliotis, Si },
  journal={International Journal of Robotics Research},
  volume={25},
  number={12},
  pages={1273-1286},
  year={2006},
}

@INPROCEEDINGS{B26,
  author={Nerurkar, Esha D. and Roumeliotis, Stergios I. and Martinelli, Agostino},
  booktitle={2009 IEEE International Conference on Robotics and Automation}, 
  title={Distributed maximum a posteriori estimation for multi-robot cooperative localization}, 
  year={2009},
  volume={},
  number={},
  pages={1402-1409},
  doi={10.1109/ROBOT.2009.5152398}
}

@INPROCEEDINGS{B25,
  author={Bahr, Alexander and Walter, Matthew R. and Leonard, John J.},
  booktitle={2009 IEEE International Conference on Robotics and Automation}, 
  title={Consistent cooperative localization}, 
  year={2009},
  volume={},
  number={},
  pages={3415-3422},
  doi={10.1109/ROBOT.2009.5152859}
}

@ARTICLE{B24,
  author={Huang, Shoudong and Dissanayake, Gamini},
  journal={IEEE Transactions on Robotics}, 
  title={Convergence and Consistency Analysis for Extended Kalman Filter Based SLAM}, 
  year={2007},
  volume={23},
  number={5},
  pages={1036-1049},
  doi={10.1109/TRO.2007.903811}
}

@INPROCEEDINGS{B23,
  author={Zhu, Pengxiang and Geneva, Patrick and Ren, Wei and Huang, Guoquan},
  booktitle={2021 IEEE/RSJ International Conference on Intelligent Robots and Systems (IROS)}, 
  title={Distributed Visual-Inertial Cooperative Localization}, 
  year={2021},
  volume={},
  number={},
  pages={8714-8721},
  doi={10.1109/IROS51168.2021.9636031}
}

@INPROCEEDINGS{B22,
  author={Carrillo-Arce, Luis C. and Nerurkar, Esha D. and Gordillo, José L. and Roumeliotis, Stergios I.},
  booktitle={2013 IEEE/RSJ International Conference on Intelligent Robots and Systems}, 
  title={Decentralized multi-robot cooperative localization using covariance intersection}, 
  year={2013},
  volume={},
  number={},
  pages={1412-1417},
  doi={10.1109/IROS.2013.6696534}
}

@ARTICLE{B21,
  author={Chang, Tsang-Kai and Chen, Kenny and Mehta, Ankur},
  journal={IEEE Transactions on Robotics}, 
  title={Resilient and Consistent Multirobot Cooperative Localization With Covariance Intersection}, 
  year={2022},
  volume={38},
  number={1},
  pages={197-208},
  doi={10.1109/TRO.2021.3104965}
}

@inproceedings{B20,
title={Adaptive Control},
author={{\AA}str{\"o}m, K. J. and B. {Wittenmark}},
year={2013},
address={Mineola, NY},
publisher={Courier Corporation},
}

@inproceedings{B19,
  title={Detection, Estimation, and Modulation Theory, {Part I}},
  author={Harry L. Van Trees and KRISTINE L. BELL},
  year={2013},
  publisher={John Wiley \& Sons}
}

@INPROCEEDINGS{B18,
  author={Chen, Chuchu and Yang, Yulin and Geneva, Patrick and Huang, Guoquan},
  booktitle={2022 International Conference on Robotics and Automation (ICRA)}, 
  title={{FEJ2}: A Consistent Visual-Inertial State Estimator Design}, 
  year={2022},
  volume={},
  number={},
  pages={9506-9512},
  doi={10.1109/ICRA46639.2022.9811831}
}

@article{B17,
title = {Nonlinear observability analysis of multi-robot cooperative localization},
journal = {Systems \& Control Letters},
volume = {168},
pages = {105340},
year = {2022},
issn = {0167-6911},
author = {Ning Hao and Fenghua He and Chen Xie and Chungeng Tian and Yu Yao}
}

@INPROCEEDINGS{B16,
author={{Huang, Guoquan P.} and {Mourikis, Anastasios I.} and {Roumeliotis, Stergios I.}},
booktitle={2008 IEEE International Conference on Robotics and Automation}, 
title={Analysis and improvement of the consistency of extended {Kalman} filter based {SLAM}}, 
year={2008},
volume={},
number={},
pages={473-479},
}

@INPROCEEDINGS{B15,
author={Bailey, Tim and Nieto, Juan and Guivant, Jose and Stevens, Michael and Nebot, Eduardo},
booktitle={2006 IEEE/RSJ International Conference on Intelligent Robots and Systems}, 
title={Consistency of the {EKF-SLAM} Algorithm}, 
year={2006},
volume={},
number={},
pages={3562-3568},
}

@article{B14,
author = {Guoquan P. Huang and Anastasios I. Mourikis and Stergios I. Roumeliotis},
title ={Observability-based Rules for Designing Consistent {EKF SLAM} Estimators},
journal = {The International Journal of Robotics Research},
volume = {29},
number = {5},
pages = {502-528},
year = {2010},
}

@ARTICLE{B13,
author={Joel A. {Hesch} and Dimitrios G. {Kottas} and Sean L. {Bowman} and Stergios I. {Roumeliotis}},
journal={IEEE Transactions on Robotics}, 
title={Consistency Analysis and Improvement of Vision-aided Inertial Navigation}, 
year={2014},
volume={30},
number={1},
pages={158-176},
}

@INPROCEEDINGS{B12,
author = {Guoquan P. {Huang} and Anastasios I. {Mourikis} and Stergios I. {Roumeliotis}},
booktitle={2008 11th International Symposium on Experimental Robotics (ISER)},
title = {A First-Estimates {Jacobian} {EKF} for Improving SLAM Consistency},
year = {2008}
}

@INPROCEEDINGS{B11,
author={Hao, Ning and Yi, Hou and Tian, Chungeng and Yao, Haodi and He, Fenghua},
booktitle={2021 40th Chinese Control Conference (CCC)}, 
title={A Distributed-Centralized Dynamic Task Allocation Algorithm for UAVs Tracking Moving Targets}, 
year={2021},
volume={},
number={},
pages={3774-3779},
doi={10.23919/CCC52363.2021.9549651}
}

@inproceedings{B10,
  title={Discrete-Time Linear Systems: {theory} and Design with Applications},
  author={Guoxiang Gu},
  year={2012},
  publisher={Springer Science \& Business Media},
}

@article{B9,
title = {Range-based target localization and pursuit with autonomous vehicles: An approach using posterior CRLB and model predictive control},
journal = {Robotics and Autonomous Systems},
volume = {132},
pages = {103608},
year = {2020},
issn = {0921-8890},
author = {Nguyen T. Hung and N. Crasta and David Moreno-Salinas and António M. Pascoal and Tor A. Johansen},
}

@article{B8,
title={Observability-based consistent {EKF} estimators for multi-robot cooperative localization},
author={Guoquan P {Huang} and Nikolas {Trawny} and Anastasios I {Mourikis} and Stergios I {Roumeliotis}},
journal={Autonomous Robots},
volume={30},
number={1},
pages={99--122},
year={2011},
publisher={Springer},
}

@inproceedings{B7,
  title={On the consistency of multi-robot cooperative localization.},
  author={Huang, Guoquan P and Trawny, Nikolas and Mourikis, Anastasios I and Roumeliotis, Stergios I},
  booktitle={Robotics: Science and Systems},
  pages={65--72},
  year={2009}
}

@article{B6,
  title={Camera-{IMU}-based Localization: Observability analysis and consistency improvement},
  author={Hesch, Joel A and Kottas, Dimitrios G and Bowman, Sean L and Roumeliotis, Stergios I},
  journal={The International Journal of Robotics Research},
  volume={33},
  number={1},
  pages={182--201},
  year={2014},
  publisher={SAGE Publications Sage UK: London, England}
}

@ARTICLE{B5,
  author={Tichavsky, P. and Muravchik, C.H. and Nehorai, A.},
  journal={IEEE Transactions on Signal Processing}, 
  title={Posterior Cramer-Rao bounds for discrete-time nonlinear filtering}, 
  year={1998},
  volume={46},
  number={5},
  pages={1386-1396},
  doi={10.1109/78.668800}
}

@ARTICLE{B4,
  author={Qin, Tong and Li, Peiliang and Shen, Shaojie},
  journal={IEEE Transactions on Robotics}, 
  title={VINS-Mono: A Robust and Versatile Monocular Visual-Inertial State Estimator}, 
  year={2018},
  volume={34},
  number={4},
  pages={1004-1020},
  doi={10.1109/TRO.2018.2853729}
}

@article{B3,
  title={The {UTIAS} multi-robot cooperative localization and mapping dataset},
  author={Leung, Keith Yk  and  Halpern, Yoni  and  Barfoot, Timothy D  and  Liu, Hugh Ht },
  journal={International Journal of Robotics Research},
  volume={30},
  number={8},
  pages={969-974},
  year={2011},
}

@inproceedings{B2,
  title={Estimation with Applications to Tracking and Navigation},
  author={Yaakov Bar-Shalom and Thia Kirubarajan and X. Rong Li},
  year={2001},
  publisher={John Wiley \& Sons}
}

@INPROCEEDINGS{B1,
  author={Chen, Z. and Jiang, K. and Hung, J.C.},
  booktitle={[Proceedings] IECON '90: 16th Annual Conference of IEEE Industrial Electronics Society}, 
  title={Local observability matrix and its application to observability analyses}, 
  year={1990},
  volume={},
  number={},
  pages={100-103 vol.1},
  doi={10.1109/IECON.1990.149118}
}


@INPROCEEDINGS{A1,
  author={S. {Hayat} and E. {Yanmaz} and T. X. {Brown} and C. {Bettstetter}},
  booktitle={2017 IEEE International Conference on Robotics and Automation (ICRA)}, 
  title={Multi-objective UAV path planning for search and rescue}, 
  year={2017},
  volume={},
  number={},
  pages={5569-5574},
  doi={10.1109/ICRA.2017.7989656}}
  
@article{A2,
  title={Control of Multiple UAVs for Persistent Surveillance: {algorithm} and Flight Test Results},
  author={Nigam, N. and Bieniawski, S. and Kroo, I. and Vian, J.},
  journal={IEEE Transactions on Control Systems Technology},
  volume={20},
  number={5},
  pages={1236-1251},
  year={2012},
}

@INPROCEEDINGS{A3,
  author={F. M. {Delle Fave} and A. {Rogers} and Z. {Xu} and S. {Sukkarieh} and N. R. {Jennings}},
  booktitle={2012 IEEE International Conference on Robotics and Automation (ICRA)}, 
  title={Deploying the max-sum algorithm for decentralised coordination and task allocation of unmanned aerial vehicles for live aerial imagery collection}, 
  year={2012},
  volume={},
  number={},
  pages={469-476},
  doi={10.1109/ICRA.2012.6225053},
}

@INPROCEEDINGS{A4,
  author={N. {Michael} and M. M. {Zavlanos} and V. {Kumar} and G. J. {Pappas}},
  booktitle={2008 IEEE International Conference on Robotics and Automation (ICRA)}, 
  title={Distributed multi-robot task assignment and formation control}, 
  year={2008},
  volume={},
  number={},
  pages={128-133},
  doi={10.1109/ROBOT.2008.4543197},
}

@INPROCEEDINGS{A5,
  author={S. Z. {Ahmed} and V. B. {Saputra} and S. {Verma} and K. {Zhang} and A. H. {Adiwahono}},
  booktitle={2019 IEEE/RSJ International Conference on Intelligent Robots and Systems (IROS)}, 
  title={Sparse-{3D} Lidar Outdoor Map-Based Autonomous Vehicle Localization}, 
  year={2019},
  volume={},
  number={},
  pages={1614-1619},
  doi={10.1109/IROS40897.2019.8967596},
}

@ARTICLE{A6,
  author={K. {Guo} and X. {Li} and L. {Xie}},
  journal={IEEE Transactions on Cybernetics}, 
  title={Ultra-Wideband and Odometry-Based Cooperative Relative Localization With Application to Multi-UAV Formation Control}, 
  year={2020},
  volume={50},
  number={6},
  pages={2590-2603},
  doi={10.1109/TCYB.2019.2905570}}

@INPROCEEDINGS{A7,
  author={A. {Franchi} and G. {Oriolo} and P. {Stegagno}},
  booktitle={2009 IEEE/RSJ International Conference on Intelligent Robots and Systems (IROS)}, 
  title={Mutual Localization In A Multi-Robot System With Anonymous Relative Position Measures}, 
  year={2009},
  volume={},
  number={},
  pages={3974-3980},
  doi={10.1109/IROS.2009.5354560},
}

@article{A8,
  title={Observability Analysis of Relative Localization Filters Subjected to Platform Velocity Constraints},
  author={ De Silva, Oscar  and  Mann, George K. I.  and  Gosine, Raymond G. },
  journal={Journal of Dynamic Systems Measurement and Control},
  volume={139},
  number={5},
  pages={16-1154},
  year={2017},
}

@INPROCEEDINGS{A9,
  author={T. {Nguyen} and K. {Mohta} and C. J. {Taylor} and V. {Kumar}},
  booktitle={2020 IEEE International Conference on Robotics and Automation (ICRA)}, 
  title={Vision-based Multi-MAV Localization with Anonymous Relative Measurements Using Coupled Probabilistic Data Association Filter}, 
  year={2020},
  volume={},
  number={},
  pages={3349-3355},
}

@INPROCEEDINGS{A10,
  author={Z. {Li} and G. {Wang} and X. {Ji}},
  booktitle={2019 IEEE/CVF International Conference on Computer Vision (ICCV)}, 
  title={CDPN: Coordinates-Based Disentangled Pose Network for Real-Time RGB-Based 6-DoF Object Pose Estimation}, 
  year={2019},
  volume={},
  number={},
  pages={7677-7686},
  doi={10.1109/ICCV.2019.00777}}
  
@article{A11,
  title={On-board range-based relative localization for micro air vehicles in indoor leader-follower flight},
  author={ Helm, Steven Van Der  and  Coppola, Mario  and  Mcguire, Kimberly N.  and  Croon, Guido C. H. E. De },
  journal={Autonomous Robots},
  volume={44},
  number={12},
  pages={415-441},
  year={2019},
}

@INPROCEEDINGS{A12,
  author={D. {Saldaña} and R. J. {Alitappeh} and L. C. A. {Pimenta} and R. {Assunção} and M. F. M. {Campos}},
  booktitle={2016 IEEE International Conference on Robotics and Automation (ICRA)}, 
  title={Dynamic perimeter surveillance with a team of robots}, 
  year={2016},
  volume={},
  number={},
  pages={5289-5294},
  doi={10.1109/ICRA.2016.7487740}}
  

@INPROCEEDINGS{A13,
  author={A. {Marjovi} and J. G. {Nunes} and L. {Marques} and A. {de Almeida}},
  booktitle={2009 IEEE/RSJ International Conference on Intelligent Robots and Systems (IROS)}, 
  title={Multi-robot exploration and fire searching}, 
  year={2009},
  volume={},
  number={},
  pages={1929-1934},
  doi={10.1109/IROS.2009.5354598}}
  
@ARTICLE{A14,
  author={Z. {Han} and K. {Guo} and L. {Xie} and Z. {Lin}},
  journal={IEEE Transactions on Automatic Control}, 
  title={Integrated Relative Localization and Leader-Follower Formation Control}, 
  year={2019},
  volume={64},
  number={1},
  pages={20-34},
  doi={10.1109/TAC.2018.2800790}
}
  
@INPROCEEDINGS{A15,
  author={N. {Yang} and L. {von Stumberg} and R. {Wang} and D. {Cremers}},
  booktitle={2020 IEEE/CVF Conference on Computer Vision and Pattern Recognition (CVPR)}, 
  title={D3VO: Deep Depth, Deep Pose and Deep Uncertainty for Monocular Visual Odometry}, 
  year={2020},
  volume={},
  number={},
  pages={1278-1289},
  doi={10.1109/CVPR42600.2020.00136}}

@article{A16,
  title={A survey of multi-agent formation control},
  author={Oh, Kwangkyo  and  Park, Myoungchul  and  Ahn, Hyosung},
  journal={Automatica (Journal of IFAC)},
  year={2015},
  volume={53},
  pages={424-440},
}

@ARTICLE{A17,
  author={C. {Lin} and Z. {Lin} and R. {Zheng} and G. {Yan} and G. {Mao}},
  journal={IEEE Transactions on Automatic Control}, 
  title={Distributed Source Localization of Multi-Agent Systems With Bearing Angle Measurements}, 
  year={2016},
  volume={61},
  number={4},
  pages={1105-1110},
  doi={10.1109/TAC.2015.2457112}}

@INPROCEEDINGS{A18,
  author={B. {Patel} and T. D. {Barfoot} and A. P. {Schoellig}},
  booktitle={2020 IEEE International Conference on Robotics and Automation (ICRA)}, 
  title={Visual Localization with Google Earth Images for Robust Global Pose Estimation of UAVs}, 
  year={2020},
  volume={},
  number={},
  pages={6491-6497},
  doi={10.1109/ICRA40945.2020.9196606}}

@article{A19,
  title = {Decentralized formation pose estimation for spacecraft swarms},
  author = {Kai Matsuka and Aaron O. Feldman and Elena S. Lupu and Soon-Jo Chung and Fred Y. Hadaegh},
  journal = {Advances in Space Research},
  year = {2020},
  issn = {0273-1177},
  doi = {https://doi.org/10.1016/j.asr.2020.06.016},
}

@ARTICLE{A20,
  author={P. {Stegagno} and M. {Cognetti} and G. {Oriolo} and H. H. {Bülthoff} and A. {Franchi}},
  journal={IEEE Transactions on Robotics}, 
  title={Ground and Aerial Mutual Localization Using Anonymous Relative-Bearing Measurements}, 
  year={2016},
  volume={32},
  number={5},
  pages={1133-1151},
  doi={10.1109/TRO.2016.2593454},
}

@ARTICLE{A21,
  author={B. {Jiang} and M. {Deghat} and B. D. O. {Anderson}},
  journal={IEEE Transactions on Automatic Control}, 
  title={Simultaneous Velocity and Position Estimation via Distance-Only Measurements With Application to Multi-Agent System Control}, 
  year={2017},
  volume={62},
  number={2},
  pages={869-875},
  doi={10.1109/TAC.2016.2558040},
}

@ARTICLE{A22,
  author={A. I. {Mourikis} and S. I. {Roumeliotis}},
  journal={IEEE Transactions on Robotics}, 
  title={Performance analysis of multirobot Cooperative localization}, 
  year={2006},
  volume={22},
  number={4},
  pages={666-681},
  doi={10.1109/TRO.2006.878957},
}

@ARTICLE{A23,
    author={R. {Sharma} and R. W. {Beard} and C. N. {Taylor} and S. {Quebe}},
    journal={IEEE Transactions on Robotics},
    title={Graph-Based Observability Analysis of Bearing-Only Cooperative Localization},
    year={2012},
    volume={28},
    number={2},
    pages={522-529},
    doi={10.1109/TRO.2011.2172699},
}

@ARTICLE{A24,
  author={S. E. {Tuna}},
  journal={IEEE Transactions on Automatic Control}, 
  title={Observability Through a Matrix-Weighted Graph}, 
  year={2018},
  volume={63},
  number={7},
  pages={2061-2074},
  doi={10.1109/TAC.2017.2758172},
}

@INPROCEEDINGS{A25,
  author={G. {Parlangeli} and G. {Notarstefano}},
  booktitle={49th IEEE Conference on Decision and Control (CDC)}, 
  title={On the observability of path and cycle graphs}, 
  year={2010},
  volume={},
  number={},
  pages={1492-1497},
  doi={10.1109/CDC.2010.5717507},
}

@ARTICLE{A26,
  author={R. {Hermann} and A. {Krener}},
  journal={IEEE Transactions on Automatic Control}, 
  title={Nonlinear controllability and observability}, 
  year={1977},
  volume={22},
  number={5},
  pages={728-740},
  doi={10.1109/TAC.1977.1101601},
}

@INPROCEEDINGS{A27,
  author={O. {De Silva} and G. K. I. {Mann} and R. G. {Gosine}},
  booktitle={2014 European Control Conference (ECC)}, 
  title={Pairwise observable relative localization in ground aerial multi-robot networks}, 
  year={2014},
  volume={},
  number={},
  pages={324-329},
}

@INPROCEEDINGS{A28,
  author={Franchi, Antonio and Oriolo, Giuseppe and Stegagno, Paolo},
  booktitle={49th IEEE Conference on Decision and Control (CDC)}, 
  title={Probabilistic mutual localization in multi-agent systems from anonymous position measures}, 
  year={2010},
  volume={},
  number={},
  pages={6534-6540},
  doi={10.1109/CDC.2010.5717905}
}

@INPROCEEDINGS{A29,
  author={Martinelli, A. and Siegwart, R.},
  booktitle={2005 IEEE/RSJ International Conference on Intelligent Robots and Systems}, 
  title={Observability analysis for mobile robot localization}, 
  year={2005},
  volume={},
  number={},
  pages={1471-1476},
  doi={10.1109/IROS.2005.1545153}
}

@article{A30,
  author = {Ning Hao and Rui Xing and Haodi Yao and Fenghua He and Yu Yao},
  title = {Data Links Enhanced Relative Navigation for Robotic Formation Applications},
  journal = {IFAC-PapersOnLine},
  volume = {53},
  number = {2},
  pages = {9484-9489},
  year = {2020},
  note = {21th IFAC World Congress},
  issn = {2405-8963},
  doi = {https://doi.org/10.1016/j.ifacol.2020.12.2422}
}

@article{A31,
  author = {Bradley Burchett},
  journal = {AIAA Aviation 2019 Forum},
  title = {A Centralized Extended Kalman Filter for Cooperative Localization of Munition Swarms},
  volume={},
  number={},
  pages = {1-13},
  year = {2019},
  doi = {10.2514/6.2019-3113},
}

@ARTICLE{A32,
  author={Korres, G.N. and Katsikas, P.J. and Clements, K.A. and Davis, P.W.},
  journal={IEEE Transactions on Power Systems}, 
  title={Numerical observability analysis based on network graph theory}, 
  year={2003},
  volume={18},
  number={3},
  pages={1035-1045},
  doi={10.1109/TPWRS.2003.814882}
}

@book{A33,
  title={Graph theory},
  author={Dharwadker, A. and Pirzada, S.},
  publisher={CreateSpace Independent Publishing Platform},
  year={2011},
}

@article{A34,
  title={Observability of Network Systems: A Critical Review of Recent Results},
  author={ Montanari, A.  and  Aguirre, L. A. },
  journal={Journal of Control, Automation and Electrical Systems},
  pages={1348–1374},
  year={2020},
  volume={31}
}

@ARTICLE{A35,
  author={Shames, Iman and Bishop, Adrian N. and Anderson, Brian D. O.},
  journal={IEEE Transactions on Automatic Control}, 
  title={Analysis of Noisy Bearing-Only Network Localization}, 
  year={2013},
  volume={58},
  number={1},
  pages={247-252},
  doi={10.1109/TAC.2012.2206693}
}

@article{A37,
  author={Heintzman, L.  and  Williams, R. K. },
  journal={Autonomous Robots},
  title={Nonlinear observability of unicycle multi-robot teams subject to nonuniform environmental disturbances},
  year={2020},
  volume={44},
  number={12},
  pages={1149-1166},
}
