@article{alayrac2022flamingo,
  title={Flamingo: a visual language model for few-shot learning},
  author={Alayrac, Jean-Baptiste and Donahue, Jeff and Luc, Pauline and Miech, Antoine and Barr, Iain and Hasson, Yana and Lenc, Karel and Mensch, Arthur and Millican, Katherine and Reynolds, Malcolm and others},
  journal={Advances in neural information processing systems},
  volume={35},
  pages={23716--23736},
  year={2022}
}

@inproceedings{baloch2019focused,
  title={Focused anchors loss: Cost-sensitive learning of discriminative features for imbalanced classification},
  author={Baloch, Bahram K and Kumar, Sateesh and Haresh, Sanjay and Rehman, Abeerah and Syed, Tahir},
  booktitle={Asian Conference on Machine Learning},
  pages={822--835},
  year={2019},
  organization={PMLR}
}

@article{gao2024clip,
  title={Clip-adapter: Better vision-language models with feature adapters},
  author={Gao, Peng and Geng, Shijie and Zhang, Renrui and Ma, Teli and Fang, Rongyao and Zhang, Yongfeng and Li, Hongsheng and Qiao, Yu},
  journal={International Journal of Computer Vision},
  volume={132},
  number={2},
  pages={581--595},
  year={2024},
  publisher={Springer}
}

@inproceedings{guo2017calibration,
  title={On calibration of modern neural networks},
  author={Guo, Chuan and Pleiss, Geoff and Sun, Yu and Weinberger, Kilian Q},
  booktitle={International conference on machine learning},
  pages={1321--1330},
  year={2017},
  organization={PMLR}
}

@article{hendrycks2019robustness,
      title={Benchmarking Neural Network Robustness to Common Corruptions and Perturbations},
      author={Hendrycks, Dan and Dietterich, Thomas},
      journal={Proceedings of the International Conference on Learning Representations},
      year={2019}
    }

@article{huang2024vaccine,
  title={Vaccine: Perturbation-aware alignment for large language models against harmful fine-tuning attack},
  author={Huang, Tiansheng and Hu, Sihao and Liu, Ling},
  journal={arXiv preprint arXiv:2402.01109},
  year={2024}
}

@inproceedings{jia2021scaling,
  title={Scaling up visual and vision-language representation learning with noisy text supervision},
  author={Jia, Chao and Yang, Yinfei and Xia, Ye and Chen, Yi-Ting and Parekh, Zarana and Pham, Hieu and Le, Quoc and Sung, Yun-Hsuan and Li, Zhen and Duerig, Tom},
  booktitle={International conference on machine learning},
  pages={4904--4916},
  year={2021},
  organization={PMLR}
}

@article{khan2025technical,
  title={Technical report on label-informed logit redistribution for better domain generalization in low-shot classification with foundation models},
  author={Khan, Behraj and Syed, Tahir},
  journal={arXiv preprint arXiv:2501.17595},
  year={2025}
}

@inproceedings{khattak2023maple,
  title={Maple: Multi-modal prompt learning},
  author={Khattak, Muhammad Uzair and Rasheed, Hanoona and Maaz, Muhammad and Khan, Salman and Khan, Fahad Shahbaz},
  booktitle={Proceedings of the IEEE/CVF Conference on Computer Vision and Pattern Recognition},
  pages={19113--19122},
  year={2023}
}

@article{muller2019does,
  title={When does label smoothing help?},
  author={M{\"u}ller, Rafael and Kornblith, Simon and Hinton, Geoffrey E},
  journal={Advances in neural information processing systems},
  volume={32},
  year={2019}
}

@inproceedings{murugesan2025robust,
  title={Robust calibration of large vision-language adapters},
  author={Murugesan, Balamurali and Silva-Rodr{\'\i}guez, Julio and Ayed, Ismail Ben and Dolz, Jose},
  booktitle={European Conference on Computer Vision},
  pages={147--165},
  year={2025},
  organization={Springer}
}

@article{ovadia2019can,
  title={Can you trust your model's uncertainty? evaluating predictive uncertainty under dataset shift},
  author={Ovadia, Yaniv and Fertig, Emily and Ren, Jie and Nado, Zachary and Sculley, David and Nowozin, Sebastian and Dillon, Joshua and Lakshminarayanan, Balaji and Snoek, Jasper},
  journal={Advances in neural information processing systems},
  volume={32},
  year={2019}
}

@inproceedings{pandeyconfident,
  title={Be Confident in What You Know: Bayesian Parameter Efficient Fine-Tuning of Vision Foundation Models},
  author={Pandey, Deep Shankar and Pyakurel, Spandan and Yu, Qi},
  booktitle={The Thirty-eighth Annual Conference on Neural Information Processing Systems},
year = {2024}
}

@article{pereyra2017regularizing,
  title={Regularizing neural networks by penalizing confident output distributions},
  author={Pereyra, Gabriel and Tucker, George and Chorowski, Jan and Kaiser, {\L}ukasz and Hinton, Geoffrey},
  journal={arXiv preprint arXiv:1701.06548},
  year={2017}
}

@inproceedings{radford2021learning,
  title={Learning transferable visual models from natural language supervision},
  author={Radford, Alec and Kim, Jong Wook and Hallacy, Chris and Ramesh, Aditya and Goh, Gabriel and Agarwal, Sandhini and Sastry, Girish and Askell, Amanda and Mishkin, Pamela and Clark, Jack and others},
  booktitle={International conference on machine learning},
  pages={8748--8763},
  year={2021},
  organization={PMLR}
}

@inproceedings{ross2017focal,
  title={Focal loss for dense object detection},
  author={Ross, T-YLPG and Doll{\'a}r, GKHP},
  booktitle={proceedings of the IEEE conference on computer vision and pattern recognition},
  pages={2980--2988},
  year={2017}
}

@article{thulasidasan2019mixup,
  title={On mixup training: Improved calibration and predictive uncertainty for deep neural networks},
  author={Thulasidasan, Sunil and Chennupati, Gopinath and Bilmes, Jeff A and Bhattacharya, Tanmoy and Michalak, Sarah},
  journal={Advances in neural information processing systems},
  volume={32},
  year={2019}
}

@article{tu2024toward,
  title={Toward a Holistic Evaluation of Robustness in CLIP Models},
  author={Tu, Weijie and Deng, Weijian and Gedeon, Tom},
  journal={arXiv preprint arXiv:2410.01534},
  year={2024}
}

@article{wang2023calibration,
  title={Calibration in deep learning: A survey of the state-of-the-art},
  author={Wang, Cheng},
  journal={arXiv preprint arXiv:2308.01222},
  year={2023}
}

@article{wang2024understanding,
  title={Understanding and Mitigating Miscalibration in Prompt Tuning for Vision-Language Models},
  author={Wang, Shuoyuan and Li, Yixuan and Wei, Hongxin},
  journal={arXiv preprint arXiv:2410.02681},
  year={2024}
}

@inproceedings{wangopen,
  title={Open-Vocabulary Calibration for Fine-tuned CLIP},
  author={Wang, Shuoyuan and Wang, Jindong and Wang, Guoqing and Zhang, Bob and Zhou, Kaiyang and Wei, Hongxin},
  booktitle={Forty-first International Conference on Machine Learning},
year = {2024}

}

@inproceedings{wortsman2022robust,
  title={Robust fine-tuning of zero-shot models},
  author={Wortsman, Mitchell and Ilharco, Gabriel and Kim, Jong Wook and Li, Mike and Kornblith, Simon and Roelofs, Rebecca and Lopes, Raphael Gontijo and Hajishirzi, Hannaneh and Farhadi, Ali and Namkoong, Hongseok and others},
  booktitle={Proceedings of the IEEE/CVF conference on computer vision and pattern recognition},
  pages={7959--7971},
  year={2022}
}

@article{zhang2021tip,
  title={Tip-adapter: Training-free clip-adapter for better vision-language modeling},
  author={Zhang, Renrui and Fang, Rongyao and Zhang, Wei and Gao, Peng and Li, Kunchang and Dai, Jifeng and Qiao, Yu and Li, Hongsheng},
  journal={arXiv preprint arXiv:2111.03930},
  year={2021}
}

@inproceedings{zhang2022and,
  title={When and how mixup improves calibration},
  author={Zhang, Linjun and Deng, Zhun and Kawaguchi, Kenji and Zou, James},
  booktitle={International Conference on Machine Learning},
  pages={26135--26160},
  year={2022},
  organization={PMLR}
}

@article{zhou2022learning,
  title={Learning to prompt for vision-language models},
  author={Zhou, Kaiyang and Yang, Jingkang and Loy, Chen Change and Liu, Ziwei},
  journal={International Journal of Computer Vision},
  volume={130},
  number={9},
  pages={2337--2348},
  year={2022},
  publisher={Springer}
}

