@article{zhou2022learning,
  title={Learning to prompt for vision-language models},
  author={Zhou, Kaiyang and Yang, Jingkang and Loy, Chen Change and Liu, Ziwei},
  journal={International Journal of Computer Vision},
  volume={130},
  number={9},
  pages={2337--2348},
  year={2022},
  publisher={Springer}
}

@article{kumar2022fine,
  title={Fine-tuning can distort pretrained features and underperform out-of-distribution},
  author={Kumar, Ananya and Raghunathan, Aditi and Jones, Robbie and Ma, Tengyu and Liang, Percy},
  journal={arXiv preprint arXiv:2202.10054},
  year={2022}
}
@inproceedings{wortsman2022robust,
  title={Robust fine-tuning of zero-shot models},
  author={Wortsman, Mitchell and Ilharco, Gabriel and Kim, Jong Wook and Li, Mike and Kornblith, Simon and Roelofs, Rebecca and Lopes, Raphael Gontijo and Hajishirzi, Hannaneh and Farhadi, Ali and Namkoong, Hongseok and others},
  booktitle={Proceedings of the IEEE/CVF conference on computer vision and pattern recognition},
  pages={7959--7971},
  year={2022}
}
@article{elsayed2018adversarial,
  title={Adversarial reprogramming of neural networks},
  author={Elsayed, Gamaleldin F and Goodfellow, Ian and Sohl-Dickstein, Jascha},
  journal={arXiv preprint arXiv:1806.11146},
  year={2018}
}
@article{bahng2022exploring,
  title={Exploring visual prompts for adapting large-scale models},
  author={Bahng, Hyojin and Jahanian, Ali and Sankaranarayanan, Swami and Isola, Phillip},
  journal={arXiv preprint arXiv:2203.17274},
  year={2022}
}
@article{hellstrom2025generalization,
  title={Generalization bounds: Perspectives from information theory and PAC-Bayes},
  author={Hellstr{\"o}m, Fredrik and Durisi, Giuseppe and Guedj, Benjamin and Raginsky, Maxim and others},
  journal={Foundations and Trends{\textregistered} in Machine Learning},
  volume={18},
  number={1},
  pages={1--223},
  year={2025},
  publisher={Now Publishers, Inc.}
}
@article{wang2021pac,
  title={Pac-bayes information bottleneck},
  author={Wang, Zifeng and Huang, Shao-Lun and Kuruoglu, Ercan E and Sun, Jimeng and Chen, Xi and Zheng, Yefeng},
  journal={arXiv preprint arXiv:2109.14509},
  year={2021}
}

@article{hansen2001model,
  title={Model selection and the principle of minimum description length},
  author={Hansen, Mark H and Yu, Bin},
  journal={Journal of the american statistical association},
  volume={96},
  number={454},
  pages={746--774},
  year={2001},
  publisher={Taylor \& Francis}
}
@inproceedings{kalai2024calibrated,
  title={Calibrated language models must hallucinate},
  author={Kalai, Adam Tauman and Vempala, Santosh S},
  booktitle={Proceedings of the 56th Annual ACM Symposium on Theory of Computing},
  pages={160--171},
  year={2024}
}
@article{zhao2024large,
  title={Large language models as commonsense knowledge for large-scale task planning},
  author={Zhao, Zirui and Lee, Wee Sun and Hsu, David},
  journal={Advances in Neural Information Processing Systems},
  volume={36},
  year={2024}
}

@article{abdul2024align,
  title={Align Your Prompts: Test-Time Prompting with Distribution Alignment for Zero-Shot Generalization},
  author={Abdul Samadh, Jameel and Gani, Mohammad Hanan and Hussein, Noor and Khattak, Muhammad Uzair and Naseer, Muhammad Muzammal and Shahbaz Khan, Fahad and Khan, Salman H},
  journal={Advances in Neural Information Processing Systems},
  volume={36},
  year={2024}
}
@inproceedings{oh2023blackvip,
  title={Blackvip: Black-box visual prompting for robust transfer learning},
  author={Oh, Changdae and Hwang, Hyeji and Lee, Hee-young and Lim, YongTaek and Jung, Geunyoung and Jung, Jiyoung and Choi, Hosik and Song, Kyungwoo},
  booktitle={Proceedings of the IEEE/CVF Conference on Computer Vision and Pattern Recognition},
  pages={24224--24235},
  year={2023}
}
@inproceedings{jia2022visual,
  title={Visual prompt tuning},
  author={Jia, Menglin and Tang, Luming and Chen, Bor-Chun and Cardie, Claire and Belongie, Serge and Hariharan, Bharath and Lim, Ser-Nam},
  booktitle={European Conference on Computer Vision},
  pages={709--727},
  year={2022},
  organization={Springer}
}
@article{gao2024clip,
  title={Clip-adapter: Better vision-language models with feature adapters},
  author={Gao, Peng and Geng, Shijie and Zhang, Renrui and Ma, Teli and Fang, Rongyao and Zhang, Yongfeng and Li, Hongsheng and Qiao, Yu},
  journal={International Journal of Computer Vision},
  volume={132},
  number={2},
  pages={581--595},
  year={2024},
  publisher={Springer}
}
@article{zhang2021tip,
  title={Tip-adapter: Training-free clip-adapter for better vision-language modeling},
  author={Zhang, Renrui and Fang, Rongyao and Zhang, Wei and Gao, Peng and Li, Kunchang and Dai, Jifeng and Qiao, Yu and Li, Hongsheng},
  journal={arXiv preprint arXiv:2111.03930},
  year={2021}
}
@inproceedings{xiao2024any,
  title={Any-Shift Prompting for Generalization over Distributions},
  author={Xiao, Zehao and Shen, Jiayi and Derakhshani, Mohammad Mahdi and Liao, Shengcai and Snoek, Cees GM},
  booktitle={Proceedings of the IEEE/CVF Conference on Computer Vision and Pattern Recognition},
  pages={13849--13860},
  year={2024}
}
@inproceedings{derakhshani2023bayesian,
  title={Bayesian prompt learning for image-language model generalization},
  author={Derakhshani, Mohammad Mahdi and Sanchez, Enrique and Bulat, Adrian and da Costa, Victor G Turrisi and Snoek, Cees GM and Tzimiropoulos, Georgios and Martinez, Brais},
  booktitle={Proceedings of the IEEE/CVF International Conference on Computer Vision},
  pages={15237--15246},
  year={2023}
}
@inproceedings{radford2021learning,
  title={Learning transferable visual models from natural language supervision},
  author={Radford, Alec and Kim, Jong Wook and Hallacy, Chris and Ramesh, Aditya and Goh, Gabriel and Agarwal, Sandhini and Sastry, Girish and Askell, Amanda and Mishkin, Pamela and Clark, Jack and others},
  booktitle={International conference on machine learning},
  pages={8748--8763},
  year={2021},
  organization={PMLR}
}
@article{martin2016lecture,
  title={Lecture notes on advanced statistical theory},
  author={Martin, Ryan},
  journal={Supplement to the lectures for Stat},
  volume={511},
  year={2016}
}
@article{huang2024vaccine,
  title={Vaccine: Perturbation-aware alignment for large language models against harmful fine-tuning attack},
  author={Huang, Tiansheng and Hu, Sihao and Liu, Ling},
  journal={arXiv preprint arXiv:2402.01109},
  year={2024}
}

@inproceedings{zhou2022conditional,
  title={Conditional prompt learning for vision-language models},
  author={Zhou, Kaiyang and Yang, Jingkang and Loy, Chen Change and Liu, Ziwei},
  booktitle={Proceedings of the IEEE/CVF conference on computer vision and pattern recognition},
  pages={16816--16825},
  year={2022}
}
@inproceedings{lu2022prompt,
  title={Prompt distribution learning},
  author={Lu, Yuning and Liu, Jianzhuang and Zhang, Yonggang and Liu, Yajing and Tian, Xinmei},
  booktitle={Proceedings of the IEEE/CVF Conference on Computer Vision and Pattern Recognition},
  pages={5206--5215},
  year={2022}
}
@article{pereyra2017regularizing,
  title={Regularizing neural networks by penalizing confident output distributions},
  author={Pereyra, Gabriel and Tucker, George and Chorowski, Jan and Kaiser, {\L}ukasz and Hinton, Geoffrey},
  journal={arXiv preprint arXiv:1701.06548},
  year={2017}
}
@inproceedings{wen2024mitigating,
  title={Mitigating Overconfidence in Large Language Models: A Behavioral Lens on Confidence Estimation and Calibration},
  author={Wen, Bingbing and Xu, Chenjun and Bin, HAN and Wolfe, Robert and Wang, Lucy Lu and Howe, Bill},
  booktitle={NeurIPS 2024 Workshop on Behavioral Machine Learning}
}
@article{alayrac2022flamingo,
  title={Flamingo: a visual language model for few-shot learning},
  author={Alayrac, Jean-Baptiste and Donahue, Jeff and Luc, Pauline and Miech, Antoine and Barr, Iain and Hasson, Yana and Lenc, Karel and Mensch, Arthur and Millican, Katherine and Reynolds, Malcolm and others},
  journal={Advances in neural information processing systems},
  volume={35},
  pages={23716--23736},
  year={2022}
}
@inproceedings{jia2021scaling,
  title={Scaling up visual and vision-language representation learning with noisy text supervision},
  author={Jia, Chao and Yang, Yinfei and Xia, Ye and Chen, Yi-Ting and Parekh, Zarana and Pham, Hieu and Le, Quoc and Sung, Yun-Hsuan and Li, Zhen and Duerig, Tom},
  booktitle={International conference on machine learning},
  pages={4904--4916},
  year={2021},
  organization={PMLR}
}


@inproceedings{pandeyconfident,
  title={Be Confident in What You Know: Bayesian Parameter Efficient Fine-Tuning of Vision Foundation Models},
  author={Pandey, Deep Shankar and Pyakurel, Spandan and Yu, Qi},
  booktitle={The Thirty-eighth Annual Conference on Neural Information Processing Systems},
year = {2024}
}
@inproceedings{ye2023mitigating,
  title={Mitigating transformer overconfidence via Lipschitz regularization},
  author={Ye, Wenqian and Ma, Yunsheng and Cao, Xu and Tang, Kun},
  booktitle={Uncertainty in Artificial Intelligence},
  pages={2422--2432},
  year={2023},
  organization={PMLR}
}
@article{zhang2024challenges,
  title={On the challenges and perspectives of foundation models for medical image analysis},
  author={Zhang, Shaoting and Metaxas, Dimitris},
  journal={Medical image analysis},
  volume={91},
  pages={102996},
  year={2024},
  publisher={Elsevier}
}
@article{jiang2012calibrating,
  title={Calibrating predictive model estimates to support personalized medicine},
  author={Jiang, Xiaoqian and Osl, Melanie and Kim, Jihoon and Ohno-Machado, Lucila},
  journal={Journal of the American Medical Informatics Association},
  volume={19},
  number={2},
  pages={263--274},
  year={2012},
  publisher={BMJ Group}
}
@inproceedings{guo2017calibration,
  title={On calibration of modern neural networks},
  author={Guo, Chuan and Pleiss, Geoff and Sun, Yu and Weinberger, Kilian Q},
  booktitle={International conference on machine learning},
  pages={1321--1330},
  year={2017},
  organization={PMLR}
}
@article{desai2020calibration,
  title={Calibration of pre-trained transformers},
  author={Desai, Shrey and Durrett, Greg},
  journal={arXiv preprint arXiv:2003.07892},
  year={2020}
}
@article{levine2023baseline,
  title={A Baseline Analysis of Reward Models' Ability To Accurately Analyze Foundation Models Under Distribution Shift},
  author={LeVine, Will and Pikus, Benjamin and Chen, Anthony and Hendryx, Sean},
  journal={arXiv preprint arXiv:2311.14743},
  year={2023}
}
@article{bommasani2021opportunities,
  title={On the opportunities and risks of foundation models},
  author={Bommasani, Rishi and Hudson, Drew A and Adeli, Ehsan and Altman, Russ and Arora, Simran and von Arx, Sydney and Bernstein, Michael S and Bohg, Jeannette and Bosselut, Antoine and Brunskill, Emma and others},
  journal={arXiv preprint arXiv:2108.07258},
  year={2021}
}

@inproceedings{filos2020,
  title={Can autonomous vehicles identify, recover from, and adapt to distribution shifts?},
  author={Filos, Angelos and Tigkas, Panagiotis and McAllister, Rowan and Rhinehart, Nicholas and Levine, Sergey and Gal, Yarin},
  booktitle={International Conference on Machine Learning},
  pages={3145--3153},
  year={2020},
  organization={PMLR}
}
@article{tu2024closer,
  title={A closer look at the robustness of contrastive language-image pre-training (clip)},
  author={Tu, Weijie and Deng, Weijian and Gedeon, Tom},
  journal={Advances in Neural Information Processing Systems},
  volume={36},
  year={2024}
}
@article{ovadia2019can,
  title={Can you trust your model's uncertainty? evaluating predictive uncertainty under dataset shift},
  author={Ovadia, Yaniv and Fertig, Emily and Ren, Jie and Nado, Zachary and Sculley, David and Nowozin, Sebastian and Dillon, Joshua and Lakshminarayanan, Balaji and Snoek, Jasper},
  journal={Advances in neural information processing systems},
  volume={32},
  year={2019}
}
@book{lehmann2006theory,
  title={Theory of point estimation},
  author={Lehmann, Erich L and Casella, George},
  year={2006},
  publisher={Springer Science \& Business Media}
}
@inproceedings{murugesan2025robust,
  title={Robust calibration of large vision-language adapters},
  author={Murugesan, Balamurali and Silva-Rodr{\'\i}guez, Julio and Ayed, Ismail Ben and Dolz, Jose},
  booktitle={European Conference on Computer Vision},
  pages={147--165},
  year={2025},
  organization={Springer}
}
@article{wang2024understanding,
  title={Understanding and Mitigating Miscalibration in Prompt Tuning for Vision-Language Models},
  author={Wang, Shuoyuan and Li, Yixuan and Wei, Hongxin},
  journal={arXiv preprint arXiv:2410.02681},
  year={2024}
}
@inproceedings{khattak2023maple,
  title={Maple: Multi-modal prompt learning},
  author={Khattak, Muhammad Uzair and Rasheed, Hanoona and Maaz, Muhammad and Khan, Salman and Khan, Fahad Shahbaz},
  booktitle={Proceedings of the IEEE/CVF Conference on Computer Vision and Pattern Recognition},
  pages={19113--19122},
  year={2023}
}
@inproceedings{ross2017focal,
  title={Focal loss for dense object detection},
  author={Ross, T-YLPG and Doll{\'a}r, GKHP},
  booktitle={proceedings of the IEEE conference on computer vision and pattern recognition},
  pages={2980--2988},
  year={2017}
}
@inproceedings{baloch2019focused,
  title={Focused anchors loss: Cost-sensitive learning of discriminative features for imbalanced classification},
  author={Baloch, Bahram K and Kumar, Sateesh and Haresh, Sanjay and Rehman, Abeerah and Syed, Tahir},
  booktitle={Asian Conference on Machine Learning},
  pages={822--835},
  year={2019},
  organization={PMLR}
}
@article{muller2019does,
  title={When does label smoothing help?},
  author={M{\"u}ller, Rafael and Kornblith, Simon and Hinton, Geoffrey E},
  journal={Advances in neural information processing systems},
  volume={32},
  year={2019}
}
@article{thulasidasan2019mixup,
  title={On mixup training: Improved calibration and predictive uncertainty for deep neural networks},
  author={Thulasidasan, Sunil and Chennupati, Gopinath and Bilmes, Jeff A and Bhattacharya, Tanmoy and Michalak, Sarah},
  journal={Advances in neural information processing systems},
  volume={32},
  year={2019}
}
@inproceedings{zhang2022and,
  title={When and how mixup improves calibration},
  author={Zhang, Linjun and Deng, Zhun and Kawaguchi, Kenji and Zou, James},
  booktitle={International Conference on Machine Learning},
  pages={26135--26160},
  year={2022},
  organization={PMLR}
}
@article{wang2023calibration,
  title={Calibration in deep learning: A survey of the state-of-the-art},
  author={Wang, Cheng},
  journal={arXiv preprint arXiv:2308.01222},
  year={2023}
}
@article{tu2024toward,
  title={Toward a Holistic Evaluation of Robustness in CLIP Models},
  author={Tu, Weijie and Deng, Weijian and Gedeon, Tom},
  journal={arXiv preprint arXiv:2410.01534},
  year={2024}
}

@inproceedings{nilsback2008automated,
  title={Automated flower classification over a large number of classes},
  author={Nilsback, Maria-Elena and Zisserman, Andrew},
  booktitle={2008 Sixth Indian conference on computer vision, graphics \& image processing},
  pages={722--729},
  year={2008},
  organization={IEEE}
}
@inproceedings{krause20133d,
  title={3d object representations for fine-grained categorization},
  author={Krause, Jonathan and Stark, Michael and Deng, Jia and Fei-Fei, Li},
  booktitle={Proceedings of the IEEE international conference on computer vision workshops},
  pages={554--561},
  year={2013}
}
@inproceedings{deng2009imagenet,
  title={Imagenet: A large-scale hierarchical image database},
  author={Deng, Jia and Dong, Wei and Socher, Richard and Li, Li-Jia and Li, Kai and Fei-Fei, Li},
  booktitle={2009 IEEE conference on computer vision and pattern recognition},
  pages={248--255},
  year={2009},
  organization={Ieee}
}
@inproceedings{cimpoi2014describing,
  title={Describing textures in the wild},
  author={Cimpoi, Mircea and Maji, Subhransu and Kokkinos, Iasonas and Mohamed, Sammy and Vedaldi, Andrea},
  booktitle={Proceedings of the IEEE conference on computer vision and pattern recognition},
  pages={3606--3613},
  year={2014}
}
@inproceedings{xiao2010sun,
  title={Sun database: Large-scale scene recognition from abbey to zoo},
  author={Xiao, Jianxiong and Hays, James and Ehinger, Krista A and Oliva, Aude and Torralba, Antonio},
  booktitle={2010 IEEE computer society conference on computer vision and pattern recognition},
  pages={3485--3492},
  year={2010},
  organization={IEEE}
}
@article{helber2019eurosat,
  title={Eurosat: A novel dataset and deep learning benchmark for land use and land cover classification},
  author={Helber, Patrick and Bischke, Benjamin and Dengel, Andreas and Borth, Damian},
  journal={IEEE Journal of Selected Topics in Applied Earth Observations and Remote Sensing},
  volume={12},
  number={7},
  pages={2217--2226},
  year={2019},
  publisher={IEEE}
}
@inproceedings{parkhi2012cats,
  title={Cats and dogs},
  author={Parkhi, Omkar M and Vedaldi, Andrea and Zisserman, Andrew and Jawahar, CV},
  booktitle={2012 IEEE conference on computer vision and pattern recognition},
  pages={3498--3505},
  year={2012},
  organization={IEEE}
}
@article{soomro2012ucf101,
  title={UCF101: A dataset of 101 human actions classes from videos in the wild},
  author={Soomro, K},
  journal={arXiv preprint arXiv:1212.0402},
  year={2012}
}
@inproceedings{bossard2014food,
  title={Food-101--mining discriminative components with random forests},
  author={Bossard, Lukas and Guillaumin, Matthieu and Van Gool, Luc},
  booktitle={Computer vision--ECCV 2014: 13th European conference, zurich, Switzerland, September 6-12, 2014, proceedings, part VI 13},
  pages={446--461},
  year={2014},
  organization={Springer}
}
@article{maji2013fine,
  title={Fine-grained visual classification of aircraft},
  author={Maji, Subhransu and Rahtu, Esa and Kannala, Juho and Blaschko, Matthew and Vedaldi, Andrea},
  journal={arXiv preprint arXiv:1306.5151},
  year={2013}
}
@inproceedings{fei2004learning,
  title={Learning generative visual models from few training examples: An incremental bayesian approach tested on 101 object categories},
  author={Fei-Fei, Li and Fergus, Rob and Perona, Pietro},
  booktitle={2004 conference on computer vision and pattern recognition workshop},
  pages={178--178},
  year={2004},
  organization={IEEE}
}
@inproceedings{recht2019imagenet,
  title={Do imagenet classifiers generalize to imagenet?},
  author={Recht, Benjamin and Roelofs, Rebecca and Schmidt, Ludwig and Shankar, Vaishaal},
  booktitle={International conference on machine learning},
  pages={5389--5400},
  year={2019},
  organization={PMLR}
}
@inproceedings{hendrycks2021natural,
  title={Natural adversarial examples},
  author={Hendrycks, Dan and Zhao, Kevin and Basart, Steven and Steinhardt, Jacob and Song, Dawn},
  booktitle={Proceedings of the IEEE/CVF conference on computer vision and pattern recognition},
  pages={15262--15271},
  year={2021}
}
@inproceedings{hendrycks2021many,
  title={The many faces of robustness: A critical analysis of out-of-distribution generalization},
  author={Hendrycks, Dan and Basart, Steven and Mu, Norman and Kadavath, Saurav and Wang, Frank and Dorundo, Evan and Desai, Rahul and Zhu, Tyler and Parajuli, Samyak and Guo, Mike and others},
  booktitle={Proceedings of the IEEE/CVF international conference on computer vision},
  pages={8340--8349},
  year={2021}
}
@article{wang2019learning,
  title={Learning robust global representations by penalizing local predictive power},
  author={Wang, Haohan and Ge, Songwei and Lipton, Zachary and Xing, Eric P},
  journal={Advances in Neural Information Processing Systems},
  volume={32},
  year={2019}
}

@inproceedings{yao2023visual,
  title={Visual-language prompt tuning with knowledge-guided context optimization},
  author={Yao, Hantao and Zhang, Rui and Xu, Changsheng},
  booktitle={Proceedings of the IEEE/CVF conference on computer vision and pattern recognition},
  pages={6757--6767},
  year={2023}
}
@inproceedings{nixon2019measuring,
  title={Measuring Calibration in Deep Learning.},
  author={Nixon, Jeremy and Dusenberry, Michael W and Zhang, Linchuan and Jerfel, Ghassen and Tran, Dustin},
  booktitle={CVPR workshops},
  volume={2},
  number={7},
  year={2019}
}
@article{firoozi2023foundation,
  title={Foundation models in robotics: Applications, challenges, and the future},
  author={Firoozi, Roya and Tucker, Johnathan and Tian, Stephen and Majumdar, Anirudha and Sun, Jiankai and Liu, Weiyu and Zhu, Yuke and Song, Shuran and Kapoor, Ashish and Hausman, Karol and others},
  journal={The International Journal of Robotics Research},
  pages={02783649241281508},
  year={2023},
  publisher={SAGE Publications Sage UK: London, England}
}
@article{papyan2020prevalence,
  title={Prevalence of neural collapse during the terminal phase of deep learning training},
  author={Papyan, Vardan and Han, XY and Donoho, David L},
  journal={Proceedings of the National Academy of Sciences},
  volume={117},
  number={40},
  pages={24652--24663},
  year={2020},
  publisher={National Acad Sciences}
}

@article{jaynes1957information,
  title={Information theory and statistical mechanics},
  author={Jaynes, Edwin T},
  journal={Physical review},
  volume={106},
  number={4},
  pages={620},
  year={1957},
  publisher={APS}
}

@inproceedings{li2024can,
  title={Can Large Language Models Achieve Calibration with In-Context Learning?},
  author={Li, Chengzu and Zhou, Han and Glava{\v{s}}, Goran and Korhonen, Anna and Vuli{\'c}, Ivan},
  booktitle={ICLR 2024 Workshop on Reliable and Responsible Foundation Models},
  year={2024}
}
@inproceedings{rudner2024fine,
  title={Fine-Tuning with Uncertainty-Aware Priors Makes Vision and Language Foundation Models More Reliable},
  author={Rudner, Tim GJ and Pan, Xiang and Li, Yucen Lily and Shwartz-Ziv, Ravid and Wilson, Andrew Gordon},
  booktitle={ICML 2024 Workshop on Structured Probabilistic Inference $\{$$\backslash$\&$\}$ Generative Modeling},
year = {2024}
}
@inproceedings{geng2024survey,
  title={A Survey of Confidence Estimation and Calibration in Large Language Models},
  author={Geng, Jiahui and Cai, Fengyu and Wang, Yuxia and Koeppl, Heinz and Nakov, Preslav and Gurevych, Iryna},
  booktitle={Proceedings of the 2024 Conference of the North American Chapter of the Association for Computational Linguistics: Human Language Technologies (Volume 1: Long Papers)},
  pages={6577--6595},
  year={2024}
}
@inproceedings{coates2011analysis,
  title={An analysis of single-layer networks in unsupervised feature learning},
  author={Coates, Adam and Ng, Andrew and Lee, Honglak},
  booktitle={Proceedings of the fourteenth international conference on artificial intelligence and statistics},
  pages={215--223},
  year={2011},
  organization={JMLR Workshop and Conference Proceedings}
}
@article{wei2021learning,
  title={Learning with noisy labels revisited: A study using real-world human annotations},
  author={Wei, Jiaheng and Zhu, Zhaowei and Cheng, Hao and Liu, Tongliang and Niu, Gang and Liu, Yang},
  journal={arXiv preprint arXiv:2110.12088},
  year={2021}
}
@inproceedings{kongperplexity,
  title={Perplexity-aware Correction for Robust Alignment with Noisy Preferences},
  author={Kong, Keyi and Xu, Xilie and Wang, Di and Zhang, Jingfeng and Kankanhalli, Mohan},
  booktitle={The Thirty-eighth Annual Conference on Neural Information Processing Systems},
year = {2024}
}
@article{meister2021language,
  title={Language model evaluation beyond perplexity},
  author={Meister, Clara and Cotterell, Ryan},
  journal={arXiv preprint arXiv:2106.00085},
  year={2021}
}
@article{shimodaira2000improving,
  title={Improving predictive inference under covariate shift by weighting the log-likelihood function},
  author={Shimodaira, Hidetoshi},
  journal={Journal of statistical planning and inference},
  volume={90},
  number={2},
  pages={227--244},
  year={2000},
  publisher={Elsevier}
}
@article{khan2025technical,
  title={Technical report on label-informed logit redistribution for better domain generalization in low-shot classification with foundation models},
  author={Khan, Behraj and Syed, Tahir},
  journal={arXiv preprint arXiv:2501.17595},
  year={2025}
}
@article{sugiyama2007covariate,
  title={Covariate shift adaptation by importance weighted cross validation.},
  author={Sugiyama, Masashi and Krauledat, Matthias and M{\"u}ller, Klaus-Robert},
  journal={Journal of Machine Learning Research},
  volume={8},
  number={5},
  year={2007}
}
@article{moreno2012study,
  title={Study on the impact of partition-induced dataset shift on $ k $-fold cross-validation},
  author={Moreno-Torres, Jose Garc{\'\i}a and S{\'a}ez, Jos{\'e} A and Herrera, Francisco},
  journal={IEEE transactions on neural networks and learning systems},
  volume={23},
  number={8},
  pages={1304--1312},
  year={2012},
  publisher={IEEE}
}

@inproceedings{gal2016dropout,
  title={Dropout as a bayesian approximation: Representing model uncertainty in deep learning},
  author={Gal, Yarin and Ghahramani, Zoubin},
  booktitle={international conference on machine learning},
  pages={1050--1059},
  year={2016},
  organization={PMLR}
}
@article{kumar2019verified,
  title={Verified uncertainty calibration},
  author={Kumar, Ananya and Liang, Percy S and Ma, Tengyu},
  journal={Advances in Neural Information Processing Systems},
  volume={32},
  year={2019}
}
@article{vigneron2010adaptive,
  title={Adaptive filtering and hypothesis testing: Application to cancerous cells detection},
  journal={Pattern recognition letters},
  volume={31},
  number={14},
  pages={2214--2224},
  year={2010},
  publisher={Elsevier}
}

@article{waveNet,
  author       = {A{\"{a}}ron van den Oord and
                  Sander Dieleman and
                  Heiga Zen and
                  Karen Simonyan and
                  Oriol Vinyals and
                  Alex Graves and
                  Nal Kalchbrenner and
                  Andrew W. Senior and
                  Koray Kavukcuoglu},
  title        = {WaveNet: {A} Generative Model for Raw Audio},
  journal      = {CoRR},
  volume       = {abs/1609.03499},
  year         = {2016},
  url          = {http://arxiv.org/abs/1609.03499},
  eprinttype    = {arXiv},
  eprint       = {1609.03499},
  timestamp    = {Thu, 14 Oct 2021 09:15:04 +0200},
  biburl       = {https://dblp.org/rec/journals/corr/OordDZSVGKSK16.bib},
  bibsource    = {dblp computer science bibliography, https://dblp.org}
}
@article{kullback1951information,
  title={On information and sufficiency},
  author={Kullback, Solomon and Leibler, Richard A},
  journal={The annals of mathematical statistics},
  volume={22},
  number={1},
  pages={79--86},
  year={1951},
  publisher={JSTOR}
}
@article{courtade2016monotonicity,
  title={Monotonicity of entropy and Fisher information: a quick proof via maximal correlation},
  author={Courtade, Thomas A},
  journal={arXiv preprint arXiv:1610.04174},
  year={2016}
}
@inproceedings{cortes2008sample,
  title={Sample selection bias correction theory},
  author={Cortes, Corinna and Mohri, Mehryar and Riley, Michael and Rostamizadeh, Afshin},
  booktitle={Algorithmic Learning Theory: 19th International Conference, ALT 2008, Budapest, Hungary, October 13-16, 2008. Proceedings 19},
  pages={38--53},
  year={2008},
  organization={Springer}
}

@article{sugiyama2007direct,
  title={Direct importance estimation with model selection and its application to covariate shift adaptation},
  author={Sugiyama, Masashi and Nakajima, Shinichi and Kashima, Hisashi and Buenau, Paul and Kawanabe, Motoaki},
  journal={Advances in neural information processing systems},
  volume={20},
  year={2007}
}
@book{sugiyama2012machine,
  title={Machine learning in non-stationary environments: Introduction to covariate shift adaptation},
  author={Sugiyama, Masashi and Kawanabe, Motoaki},
  year={2012},
  publisher={MIT press}
}
@article{nishiyama2019new,
  title={A new lower bound for Kullback-Leibler divergence based on Hammersley-Chapman-Robbins bound},
  author={Nishiyama, Tomohiro},
  journal={arXiv preprint arXiv:1907.00288},
  year={2019}
}
@article{bukaew2021one,
  title={One-parameter generalised Fisher information},
  author={Bukaew, Worachet and Yoo-Kong, Sikarin},
  journal={arXiv preprint arXiv:2107.10578},
  year={2021}
}
@inproceedings{bickel2007discriminative,
  title={Discriminative learning for differing training and test distributions},
  author={Bickel, Steffen and Br{\"u}ckner, Michael and Scheffer, Tobias},
  booktitle={Proceedings of the 24th international conference on Machine learning},
  pages={81--88},
  year={2007}
}


@article{kukar2003transductive,
  title={Transductive reliability estimation for medical diagnosis},
  author={Kukar, Matja{\v{z}}},
  journal={Artificial Intelligence in Medicine},
  volume={29},
  number={1-2},
  pages={81--106},
  year={2003},
  publisher={Elsevier}
}
@article{rudin2018optimized,
  title={Optimized scoring systems: Toward trust in machine learning for healthcare and criminal justice},
  author={Rudin, Cynthia and Ustun, Berk},
  journal={Interfaces},
  volume={48},
  number={5},
  pages={449--466},
  year={2018},
  publisher={INFORMS}
}
@article{lecun2010mnist,
  title={MNIST handwritten digit database},
  author={LeCun, Yann and Cortes, Corinna and Burges, CJ},
  journal={ATT Labs [Online]. Available: http://yann.lecun.com/exdb/mnist},
  volume={2},
  year={2010}
}
@article{goodfellow2013empirical,
  title={An empirical investigation of catastrophic forgetting in gradient-based neural networks},
  author={Goodfellow, Ian J and Mirza, Mehdi and Xiao, Da and Courville, Aaron and Bengio, Yoshua},
  journal={arXiv preprint arXiv:1312.6211},
  year={2013}
}
@article{wong2020insights,
  title={Insights into fairness through trust: multi-scale trust quantification for financial deep learning},
  author={Wong, Alexander and Hryniowski, Andrew and Wang, Xiao Yu},
  journal={arXiv preprint arXiv:2011.01961},
  year={2020}
}
@inproceedings{rezaei2021robust,
  title={Robust fairness under covariate shift},
  author={Rezaei, Ashkan and Liu, Anqi and Memarrast, Omid and Ziebart, Brian D},
  booktitle={Proceedings of the AAAI Conference on Artificial Intelligence},
  volume={35},
  number={11},
  pages={9419--9427},
  year={2021}
}
@inproceedings{miller2020effect,
  title={The effect of natural distribution shift on question answering models},
  author={Miller, John and Krauth, Karl and Recht, Benjamin and Schmidt, Ludwig},
  booktitle={International Conference on Machine Learning},
  pages={6905--6916},
  year={2020},
  organization={PMLR}
}
@article{gupta2022fl,
  title={FL Games: A federated learning framework for distribution shifts},
  author={Gupta, Sharut and Ahuja, Kartik and Havaei, Mohammad and Chatterjee, Niladri and Bengio, Yoshua},
  journal={arXiv preprint arXiv:2205.11101},
  year={2022}
}
@article{massey1951kolmogorov,
  title={The Kolmogorov-Smirnov test for goodness of fit},
  author={Massey Jr, Frank J},
  journal={Journal of the American statistical Association},
  volume={46},
  number={253},
  pages={68--78},
  year={1951},
  publisher={Taylor \& Francis}
}
@inproceedings{zhu2021data,
  title={Data-free knowledge distillation for heterogeneous federated learning},
  author={Zhu, Zhuangdi and Hong, Junyuan and Zhou, Jiayu},
  booktitle={International Conference on Machine Learning},
  pages={12878--12889},
  year={2021},
  organization={PMLR}
}
@article{li2020federated,
  title={Federated optimization in heterogeneous networks},
  author={Li, Tian and Sahu, Anit Kumar and Zaheer, Manzil and Sanjabi, Maziar and Talwalkar, Ameet and Smith, Virginia},
  journal={Proceedings of Machine learning and systems},
  volume={2},
  pages={429--450},
  year={2020}
}
@inproceedings{karimireddy2020scaffold,
  title={Scaffold: Stochastic controlled averaging for federated learning},
  author={Karimireddy, Sai Praneeth and Kale, Satyen and Mohri, Mehryar and Reddi, Sashank and Stich, Sebastian and Suresh, Ananda Theertha},
  booktitle={International Conference on Machine Learning},
  pages={5132--5143},
  year={2020},
  organization={PMLR}
}
@article{hendrycks2019robustness,
      title={Benchmarking Neural Network Robustness to Common Corruptions and Perturbations},
      author={Hendrycks, Dan and Dietterich, Thomas},
      journal={Proceedings of the International Conference on Learning Representations},
      year={2019}
    }
@article{johnson2013accelerating,
  title={Accelerating stochastic gradient descent using predictive variance reduction},
  author={Johnson, Rie and Zhang, Tong},
  journal={Advances in neural information processing systems},
  volume={26},
  year={2013}
}
@inproceedings{krueger2021out,
  title={Out-of-distribution generalization via risk extrapolation (rex)},
  author={Krueger, David and Caballero, Ethan and Jacobsen, Joern-Henrik and Zhang, Amy and Binas, Jonathan and Zhang, Dinghuai and Le Priol, Remi and Courville, Aaron},
  booktitle={International Conference on Machine Learning},
  pages={5815--5826},
  year={2021},
  organization={PMLR}
}
@book{quinonero2008dataset,
  title={Dataset shift in machine learning},
  author={Qui{\~n}onero-Candela, Joaquin and Sugiyama, Masashi and Schwaighofer, Anton and Lawrence, Neil D},
  year={2008},
  publisher={Mit Press}
}
@article{hu2020distribution,
  title={A distribution-free test of covariate shift using conformal prediction},
  author={Hu, Xiaoyu and Lei, Jing},
  journal={arXiv preprint arXiv:2010.07147},
  year={2020}
}
@article{huang2006correcting,
  title={Correcting sample selection bias by unlabeled data},
  author={Huang, Jiayuan and Gretton, Arthur and Borgwardt, Karsten and Sch{\"o}lkopf, Bernhard and Smola, Alex},
  journal={Advances in neural information processing systems},
  volume={19},
  year={2006}
}
@inproceedings{lipton2018detecting,
  title={Detecting and correcting for label shift with black box predictors},
  author={Lipton, Zachary and Wang, Yu-Xiang and Smola, Alexander},
  booktitle={International conference on machine learning},
  pages={3122--3130},
  year={2018},
  organization={PMLR}
}
@book{wahba1990spline,
  title={Spline models for observational data},
  author={Wahba, Grace},
  year={1990},
  publisher={SIAM}
}
@article{stone1974cross,
  title={Cross-validatory choice and assessment of statistical predictions},
  author={Stone, Mervyn},
  journal={Journal of the royal statistical society: Series B (Methodological)},
  volume={36},
  number={2},
  pages={111--133},
  year={1974},
  publisher={Wiley Online Library}
}
@article{vovk2020testing,
  title={Testing for concept shift online},
  author={Vovk, Vladimir},
  journal={arXiv preprint arXiv:2012.14246},
  year={2020}
}

@article{vovk2021testing,
  title={Testing randomness online},
  author={Vovk, Vladimir},
  journal={Statistical Science},
  volume={36},
  number={4},
  pages={595--611},
  year={2021},
  publisher={Institute of Mathematical Statistics}
}

@article{jirayucharoensak2014eeg,
  title={EEG-based emotion recognition using deep learning network with principal component based covariate shift adaptation},
  author={Jirayucharoensak, Suwicha and Pan-Ngum, Setha and Israsena, Pasin},
  journal={The Scientific World Journal},
  volume={2014},
  year={2014},
  publisher={Hindawi}
}
@article{marz2013big,
  title={Big Data: Principles and best practices of scalable realtime data systems. 2015},
  author={Marz, N and Warren, J},
  journal={Citado},
  volume={6},
  pages={9--23},
  year={2013}
}
@book{lakhe2016practical,
  title={Practical Hadoop Migration},
  author={Lakhe, Bhushan and Lakhe},
  year={2016},
  publisher={Springer}
}
@article{dean2008mapreduce,
  title={MapReduce: simplified data processing on large clusters},
  author={Dean, Jeffrey and Ghemawat, Sanjay},
  journal={Communications of the ACM},
  volume={51},
  number={1},
  pages={107--113},
  year={2008},
  publisher={ACM New York, NY, USA}
}
@article{zaharia2010spark,
  title={Spark: Cluster computing with working sets.},
  author={Zaharia, Matei and Chowdhury, Mosharaf and Franklin, Michael J and Shenker, Scott and Stoica, Ion and others},
  journal={HotCloud},
  volume={10},
  number={10-10},
  pages={95},
  year={2010},
  publisher={Boston, MA}
}
@article{storkey2009training,
  title={When training and test sets are different: characterizing learning transfer},
  author={Storkey, Amos and others},
  journal={Dataset shift in machine learning},
  volume={30},
  pages={3--28},
  year={2009},
  publisher={Citeseer}
}

@inproceedings{kelly1999impact,
  title={The impact of changing populations on classifier performance},
  author={Kelly, Mark G and Hand, David J and Adams, Niall M},
  booktitle={Proceedings of the fifth ACM SIGKDD international conference on Knowledge discovery and data mining},
  pages={367--371},
  year={1999}
}
@article{hand2006classifier,
  title={Classifier technology and the illusion of progress},
  author={Hand, David J},
  year={2006},
  organization={Springer}
}
@inproceedings{alaiz2008assessing,
  title={Assessing the impact of changing environments on classifier performance},
  author={Alaiz-Rodr{\'\i}guez, Roc{\'\i}o and Japkowicz, Nathalie},
  booktitle={Advances in Artificial Intelligence: 21st Conference of the Canadian Society for Computational Studies of Intelligence, Canadian AI 2008 Windsor, Canada, May 28-30, 2008 Proceedings 21},
  pages={13--24},
  year={2008},
  organization={Springer}
}
@article{cieslak2009framework,
  title={A framework for monitoring classifiers’ performance: when and why failure occurs?},
  author={Cieslak, David A and Chawla, Nitesh V},
  journal={Knowledge and Information Systems},
  volume={18},
  number={1},
  pages={83--108},
  year={2009},
  publisher={Springer}
}
@inproceedings{weiss2016investigation,
  title={An investigation of transfer learning and traditional machine learning algorithms},
  author={Weiss, Karl R and Khoshgoftaar, Taghi M},
  booktitle={2016 IEEE 28th International Conference on Tools with Artificial Intelligence (ICTAI)},
  pages={283--290},
  year={2016},
  organization={IEEE}
}
@article{webb2005application,
  title={On the application of ROC analysis to predict classification performance under varying class distributions},
  author={Webb, Geoffrey I and Ting, Kai Ming},
  journal={Machine learning},
  volume={58},
  pages={25--32},
  year={2005},
  publisher={Springer}
}
@article{mirza2021potential,
  title={Potential Deep Learning Solutions to Persistent and Emerging Big Data Challenges—A Practitioners’ Cookbook},
  author={Mirza, Behroz and Syed, Tahir Q and Khan, Behraj and Malik, Yameen},
  journal={ACM Computing Surveys (CSUR)},
  volume={54},
  number={1},
  pages={1--39},
  year={2021},
  publisher={ACM New York, NY, USA}
}
@article{mirza2021deep,
  title={Deep generative models to counter class imbalance: A model-metric mapping with proportion calibration methodology},
  author={Mirza, Behroz and Haroon, Danish and Khan, Behraj and Padhani, Ali and Syed, Tahir Q},
  journal={IEEE Access},
  volume={9},
  pages={55879--55897},
  year={2021},
  publisher={IEEE}
}
@article{li2010application,
  title={Application of covariate shift adaptation techniques in brain--computer interfaces},
  author={Li, Yan and Kambara, Hiroyuki and Koike, Yasuharu and Sugiyama, Masashi},
  journal={IEEE Transactions on Biomedical Engineering},
  volume={57},
  number={6},
  pages={1318--1324},
  year={2010},
  publisher={IEEE}
}
@article{fang2013video,
  title={A video saliency detection model in compressed domain},
  author={Fang, Yuming and Lin, Weisi and Chen, Zhenzhong and Tsai, Chia-Ming and Lin, Chia-Wen},
  journal={IEEE transactions on circuits and systems for video technology},
  volume={24},
  number={1},
  pages={27--38},
  year={2013},
  publisher={IEEE}
}
@inproceedings{venkateswara2017deep,
  title={Deep hashing network for unsupervised domain adaptation},
  author={Venkateswara, Hemanth and Eusebio, Jose and Chakraborty, Shayok and Panchanathan, Sethuraman},
  booktitle={Proceedings of the IEEE conference on computer vision and pattern recognition},
  pages={5018--5027},
  year={2017}
}
@article{dosovitskiy2020image,
  title={An image is worth 16x16 words: Transformers for image recognition at scale},
  author={Dosovitskiy, Alexey},
  journal={arXiv preprint arXiv:2010.11929},
  year={2020}
}
@inproceedings{he2016deep,
  title={Deep residual learning for image recognition},
  author={He, Kaiming and Zhang, Xiangyu and Ren, Shaoqing and Sun, Jian},
  booktitle={Proceedings of the IEEE conference on computer vision and pattern recognition},
  pages={770--778},
  year={2016}
}

@inproceedings{li2017deeper,
  title={Deeper, broader and artier domain generalization},
  author={Li, Da and Yang, Yongxin and Song, Yi-Zhe and Hospedales, Timothy M},
  booktitle={Proceedings of the IEEE international conference on computer vision},
  pages={5542--5550},
  year={2017}
}

@article{yang2007weighted,
  title={A weighted support vector machine for data classification},
  author={Yang, Xulei and Song, Qing and Wang, Yue},
  journal={International Journal of Pattern Recognition and Artificial Intelligence},
  volume={21},
  number={05},
  pages={961--976},
  year={2007},
  publisher={World Scientific}
}

@article{bickel2006dirichlet,
  title={Dirichlet-enhanced spam filtering based on biased samples},
  author={Bickel, Steffen and Scheffer, Tobias},
  journal={Advances in neural information processing systems},
  volume={19},
  year={2006}
}

@inproceedings{machireddy2022continual,
  title={Continual Active Adaptation to Evolving Distributional Shifts},
  author={Machireddy, Amrutha and Krishnan, Ranganath and Ahuja, Nilesh and Tickoo, Omesh},
  booktitle={Proceedings of the IEEE/CVF Conference on Computer Vision and Pattern Recognition},
  pages={3444--3450},
  year={2022}
}
@article{hachiya2012importance,
  title={Importance-weighted least-squares probabilistic classifier for covariate shift adaptation with application to human activity recognition},
  author={Hachiya, Hirotaka and Sugiyama, Masashi and Ueda, Naonori},
  journal={Neurocomputing},
  volume={80},
  pages={93--101},
  year={2012},
  publisher={Elsevier}
}

@article{tasche2017fisher,
  title={Fisher consistency for prior probability shift},
  author={Tasche, Dirk},
  journal={The Journal of Machine Learning Research},
  volume={18},
  number={1},
  pages={3338--3369},
  year={2017},
  publisher={JMLR. org}
}

@article{raza2015ewma,
  title={EWMA model based shift-detection methods for detecting covariate shifts in non-stationary environments},
  author={Raza, Haider and Prasad, Girijesh and Li, Yuhua},
  journal={Pattern Recognition},
  volume={48},
  number={3},
  pages={659--669},
  year={2015},
  publisher={Elsevier}
}

@article{bland1995multiple,
  title={Multiple significance tests: the Bonferroni method},
  author={Bland, J Martin and Altman, Douglas G},
  journal={Bmj},
  volume={310},
  number={6973},
  pages={170},
  year={1995},
  publisher={British Medical Journal Publishing Group}
}

@article{song2021preventing,
  title={Preventing Failures by Dataset Shift Detection in Safety-Critical Graph Applications},
  author={Song, Hoseung and Thiagarajan, Jayaraman J and Kailkhura, Bhavya},
  journal={Frontiers in artificial intelligence},
  volume={4},
  pages={60},
  year={2021},
  publisher={Frontiers}
}

@article{rabanser2019failing,
  title={Failing loudly: An empirical study of methods for detecting dataset shift},
  author={Rabanser, Stephan and G{\"u}nnemann, Stephan and Lipton, Zachary},
  journal={Advances in Neural Information Processing Systems},
  volume={32},
  year={2019}
}

@article{moreno2012unifying,
  title={A unifying view on dataset shift in classification},
  author={Moreno-Torres, Jose G and Raeder, Troy and Alaiz-Rodr{\'\i}guez, Roc{\'\i}o and Chawla, Nitesh V and Herrera, Francisco},
  journal={Pattern recognition},
  volume={45},
  number={1},
  pages={521--530},
  year={2012},
  publisher={Elsevier}
}
@inproceedings{van2015fast,
  title={Fast algorithm selection using learning curves},
  author={van Rijn, Jan N and Abdulrahman, Salisu Mamman and Brazdil, Pavel and Vanschoren, Joaquin},
  booktitle={Advances in Intelligent Data Analysis XIV: 14th International Symposium, IDA 2015, Saint Etienne. France, October 22-24, 2015. Proceedings 14},
  pages={298--309},
  year={2015},
  organization={Springer}
}
@book{bishop1995neural,
  title={Neural networks for pattern recognition},
  author={Bishop, Christopher M and others},
  year={1995},
  publisher={Oxford university press}
}


@article{taori2020measuring,
  title={Measuring robustness to natural distribution shifts in image classification},
  author={Taori, Rohan and Dave, Achal and Shankar, Vaishaal and Carlini, Nicholas and Recht, Benjamin and Schmidt, Ludwig},
  journal={Advances in Neural Information Processing Systems},
  volume={33},
  pages={18583--18599},
  year={2020}
}
@article{bickel2009discriminative,
  title={Discriminative learning under covariate shift.},
  author={Bickel, Steffen and Br{\"u}ckner, Michael and Scheffer, Tobias},
  journal={Journal of Machine Learning Research},
  volume={10},
  number={9},
  year={2009}
}
@article{hinton2012neural,
  title={Neural networks for machine learning lecture 6a overview of mini-batch gradient descent},
  author={Hinton, Geoffrey and Srivastava, Nitish and Swersky, Kevin},
  journal={Cited on},
  volume={14},
  number={8},
  pages={2},
  year={2012}
}

@book{bisong2019building,
  title={Building machine learning and deep learning models on Google Cloud Platform},
  author={Bisong, Ekaba},
  year={2019},
  publisher={Springer}
}

@inproceedings{zadrozny2004learning,
  title={Learning and evaluating classifiers under sample selection bias},
  author={Zadrozny, Bianca},
  booktitle={Proceedings of the twenty-first international conference on Machine learning},
  pages={114},
  year={2004}
}

@book{quinonero2009dataset,
  title={Dataset shift in machine learning},
  author={Qui{\~n}onero-Candela, Joaquin and Sugiyama, Masashi and Lawrence, Neil D and Schwaighofer, Anton},
  year={2009},
  publisher={Mit Press}
}
@book{sugiyama2012density,   title={Density ratio estimation in machine learning},   author={Sugiyama, Masashi and Suzuki, Taiji and Kanamori, Takafumi},   year={2012},   publisher={Cambridge University Press} }

@article{kanamori2009least,
  title={A least-squares approach to direct importance estimation},
  author={Kanamori, Takafumi and Hido, Shohei and Sugiyama, Masashi},
  journal={The Journal of Machine Learning Research},
  volume={10},
  pages={1391--1445},
  year={2009},
  publisher={JMLR. org}
}


@inproceedings{dai2007boosting,
  title={Boosting for Transfer Learning.(2007), 193--200},
  author={Dai, Wenyuan and Yang, Qiang and Xue, Gui-Rong and Yu, Yong},
  booktitle={Proceedings of the 24th international conference on Machine learning},
  year={2007}
}
@article{fang2020rethinking,
  title={Rethinking importance weighting for deep learning under distribution shift},
  author={Fang, Tongtong and Lu, Nan and Niu, Gang and Sugiyama, Masashi},
  journal={Advances in neural information processing systems},
  volume={33},
  pages={11996--12007},
  year={2020}
}

@inproceedings{jiang2007instance,
  title = {Instance weighting for domain adaptation in NLP},
  author={Jiang, Jing and Zhai, ChengXiang},
  year={2007},
  organization={ACL}
}
@article{truong2020selective,
  title={Selective review of offline change point detection methods},
  author={Truong, Charles and Oudre, Laurent and Vayatis, Nicolas},
  journal={Signal Processing},
  volume={167},
  pages={107299},
  year={2020},
  publisher={Elsevier}
}
@inproceedings{matsuura2020domain,
  title={Domain generalization using a mixture of multiple latent domains},
  author={Matsuura, Toshihiko and Harada, Tatsuya},
  booktitle={Proceedings of the AAAI Conference on Artificial Intelligence},
  volume={34},
  pages={11749--11756},
  year={2020}
}
@article{balaji2018metareg,
  title={Metareg: Towards domain generalization using meta-regularization},
  author={Balaji, Yogesh and Sankaranarayanan, Swami and Chellappa, Rama},
  journal={Advances in neural information processing systems},
  volume={31},
  year={2018}
}
@inproceedings{li2018learning,
  title={Learning to generalize: Meta-learning for domain generalization},
  author={Li, Da and Yang, Yongxin and Song, Yi-Zhe and Hospedales, Timothy},
  booktitle={Proceedings of the AAAI conference on artificial intelligence},
  volume={32},
  year={2018}
}
@article{schneider2020improving,
  title={Improving robustness against common corruptions by covariate shift adaptation},
  author={Schneider, Steffen and Rusak, Evgenia and Eck, Luisa and Bringmann, Oliver and Brendel, Wieland and Bethge, Matthias},
  journal={Advances in Neural Information Processing Systems},
  volume={33},
  pages={11539--11551},
  year={2020}
}
@article{nado2020evaluating,
  title={Evaluating prediction-time batch normalization for robustness under covariate shift},
  author={Nado, Zachary and Padhy, Shreyas and Sculley, D and D'Amour, Alexander and Lakshminarayanan, Balaji and Snoek, Jasper},
  journal={arXiv preprint arXiv:2006.10963},
  year={2020}
}
@inproceedings{ioffe2015batch,
  title={Batch normalization: Accelerating deep network training by reducing internal covariate shift},
  author={Ioffe, Sergey and Szegedy, Christian},
  booktitle={International conference on machine learning},
  pages={448--456},
  year={2015},
  organization={pmlr}
}
@inproceedings{xie2020self,
  title={Self-training with noisy student improves imagenet classification},
  author={Xie, Qizhe and Luong, Minh-Thang and Hovy, Eduard and Le, Quoc V},
  booktitle={Proceedings of the IEEE/CVF conference on computer vision and pattern recognition},
  pages={10687--10698},
  year={2020}
}
@article{padhy2020revisiting,
  title={Revisiting one-vs-all classifiers for predictive uncertainty and out-of-distribution detection in neural networks},
  author={Padhy, Shreyas and Nado, Zachary and Ren, Jie and Liu, Jeremiah and Snoek, Jasper and Lakshminarayanan, Balaji},
  journal={arXiv preprint arXiv:2007.05134},
  year={2020}
}
@article{hendrycks2019augmix,
  title={Augmix: A simple data processing method to improve robustness and uncertainty},
  author={Hendrycks, Dan and Mu, Norman and Cubuk, Ekin D and Zoph, Barret and Gilmer, Justin and Lakshminarayanan, Balaji},
  journal={arXiv preprint arXiv:1912.02781},
  year={2019}
}

@article{wang2020tent,
  title={Tent: Fully test-time adaptation by entropy minimization},
  author={Wang, Dequan and Shelhamer, Evan and Liu, Shaoteng and Olshausen, Bruno and Darrell, Trevor},
  journal={arXiv preprint arXiv:2006.10726},
  year={2020}
}
@book{vedaldi2020computer,
  title={Computer Vision--ECCV 2020: 16th European Conference, Glasgow, UK, August 23--28, 2020, Proceedings, Part II},
  author={Vedaldi, Andrea and Bischof, Horst and Brox, Thomas and Frahm, Jan-Michael},
  volume={12347},
  year={2020},
  publisher={Springer Nature}
}
@inproceedings{carlucci2019domain,
  title={Domain generalization by solving jigsaw puzzles},
  author={Carlucci, Fabio M and D'Innocente, Antonio and Bucci, Silvia and Caputo, Barbara and Tommasi, Tatiana},
  booktitle={Proceedings of the IEEE/CVF Conference on Computer Vision and Pattern Recognition},
  pages={2229--2238},
  year={2019}
}
@article{zhao2020domain,
  title={Domain generalization via entropy regularization},
  author={Zhao, Shanshan and Gong, Mingming and Liu, Tongliang and Fu, Huan and Tao, Dacheng},
  journal={Advances in Neural Information Processing Systems},
  volume={33},
  pages={16096--16107},
  year={2020}
}
@article{pan2010domain,
  title={Domain adaptation via transfer component analysis},
  author={Pan, Sinno Jialin and Tsang, Ivor W and Kwok, James T and Yang, Qiang},
  journal={IEEE transactions on neural networks},
  volume={22},
  number={2},
  pages={199--210},
  year={2010},
  publisher={IEEE}
}
@article{pan2010survey,
  title={A survey on transfer learning},
  author={Pan, Sinno Jialin and Yang, Qiang},
  journal={IEEE Transactions on knowledge and data engineering},
  volume={22},
  number={10},
  pages={1345--1359},
  year={2010},
  publisher={IEEE}
}
@article{you2021test,
  title={Test-time batch statistics calibration for covariate shift},
  author={You, Fuming and Li, Jingjing and Zhao, Zhou},
  journal={arXiv preprint arXiv:2110.04065},
  year={2021}
}
@article{zhou2021bayesian,
  title={Bayesian adaptation for covariate shift},
  author={Zhou, Aurick and Levine, Sergey},
  journal={Advances in Neural Information Processing Systems},
  volume={34},
  pages={914--927},
  year={2021}
}
@article{lecun1998mnist,
  title={The MNIST database of handwritten digits},
  author={LeCun, Yann},
  journal={http://yann. lecun. com/exdb/mnist/},
  year={1998}
}
@article{clanuwat2018deep,
  title={Deep learning for classical japanese literature},
  author={Clanuwat, Tarin and Bober-Irizar, Mikel and Kitamoto, Asanobu and Lamb, Alex and Yamamoto, Kazuaki and Ha, David},
  journal={arXiv preprint arXiv:1812.01718},
  year={2018}
}
@inproceedings{arnold2007comparative,
  title={A comparative study of methods for transductive transfer learning},
  author={Arnold, Andrew and Nallapati, Ramesh and Cohen, William W},
  booktitle={Seventh IEEE international conference on data mining workshops (ICDMW 2007)},
  pages={77--82},
  year={2007},
  organization={IEEE}
}
@article{szegedy2013intriguing,
  title={Intriguing properties of neural networks},
  author={Szegedy, Christian and Zaremba, Wojciech and Sutskever, Ilya and Bruna, Joan and Erhan, Dumitru and Goodfellow, Ian and Fergus, Rob},
  journal={arXiv preprint arXiv:1312.6199},
  year={2013}
}
@article{grandvalet2004semi,
  title={Semi-supervised learning by entropy minimization},
  author={Grandvalet, Yves and Bengio, Yoshua},
  journal={Advances in neural information processing systems},
  volume={17},
  year={2004}
}
@inproceedings{zhang2013domain,
  title={Domain adaptation under target and conditional shift},
  author={Zhang, Kun and Sch{\"o}lkopf, Bernhard and Muandet, Krikamol and Wang, Zhikun},
  booktitle={International conference on machine learning},
  pages={819--827},
  year={2013},
  organization={PMLR}
}

@article{krizhevsky2009learning,
  title={Learning multiple layers of features from tiny images},
  author={Krizhevsky, Alex and Hinton, Geoffrey and others},
  year={2009},
  publisher={Toronto, ON, Canada}
}

@article{xiao2017fashion,
  title={Fashion-mnist: a novel image dataset for benchmarking machine learning algorithms},
  author={Xiao, Han and Rasul, Kashif and Vollgraf, Roland},
  journal={arXiv preprint arXiv:1708.07747},
  year={2017}
}

@inproceedings{zugner2018adversarial,
  title={Adversarial attacks on neural networks for graph data},
  author={Z{\"u}gner, Daniel and Akbarnejad, Amir and G{\"u}nnemann, Stephan},
  booktitle={Proceedings of the 24th ACM SIGKDD international conference on knowledge discovery \& data mining},
  pages={2847--2856},
  year={2018}
}
@article{zhou2021training,
  title={Training on test data with bayesian adaptation for covariate shift},
  author={Zhou, Aurick and Levine, Sergey},
  journal={arXiv preprint arXiv:2109.12746},
  year={2021}
}

@inproceedings{park2020calibrated,
  title={Calibrated prediction with covariate shift via unsupervised domain adaptation},
  author={Park, Sangdon and Bastani, Osbert and Weimer, James and Lee, Insup},
  booktitle={International Conference on Artificial Intelligence and Statistics},
  pages={3219--3229},
  year={2020},
  organization={PMLR}
}
@inproceedings{chan2020unlabelled,
  title={Unlabelled data improves bayesian uncertainty calibration under covariate shift},
  author={Chan, Alex and Alaa, Ahmed and Qian, Zhaozhi and Van Der Schaar, Mihaela},
  booktitle={International Conference on Machine Learning},
  pages={1392--1402},
  year={2020},
  organization={PMLR}
}
@inproceedings{wen2014robust,
  title={Robust learning under uncertain test distributions: Relating covariate shift to model misspecification},
  author={Wen, Junfeng and Yu, Chun-Nam and Greiner, Russell},
  booktitle={International Conference on Machine Learning},
  pages={631--639},
  year={2014},
  organization={PMLR}
}

@article{zhang2023adapting,
  title={Adapting to Continuous Covariate Shift via Online Density Ratio Estimation},
  author={Zhang, Yu-Jie and Zhang, Zhen-Yu and Zhao, Peng and Sugiyama, Masashi},
  journal={arXiv preprint arXiv:2302.02552},
  year={2023}
}
@inproceedings{stojanov2019low,
  title={Low-dimensional density ratio estimation for covariate shift correction},
  author={Stojanov, Petar and Gong, Mingming and Carbonell, Jaime and Zhang, Kun},
  booktitle={The 22nd International Conference on Artificial Intelligence and Statistics},
  pages={3449--3458},
  year={2019},
  organization={PMLR}
}
@article{tsuboi2009direct,
  title={Direct density ratio estimation for large-scale covariate shift adaptation},
  author={Tsuboi, Yuta and Kashima, Hisashi and Hido, Shohei and Bickel, Steffen and Sugiyama, Masashi},
  journal={Journal of Information Processing},
  volume={17},
  pages={138--155},
  year={2009},
  publisher={Information Processing Society of Japan}
}
@article{cortes2010learning,
  title={Learning bounds for importance weighting},
  author={Cortes, Corinna and Mansour, Yishay and Mohri, Mehryar},
  journal={Advances in neural information processing systems},
  volume={23},
  year={2010}
}

@article{heckman1979sample,
  title={Sample selection bias as a specification error},
  author={Heckman, James J},
  journal={Econometrica: Journal of the econometric society},
  pages={153--161},
  year={1979},
  publisher={JSTOR}
}

@article{berk1983introduction,
  title={An introduction to sample selection bias in sociological data},
  author={Berk, Richard A},
  journal={American sociological review},
  pages={386--398},
  year={1983},
  publisher={JSTOR}
}

@article{mason1982laws,
  title={Laws of large numbers for sums of extreme values},
  author={Mason, David M},
  journal={The Annals of Probability},
  pages={754--764},
  year={1982},
  publisher={JSTOR}
}
@article{FeiFei2004LearningGV,
  title={Learning Generative Visual Models from Few Training Examples: An Incremental Bayesian Approach Tested on 101 Object Categories},
  author={Li Fei-Fei and Rob Fergus and Pietro Perona},
  journal={Computer Vision and Pattern Recognition Workshop},
  year={2004},
}
@article{alcala2011keel,
  title={Keel data-mining software tool: data set repository, integration of algorithms and experimental analysis framework.},
  author={Alcal{\'a}-Fdez, Jes{\'u}s and Fern{\'a}ndez, Alberto and Luengo, Juli{\'a}n and Derrac, Joaqu{\'\i}n and Garc{\'\i}a, Salvador and S{\'a}nchez, Luciano and Herrera, Francisco},
  journal={Journal of Multiple-Valued Logic \& Soft Computing},
  volume={17},
  year={2011},
  publisher={Citeseer}
}
@inproceedings{coates2011analysis,
  title={An analysis of single-layer networks in unsupervised feature learning},
  author={Coates, Adam and Ng, Andrew and Lee, Honglak},
  booktitle={Proceedings of the fourteenth international conference on artificial intelligence and statistics},
  pages={215--223},
  year={2011},
  organization={JMLR Workshop and Conference Proceedings}
}
@article{Netzer2011,
author = {Netzer, Yuval and Wang, Tao and Coates, Adam and Bissacco, Alessandro and Wu, Bo and Ng, Andrew Y},
booktitle = {Advances in Neural Information Processing Systems ({NIPS})},
title = {Reading Digits in Natural Images with Unsupervised Feature Learning},
year = {2011}
}
@article{mu2019mnist,
  title={Mnist-c: A robustness benchmark for computer vision},
  author={Mu, Norman and Gilmer, Justin},
  journal={arXiv preprint arXiv:1906.02337},
  year={2019}
}
@article{[1],
  title={An Intelligent Anti-Money Laundering Method for Detecting Risky Users in the Banking Systems},
  author={Heidarinia, Neda and Harounabadi, Ali and Sadeghzadeh, Mehdi},
  journal={International Journal of Computer Applications},
  volume={97},
  number={22},
  year={2014},
  publisher={Citeseer}
}
@article{[2],
  title={Combining Benford’s Law and machine learning to detect money laundering. An actual Spanish court case},
  author={Badal-Valero, Elena and Alvarez-Jareno, Jose A and Pav{\'\i}a, Jose M},
  journal={Forensic science international},
  volume={282},
  pages={24--34},
  year={2018},
  publisher={Elsevier}
}
@article{[3],
  title={Suspicious activity reporting using dynamic bayesian networks},
  author={Raza, Saleha and Haider, Sajjad},
  journal={Procedia Computer Science},
  volume={3},
  pages={987--991},
  year={2011},
  publisher={Elsevier}
}
@inproceedings{[4],
  title={An outlier detection model based on cross datasets comparison for financial surveillance},
  author={Zhu, Tianqing},
  booktitle={Services Computing, 2006. APSCC'06. IEEE Asia-Pacific Conference on},
  pages={601--604},
  year={2006},
  organization={IEEE}
}
@inproceedings{[5],
  title={A money laundering risk evaluation method based on decision tree},
  author={Wang, Su-Nan and Yang, Jian-Gang},
  booktitle={Machine Learning and Cybernetics, 2007 International Conference on},
  volume={1},
  pages={283--286},
  year={2007},
  organization={IEEE}
}
@inproceedings{[6],
  title={An agent based anti-money laundering system architecture for financial supervision},
  author={Liu, Xuan and Zhang, Pengzhu},
  booktitle={Wireless Communications, Networking and Mobile Computing, 2007. WiCom 2007. International Conference on},
  pages={5472--5475},
  year={2007},
  organization={IEEE}
}
@article{[7],
  title={Conceptual modeling and development of an intelligent agent-assisted decision support system for anti-money laundering},
  author={Gao, Shijia and Xu, Dongming},
  journal={Expert Systems with Applications},
  volume={36},
  number={2},
  pages={1493--1504},
  year={2009},
  publisher={Elsevier}
}
@inproceedings{[8],
  title={Intelligent anti-money laundering system},
  author={Gao, Shijia and Xu, Dongming and Wang, Huaiqing and Wang, Yingfeng},
  booktitle={Service Operations and Logistics, and Informatics, 2006. SOLI'06. IEEE International Conference on},
  pages={851--856},
  year={2006},
  organization={IEEE}
}
@article{[9],
  title={Real-time credit card fraud detection using computational intelligence},
  author={Quah, Jon TS and Sriganesh, M},
  journal={Expert systems with applications},
  volume={35},
  number={4},
  pages={1721--1732},
  year={2008},
  publisher={Elsevier}
}
@inproceedings{[10],
  title={Ontology-based fraud detection},
  author={Fang, Liu and Cai, Ming and Fu, Hao and Dong, Jinxiang},
  booktitle={International Conference on Computational Science},
  pages={1048--1055},
  year={2007},
  organization={Springer}
}
@article{[11],
  title={Fighting money laundering with technology: A case study of Bank X in the UK},
  author={Demetis, Dionysios S},
  journal={Decision Support Systems},
  volume={105},
  pages={96--107},
  year={2018},
  publisher={Elsevier}
}
@article{[12],
  title={Machine learning techniques for anti-money laundering (AML) solutions in suspicious transaction detection: a review},
  author={Chen, Zhiyuan and Teoh, Ee Na and Nazir, Amril and Karuppiah, Ettikan Kandasamy and Lam, Kim Sim and others},
  journal={Knowledge and Information Systems},
  volume={57},
  number={2},
  pages={245--285},
  year={2018},
  publisher={Springer}
}
@inproceedings{[13],
  title={Nextgen aml: Distributed deep learning based language technologies to augment anti money laundering investigation},
  author={Han, Jingguang and Barman, Utsab and Hayes, Jeremiah and Du, Jinhua and Burgin, Edward and Wan, Dadong},
  booktitle={Proceedings of ACL 2018, System Demonstrations},
  pages={37--42},
  year={2018}
}
@article{[14],
  title={A hybrid approach for detecting suspicious accounts in money laundering using data mining techniques},
  author={Suresh, Ch and Reddy, K Thammi and Sweta, N},
  journal={International Journal of Information Technology and Computer Science (IJITCS)},
  volume={8},
  number={5},
  pages={37},
  year={2016}
}
@article{[15],
  title={Analyzing and Detecting Money-Laundering Accounts in Online Social Networks},
  author={Zhou, Yadong and Wang, Ximi and Zhang, Junjie and Zhang, Peng and Liu, Lili and Jin, Huan and Jin, Hongbo},
  journal={IEEE Network},
  volume={32},
  number={3},
  pages={115--121},
  year={2017},
  publisher={IEEE}
}

%-------------------------------------------


@article{kirkpatrick2017overcoming,
  title={Overcoming catastrophic forgetting in neural networks},
  author={Kirkpatrick, James and Pascanu, Razvan and Rabinowitz, Neil and Veness, Joel and Desjardins, Guillaume and Rusu, Andrei A and Milan, Kieran and Quan, John and Ramalho, Tiago and Grabska-Barwinska, Agnieszka and others},
  journal={Proceedings of the national academy of sciences},
  volume={114},
  number={13},
  pages={3521--3526},
  year={2017},
  publisher={National Acad Sciences}
}

@article{blundell2015weight,
  title={Weight uncertainty in neural networks},
  author={Blundell, Charles and Cornebise, Julien and Kavukcuoglu, Koray and Wierstra, Daan},
  journal={arXiv preprint arXiv:1505.05424},
  year={2015}
}

@article{aws2019,
  title={Capital One Data Breach Compromises Data of Over 100 Million},
  author={Emily Flitter and Karen Weise},
  journal={The NewYork Times},
  year={2019}
}

@article{msft2019,
  title={Massive data breach exposes ages, addresses, income on 80 million U.S. families},
  author={Edward C. Baig},
  journal={USA Today},
  year={2019}
}


@article{vlun2019,
  title={Hackers Compromise Volusion, Steal Card Details From 6500 websites},
  author={Tom Jowitt},
  journal={Silicon.co.uk},
  year={2019}
}

@article{pthnt17,
  title={Pathnet: Evolution channels gradient descent in super neural networks},
  author={Fernando, C., Banarse, D., Blundell, C., Zwols, Y., Ha, D., Rusu, A. & Wierstra, D.},
  journal={arXiv},
  year={2017}
}

@inproceedings{incmmatch2017,
  title={Overcoming catastrophic forgetting by incremental moment matching},
  author={Lee, S. W., Kim, J. H., Jun, J., Ha, J. W., & Zhang, B. T.},
  booktitle={Advances in neural information processing systems},
  pages={4562--4662},
  year={2017}
}

@article{htat18,
  title={Overcoming catastrophic forgetting with hard attention to the task},
  author={Serrà, J., Suris, D., Miron, M., & Karatzoglou, A.},
  journal={arXiv},
  year={2018}
}
 


@inproceedings{srivastava2013compete,
  title={Compete to compute},
  author={Srivastava, Rupesh K and Masci, Jonathan and Kazerounian, Sohrob and Gomez, Faustino and Schmidhuber, J{\"u}rgen},
  booktitle={Advances in neural information processing systems},
  pages={2310--2318},
  year={2013}
}

@inproceedings{ruvolo2013ella,
  title={ELLA: An efficient lifelong learning algorithm},
  author={Ruvolo, Paul and Eaton, Eric},
  booktitle={International Conference on Machine Learning},
  pages={507--515},
  year={2013}
}

@inproceedings{milan2016forget,
  title={The forget-me-not process},
  author={Milan, Kieran and Veness, Joel and Kirkpatrick, James and Bowling, Michael and Koop, Anna and Hassabis, Demis},
  booktitle={Advances in Neural Information Processing Systems},
  pages={3702--3710},
  year={2016}
}

@article{kumaran2016learning,
  title={What learning systems do intelligent agents need? Complementary learning systems theory updated},
  author={Kumaran, Dharshan and Hassabis, Demis and McClelland, James L},
  journal={Trends in cognitive sciences},
  volume={20},
  number={7},
  pages={512--534},
  year={2016},
  publisher={Elsevier}
}

@inproceedings{gepperth2018incremental,
  title={Incremental learning with deep neural networks using a test-time oracle.},
  author={Gepperth, Alexander and Gondal, Saad Abdullah},
  booktitle={ESANN},
  year={2018}
}

@article{parisi2019continual,
  title={Continual lifelong learning with neural networks: A review},
  author={Parisi, German I and Kemker, Ronald and Part, Jose L and Kanan, Christopher and Wermter, Stefan},
  journal={Neural Networks},
  year={2019},
  publisher={Elsevier}
}

@article{serra2018overcoming,
  title={Overcoming catastrophic forgetting with hard attention to the task},
  author={Serr{\`a}, Joan and Sur{\'\i}s, D{\'\i}dac and Miron, Marius and Karatzoglou, Alexandros},
  journal={arXiv preprint arXiv:1801.01423},
  year={2018}
}



@article{lacasse2019survey,
  title={A Survey of Feature Set Reduction Approaches for Predictive Analytics Models in the Connected Manufacturing Enterprise},
  author={LaCasse, Phillip M and Otieno, Wilkistar and Maturana, Francisco P},
  journal={Applied Sciences},
  volume={9},
  number={5},
  pages={843},
  year={2019},
  publisher={Multidisciplinary Digital Publishing Institute}
}

@article{ur2016big,
  title={Big data reduction framework for value creation in sustainable enterprises},
  author={ur Rehman, Muhammad Habib and Chang, Victor and Batool, Aisha and Wah, Teh Ying},
  journal={International Journal of Information Management},
  volume={36},
  number={6},
  pages={917--928},
  year={2016},
  publisher={Elsevier}
}

@article{jeong2018feature,
  title={A Feature Selection Approach Based on Simulated Annealing for Detecting Various Denial of Service Attacks},
  author={Jeong, In-Seon and Kim, Hong-Ki and Kim, Tae-Hee and Lee, Dong Hwi and Kim, Kuinam J and Kang, Seung-Ho},
  journal={Software Networking},
  volume={2018},
  number={1},
  pages={173--190},
  year={2018},
  publisher={River Publishers}
}

@article{lalehpour2017adaptive,
  title={Adaptive data reduction with neighbourhood search approach in coordinate measurement of planar surfaces},
  author={Lalehpour, Amirali and Berry, Cody and Barari, Ahmad},
  journal={Journal of Manufacturing Systems},
  volume={45},
  pages={28--47},
  year={2017},
  publisher={Elsevier}
}

@article{haq2016feature,
  title={Feature construction for dense inline data in semiconductor manufacturing processes},
  author={Haq, Asad A Ul and Wang, Keren and Djurdjanovic, Dragan},
  journal={IFAC-PapersOnLine},
  volume={49},
  number={28},
  pages={274--279},
  year={2016},
  publisher={Elsevier}
}

@article{christ2016distributed,
  title={Distributed and parallel time series feature extraction for industrial big data applications},
  author={Christ, Maximilian and Kempa-Liehr, Andreas W and Feindt, Michael},
  journal={arXiv preprint arXiv:1610.07717},
  year={2016}
}

@article{wang2018abstracting,
  title={Abstracting massive data for lightweight intrusion detection in computer networks},
  author={Wang, Wei and Liu, Jiqiang and Pitsilis, Georgios and Zhang, Xiangliang},
  journal={Information Sciences},
  volume={433},
  pages={417--430},
  year={2018},
  publisher={Elsevier}
}

@article{alevaluation,
  title={EVALUATION OF HIGH-PERFORMANCE COMPUTING TECHNIQUES FOR BIG DATA APPLICATIONS},
  author={Al Shehri, Waleed and Khemakhem, Maher and Basuhail, Abdullah and Eassa, Fathy E},
  year={2019}
}

@inproceedings{georgiou2012evaluating,
  title={Evaluating scalability and efficiency of the resource and job management system on large HPC clusters},
  author={Georgiou, Yiannis and Hautreux, Matthieu},
  booktitle={Workshop on Job Scheduling Strategies for Parallel Processing},
  pages={134--156},
  year={2012},
  organization={Springer}
}

@inproceedings{jeannot2013communication,
  title={Communication and topology-aware load balancing in Charm++ with TreeMatch},
  author={Jeannot, Emmanuel and Meneses, Esteban and Mercier, Guillaume and Tessier, Fran{\c{c}}ois and Zheng, Gengbin},
  booktitle={2013 IEEE International Conference on Cluster Computing (CLUSTER)},
  pages={1--8},
  year={2013},
  organization={IEEE}
}

@article{bergamaschinew,
  title={New Opportunities in High Performance Data Analytics (HPDA) and High Performance Computing (HPC)},
  author={Bergamaschi, Sonia and Cavazzoni, Carlo and Curioni, Alessandro and Fox, Geoffrey C},
  year={2014}
}

@article{tolle2011fourth,
  title={The fourth paradigm: Data-intensive scientific discovery [point of view]},
  author={Tolle, Kristin M and Tansley, D Stewart W and Hey, Anthony JG},
  journal={Proceedings of the IEEE},
  volume={99},
  number={8},
  pages={1334--1337},
  year={2011},
  publisher={IEEE}
}

@misc{fiore2018road,
  title={On the road to exascale: Advances in High Performance Computing and Simulations—An overview and editorial},
  author={Fiore, Sandro and Bakhouya, Mohamed and Smari, Waleed W},
  year={2018},
  publisher={Elsevier}
}

@article{reed2015exascale,
  title={Exascale computing and big data},
  author={Reed, Daniel A and Dongarra, Jack},
  journal={Communications of the ACM},
  volume={58},
  number={7},
  pages={56--68},
  year={2015},
  publisher={ACM}
}

@inproceedings{xuan2015big,
  title={Big data analytics on traditional HPC infrastructure using two-level storage},
  author={Xuan, Pengfei and Denton, Jeffrey and Srimani, Pradip K and Ge, Rong and Luo, Feng},
  booktitle={Proceedings of the 2015 International Workshop on Data-Intensive Scalable Computing Systems},
  pages={4},
  year={2015},
  organization={ACM}
}

@article{chen2014big,
  title={Big data: A survey},
  author={Chen, Min and Mao, Shiwen and Liu, Yunhao},
  journal={Mobile networks and applications},
  volume={19},
  number={2},
  pages={171--209},
  year={2014},
  publisher={Springer}
}

@article{Andreas2017,
  title={Distributed Algorithms and Optimization},
  author={Andreas Santucci},
  journal={https://stanf
  ord.edu/~rezab/classes/cme323/S17/notes/lecture16/cme323_lec16.pdf},
  year={2017},
  publisher={Stanford}
}

@article{Mahout2019,
  title={Mahout 0.12.0 Features by Engine},
  author={Apache Software Foundation},
  journal={https://
  mahout.apache.org/users/basics/algorithms.html},
  year={2019},
  publisher={Apache}
}

@article{Creme2019,
  title={Crème - Library by Google Colab},
  author={Max Halford},
  journal={https://maxhalford.github.io
  /slides/creme-tds/#1 : https://creme-ml.github.io},
  year={2019},
  publisher={Google Colab}
}

@article{Dask2019,
  title={Dask - Library for Parallel Computing},
  author={Anaconda, Inc},
  journal={https://docs.dask.org
  /en/latest/why.html : https://docs.google.com/presentation/d/e/2PACX-1vSTH2kAR0
  DCR0nw8pFBe5kuYbOk3inZ9cQfZbzOIRjyzQoVaOoMfI2JONGBz-},
  year={2018},
  publisher={Anaconda, Inc}
}

@article{Progressive2017,
  title={Progressive Loading},
  author={Jason Brownlee PhD},
  journal={https://machinelearningmastery
  .com/large-data-files-machine-learning/},
  year={2017},
  publisher={machinelearningmastery}
}

@article{douzas2018effective,
  title={Effective data generation for imbalanced learning using conditional generative adversarial networks},
  author={Douzas, Georgios and Bacao, Fernando},
  journal={Expert Systems with applications},
  volume={91},
  pages={464--471},
  year={2018},
  publisher={Elsevier}
}

@article{zhang2018deep,
  title={Deep generative model for multi-class imbalanced learning},
  author={Zhang, Yazhou},
  year={2018}
}

@inproceedings{zikeba2015rbm,
  title={RBM-SMOTE: restricted Boltzmann machines for synthetic minority oversampling technique},
  author={Zi{\k{e}}ba, Maciej and Tomczak, Jakub M and Gonczarek, Adam},
  booktitle={Asian Conference on Intelligent Information and Database Systems},
  pages={377--386},
  year={2015},
  organization={Springer}
}
@article{ritter2018online,
  title={Online structured laplace approximations for overcoming catastrophic forgetting},
  author={Ritter, Hippolyt and Botev, Aleksandar and Barber, David},
  journal={Advances in Neural Information Processing Systems},
  volume={31},
  year={2018}
}
@article{nekooeimehr2016adaptive,
  title={Adaptive semi-unsupervised weighted oversampling (A-SUWO) for imbalanced datasets},
  author={Nekooeimehr, Iman and Lai-Yuen, Susana K},
  journal={Expert Systems with Applications},
  volume={46},
  pages={405--416},
  year={2016},
  publisher={Elsevier}
}

@article{douzas2017self,
  title={Self-Organizing Map Oversampling (SOMO) for imbalanced data set learning},
  author={Douzas, Georgios and Bacao, Fernando},
  journal={Expert Systems with Applications},
  volume={82},
  pages={40--52},
  year={2017},
  publisher={Elsevier}
}

@article{bunkhumpornpat2012dbsmote,
  title={DBSMOTE: density-based synthetic minority over-sampling technique},
  author={Bunkhumpornpat, Chumphol and Sinapiromsaran, Krung and Lursinsap, Chidchanok},
  journal={Applied Intelligence},
  volume={36},
  number={3},
  pages={664--684},
  year={2012},
  publisher={Springer}
}

@article{chawla2002smote,
  title={SMOTE: synthetic minority over-sampling technique},
  author={Chawla, Nitesh V and Bowyer, Kevin W and Hall, Lawrence O and Kegelmeyer, W Philip},
  journal={Journal of artificial intelligence research},
  volume={16},
  pages={321--357},
  year={2002}
}

@inproceedings{han2005borderline,
  title={Borderline-SMOTE: a new over-sampling method in imbalanced data sets learning},
  author={Han, Hui and Wang, Wen-Yuan and Mao, Bing-Huan},
  booktitle={International conference on intelligent computing},
  pages={878--887},
  year={2005},
  organization={Springer}
}

@inproceedings{nguyen2009borderline,
  title={Borderline over-sampling for imbalanced data classification},
  author={Nguyen, Hien M and Cooper, Eric W and Kamei, Katsuari},
  booktitle={Proceedings: Fifth International Workshop on Computational Intelligence \& Applications},
  volume={2009},
  number={1},
  pages={24--29},
  year={2009},
  organization={IEEE SMC Hiroshima Chapter}
}



@inproceedings{chawla2003smoteboost,
  title={SMOTEBoost: Improving prediction of the minority class in boosting},
  author={Chawla, Nitesh V and Lazarevic, Aleksandar and Hall, Lawrence O and Bowyer, Kevin W},
  booktitle={European conference on principles of data mining and knowledge discovery},
  pages={107--119},
  year={2003},
  organization={Springer}
}

@inproceedings{he2008adasyn,
  title={ADASYN: Adaptive synthetic sampling approach for imbalanced learning},
  author={He, Haibo and Bai, Yang and Garcia, Edwardo A and Li, Shutao},
  booktitle={2008 IEEE International Joint Conference on Neural Networks (IEEE World Congress on Computational Intelligence)},
  pages={1322--1328},
  year={2008},
  organization={IEEE}
}

@inproceedings{mani2003knn,
  title={kNN approach to unbalanced data distributions: a case study involving information extraction},
  author={Mani, Inderjeet and Zhang, I},
  booktitle={Proceedings of workshop on learning from imbalanced datasets},
  volume={126},
  year={2003}
}

@inproceedings{kubat1997addressing,
  title={Addressing the curse of imbalanced training sets: one-sided selection},
  author={Kubat, Miroslav and Matwin, Stan and others},
  booktitle={Icml},
  volume={97},
  pages={179--186},
  year={1997},
  organization={Nashville, USA}
}

@inproceedings{jeatrakul2010classification,
  title={Classification of imbalanced data by combining the complementary neural network and SMOTE algorithm},
  author={Jeatrakul, Piyasak and Wong, Kok Wai and Fung, Chun Che},
  booktitle={International Conference on Neural Information Processing},
  pages={152--159},
  year={2010},
  organization={Springer}
}

@article{smith2014instance,
  title={An instance level analysis of data complexity},
  author={Smith, Michael R and Martinez, Tony and Giraud-Carrier, Christophe},
  journal={Machine learning},
  volume={95},
  number={2},
  pages={225--256},
  year={2014},
  publisher={Springer}
}

@incollection{chawla2009data,
  title={Data mining for imbalanced datasets: An overview},
  author={Chawla, Nitesh V},
  booktitle={Data mining and knowledge discovery handbook},
  pages={875--886},
  year={2009},
  publisher={Springer}
}

@article{estabrooks2004multiple,
  title={A multiple resampling method for learning from imbalanced data sets},
  author={Estabrooks, Andrew and Jo, Taeho and Japkowicz, Nathalie},
  journal={Computational intelligence},
  volume={20},
  number={1},
  pages={18--36},
  year={2004},
  publisher={Wiley Online Library}
}

@article{japkowicz2002class,
  title={The class imbalance problem: A systematic study},
  author={Japkowicz, Nathalie and Stephen, Shaju},
  journal={Intelligent data analysis},
  volume={6},
  number={5},
  pages={429--449},
  year={2002},
  publisher={IOS Press}
}

@article{batista2004study,
  title={A study of the behavior of several methods for balancing machine learning training data},
  author={Batista, Gustavo EAPA and Prati, Ronaldo C and Monard, Maria Carolina},
  journal={ACM SIGKDD explorations newsletter},
  volume={6},
  number={1},
  pages={20--29},
  year={2004},
  publisher={ACM}
}

@inproceedings{batista2003balancing,
  title={Balancing Training Data for Automated Annotation of Keywords: a Case Study.},
  author={Batista, Gustavo EAPA and Bazzan, Ana LC and Monard, Maria Carolina},
  booktitle={WOB},
  pages={10--18},
  year={2003}
}

@book{moore2007basic,
  title={The basic practice of statistics},
  author={Moore, David S and Kirkland, Stephane},
  volume={2},
  year={2007},
  publisher={WH Freeman New York}
}

@incollection{NIPS2014_5423,
title = {Generative Adversarial Nets},
author = {Goodfellow, Ian and Pouget-Abadie, Jean and Mirza, Mehdi and Xu, Bing and Warde-Farley, David and Ozair, Sherjil and Courville, Aaron and Bengio, Yoshua},
booktitle = {Advances in Neural Information Processing Systems 27},
editor = {Z. Ghahramani and M. Welling and C. Cortes and N. D. Lawrence and K. Q. Weinberger},
pages = {2672--2680},
year = {2014},
publisher = {Curran Associates, Inc.},
url = {http://papers.nips.cc/paper/5423-generative-adversarial-nets.pdf}
}

@article{hinton2006reducing,
  title={Reducing the dimensionality of data with neural networks},
  author={Hinton, Geoffrey E and Salakhutdinov, Ruslan R},
  journal={science},
  volume={313},
  number={5786},
  pages={504--507},
  year={2006},
  publisher={American Association for the Advancement of Science}
}

@article{kingma2013auto,
  title={Auto-encoding variational bayes},
  author={Kingma, Diederik P and Welling, Max},
  journal={arXiv preprint arXiv:1312.6114},
  year={2013}
}
@article{meng2016mllib,
  title={Mllib: Machine learning in apache spark},
  author={Meng, Xiangrui and Bradley, Joseph and Yavuz, Burak and Sparks, Evan and Venkataraman, Shivaram and Liu, Davies and Freeman, Jeremy and Tsai, DB and Amde, Manish and Owen, Sean and others},
  journal={The Journal of Machine Learning Research},
  volume={17},
  number={1},
  pages={1235--1241},
  year={2016},
  publisher={JMLR. org}
}
@article{zaharia2016apache,
  title={Apache spark: a unified engine for big data processing},
  author={Zaharia, Matei and Xin, Reynold S and Wendell, Patrick and Das, Tathagata and Armbrust, Michael and Dave, Ankur and Meng, Xiangrui and Rosen, Josh and Venkataraman, Shivaram and Franklin, Michael J and others},
  journal={Communications of the ACM},
  volume={59},
  number={11},
  pages={56--65},
  year={2016},
  publisher={ACM New York, NY, USA}
}
@inproceedings{zaharia2012resilient,
  title={Resilient distributed datasets: A fault-tolerant abstraction for in-memory cluster computing},
  author={Zaharia, Matei and Chowdhury, Mosharaf and Das, Tathagata and Dave, Ankur and Ma, Justin and McCauly, Murphy and Franklin, Michael J and Shenker, Scott and Stoica, Ion},
  booktitle={Presented as part of the 9th $\{$USENIX$\}$ Symposium on Networked Systems Design and Implementation ($\{$NSDI$\}$ 12)},
  pages={15--28},
  year={2012}
}
@book{karau2015learning,
  title={Learning spark: lightning-fast big data analysis},
  author={Karau, Holden and Konwinski, Andy and Wendell, Patrick and Zaharia, Matei},
  year={2015},
  publisher={" O'Reilly Media, Inc."}
}
@inproceedings{venkataraman2016sparkr,
  title={Sparkr: Scaling r programs with spark},
  author={Venkataraman, Shivaram and Yang, Zongheng and Liu, Davies and Liang, Eric and Falaki, Hossein and Meng, Xiangrui and Xin, Reynold and Ghodsi, Ali and Franklin, Michael and Stoica, Ion and others},
  booktitle={Proceedings of the 2016 International Conference on Management of Data},
  pages={1099--1104},
  year={2016}
}
@inproceedings{bosagh2016matrix,
  title={Matrix computations and optimization in apache spark},
  author={Bosagh Zadeh, Reza and Meng, Xiangrui and Ulanov, Alexander and Yavuz, Burak and Pu, Li and Venkataraman, Shivaram and Sparks, Evan and Staple, Aaron and Zaharia, Matei},
  booktitle={Proceedings of the 22nd ACM SIGKDD International Conference on Knowledge Discovery and Data Mining},
  pages={31--38},
  year={2016}
}

@article{guo2018bioinformatics,
  title={Bioinformatics applications on apache spark},
  author={Guo, Runxin and Zhao, Yi and Zou, Quan and Fang, Xiaodong and Peng, Shaoliang},
  journal={GigaScience},
  volume={7},
  number={8},
  pages={giy098},
  year={2018},
  publisher={Oxford University Press}
}
@inproceedings{armbrust2018structured,
  title={Structured streaming: A declarative api for real-time applications in apache spark},
  author={Armbrust, Michael and Das, Tathagata and Torres, Joseph and Yavuz, Burak and Zhu, Shixiong and Xin, Reynold and Ghodsi, Ali and Stoica, Ion and Zaharia, Matei},
  booktitle={Proceedings of the 2018 International Conference on Management of Data},
  pages={601--613},
  year={2018}
}
@article{owen2011mahout,
  title={Mahout in action: Manning Shelter Island},
  author={Owen, S and Anil, R and Dunning, T and Friedman, E},
  year={2011}
}
@inproceedings{schelter2016samsara,
  title={Samsara: Declarative machine learning on distributed dataflow systems},
  author={Schelter, Sebastian and Palumbo, Andrew and Quinn, Shannon and Marthi, Suneel and Musselman, Andrew},
  booktitle={NIPS Workshop MLSystems},
  year={2016}
}
@article{manu2017single,
  title={Single-criteria collaborative filter implementation using Apache Mahout in big data},
  author={Manu, MN and Ramesh, B},
  journal={International Journal of Computer Sciences and Engineering Open Access},
  volume={5},
  number={1},
  pages={7--13},
  year={2017}
}
@inproceedings{wu2018movie,
  title={Movie Recommendation System Using Collaborative Filtering},
  author={Wu, Ching-Seh Mike and Garg, Deepti and Bhandary, Unnathi},
  booktitle={2018 IEEE 9th International Conference on Software Engineering and Service Science (ICSESS)},
  pages={11--15},
  year={2018},
  organization={IEEE}
}
@inproceedings{beck2017system,
  title={A System for Online News Recommendations in Real-Time with Apache Mahout.},
  author={Beck, Paul David and Blaser, Manuel and Michalke, Adrian and Lommatzsch, Andreas},
  booktitle={CLEF (Working Notes)},
  year={2017}
}
@inproceedings{ko2014predicting,
  title={Predicting the severity of motor neuron disease progression using electronic health record data with a cloud computing Big Data approach},
  author={Ko, Kyung Dae and El-Ghazawi, Tarek and Kim, Dongkyu and Morizono, Hiroki},
  booktitle={2014 IEEE Conference on Computational Intelligence in Bioinformatics and Computational Biology},
  pages={1--6},
  year={2014},
  organization={IEEE}
}

@inproceedings{demirbaga2018social,
  title={Social media data analysis using mapreduce programming model and training a tweet classifier using apache mahout},
  author={Demirbaga, Umit and Jha, Devki Nandan},
  booktitle={2018 IEEE 8th International Symposium on Cloud and Service Computing (SC2)},
  pages={116--121},
  year={2018},
  organization={IEEE}
}
@inproceedings{hefeeda2012distributed,
  title={Distributed approximate spectral clustering for large-scale datasets},
  author={Hefeeda, Mohamed and Gao, Fei and Abd-Almageed, Wael},
  booktitle={Proceedings of the 21st international symposium on High-Performance Parallel and Distributed Computing},
  pages={223--234},
  year={2012}
}
@inproceedings{esteves2011k,
  title={K-means clustering in the cloud--a Mahout test},
  author={Esteves, Rui Maximo and Pais, Rui and Rong, Chunming},
  booktitle={2011 IEEE Workshops of International Conference on Advanced Information Networking and Applications},
  pages={514--519},
  year={2011},
  organization={IEEE}
}
@incollection{sharma2018analysis,
  title={Analysis of Mahout Big Data Clustering Algorithms},
  author={Sharma, Ishan and Tiwari, Rajeev and Rana, Hukam Singh and Anand, Abhineet},
  booktitle={Intelligent Communication, Control and Devices},
  pages={999--1008},
  year={2018},
  publisher={Springer}
}
@article{morales2015samoa,
  title={SAMOA: scalable advanced massive online analysis.},
  author={Morales, Gianmarco De Francisci and Bifet, Albert},
  journal={Journal of Machine Learning Research},
  volume={16},
  number={1},
  pages={149--153},
  year={2015}
}

@incollection{kourtellis2019large,
  title={Large-scale learning from data streams with Apache SAMOA},
  author={Kourtellis, Nicolas and Morales, Gianmarco De Francisci and Bifet, Albert},
  booktitle={Learning from Data Streams in Evolving Environments},
  pages={177--207},
  year={2019},
  publisher={Springer}
}
@inproceedings{kourtellis2016vht,
  title={Vht: Vertical hoeffding tree},
  author={Kourtellis, Nicolas and Morales, Gianmarco De Francisci and Bifet, Albert and Murdopo, Arinto},
  booktitle={2016 ieee international conference on big data (big data)},
  pages={915--922},
  year={2016},
  organization={IEEE}
}
@inproceedings{richter2015multi,
  title={A multi-dimensional comparison of toolkits for machine learning with big data},
  author={Richter, Aaron N and Khoshgoftaar, Taghi M and Landset, Sara and Hasanin, Tawfiq},
  booktitle={2015 IEEE International Conference on Information Reuse and Integration},
  pages={1--8},
  year={2015},
  organization={IEEE}
}
@inproceedings{nasir2015power,
  title={The power of both choices: Practical load balancing for distributed stream processing engines},
  author={Nasir, Muhammad Anis Uddin and Morales, Gianmarco De Francisci and Garcia-Soriano, David and Kourtellis, Nicolas and Serafini, Marco},
  booktitle={2015 IEEE 31st International Conference on Data Engineering},
  pages={137--148},
  year={2015},
  organization={IEEE}
}
@inproceedings{bifet2014big,
  title={Big data stream learning with samoa},
  author={Bifet, Albert and Morales, Gianmarco De Francisci},
  booktitle={2014 IEEE International Conference on Data Mining Workshop},
  pages={1199--1202},
  year={2014},
  organization={IEEE}
}

@article{kourtellis2015scalable,
  title={Scalable online betweenness centrality in evolving graphs},
  author={Kourtellis, Nicolas and Morales, Gianmarco De Francisci and Bonchi, Francesco},
  journal={IEEE Transactions on Knowledge and Data Engineering},
  volume={27},
  number={9},
  pages={2494--2506},
  year={2015},
  publisher={IEEE}
}
@inproceedings{di2014framework,
  title={A framework for Internet data real-time processing: A machine-learning approach},
  author={Di Mauro, Mario and Di Sarno, Cesario},
  booktitle={2014 International Carnahan Conference on Security Technology (ICCST)},
  pages={1--6},
  year={2014},
  organization={IEEE}
}
@inproceedings{rocklin2015dask,
  title={Dask: Parallel computation with blocked algorithms and task scheduling},
  author={Rocklin, Matthew},
  booktitle={Proceedings of the 14th python in science conference},
  number={130-136},
  year={2015},
  organization={Citeseer}
}
@article{christ2018time,
  title={Time series feature extraction on basis of scalable hypothesis tests (tsfresh--a python package)},
  author={Christ, Maximilian and Braun, Nils and Neuffer, Julius and Kempa-Liehr, Andreas W},
  journal={Neurocomputing},
  volume={307},
  pages={72--77},
  year={2018},
  publisher={Elsevier}
}
@api{CRM19,
title ={Online Machine learning with crème},
author = {M. Rocklin},
year = {2019},
url = {https://github.com/creme-ml/creme}
}

 @article{
 databricks,
 author ={Ghodsi, Ali},
 title = {Spark Support},
 url = {https://databricks.com/support},
 year = {2019}
 }
  
 @article{pascanu2013revisiting,
  title={Revisiting natural gradient for deep networks},
  author={Pascanu, Razvan and Bengio, Yoshua},
  journal={arXiv preprint arXiv:1301.3584},
  year={2013}
}


@article{edgeworth1908probable,
  title={On the probable errors of frequency-constants},
  author={Edgeworth, Francis Ysidro},
  journal={Journal of the Royal Statistical Society},
  volume={71},
  number={2},
  pages={381--397},
  year={1908},
  publisher={JSTOR}
}

@article{vzliobaite2010learning,
  title={Learning under concept drift: an overview},
  author={{\v{Z}}liobait{\.e}, Indr{\.e}},
  journal={arXiv preprint arXiv:1010.4784},
  year={2010}
}

@article{mackay1992bayesian,
  title={Bayesian interpolation},
  author={MacKay, David JC},
  journal={Neural computation},
  volume={4},
  number={3},
  pages={415--447},
  year={1992},
  publisher={MIT Press}
}
@article{kirkpatrick2017overcoming,
  title={Overcoming catastrophic forgetting in neural networks},
  author={Kirkpatrick, James and Pascanu, Razvan and Rabinowitz, Neil and Veness, Joel and Desjardins, Guillaume and Rusu, Andrei A and Milan, Kieran and Quan, John and Ramalho, Tiago and Grabska-Barwinska, Agnieszka and others},
  journal={Proceedings of the national academy of sciences},
  volume={114},
  number={13},
  pages={3521--3526},
  year={2017},
  publisher={National Acad Sciences}
}
@inproceedings{dean2012large,
  title={Large scale distributed deep networks},
  author={Dean, Jeffrey and Corrado, Greg and Monga, Rajat and Chen, Kai and Devin, Matthieu and Mao, Mark and Ranzato, Marc'aurelio and Senior, Andrew and Tucker, Paul and Yang, Ke and others},
  booktitle={Advances in neural information processing systems},
  pages={1223--1231},
  year={2012}
}

@inproceedings{huang2019gpipe,
  title={Gpipe: Efficient training of giant neural networks using pipeline parallelism},
  author={Huang, Yanping and Cheng, Youlong and Bapna, Ankur and Firat, Orhan and Chen, Dehao and Chen, Mia and Lee, HyoukJoong and Ngiam, Jiquan and Le, Quoc V and Wu, Yonghui and others},
  booktitle={Advances in Neural Information Processing Systems},
  pages={103--112},
  year={2019}
}
@inproceedings{langley00,
 author    = {P. Langley},
 title     = {Crafting Papers on Machine Learning},
 year      = {2000},
 pages     = {1207--1216},
 editor    = {Pat Langley},
 booktitle     = {Proceedings of the 17th International Conference
              on Machine Learning (ICML 2000)},
 address   = {Stanford, CA},
 publisher = {Morgan Kaufmann}
}

@TechReport{mitchell80,
  author = 	 "T. M. Mitchell",
  title = 	 "The Need for Biases in Learning Generalizations",
  institution =  "Computer Science Department, Rutgers University",
  year = 	 "1980",
  address =	 "New Brunswick, MA",
}

@phdthesis{kearns89,
  author = {M. J. Kearns},
  title =  {Computational Complexity of Machine Learning},
  school = {Department of Computer Science, Harvard University},
  year =   {1989}
}

@Book{MachineLearningI,
  editor = 	 "R. S. Michalski and J. G. Carbonell and T.
		  M. Mitchell",
  title = 	 "Machine Learning: An Artificial Intelligence
		  Approach, Vol. I",
  publisher = 	 "Tioga",
  year = 	 "1983",
  address =	 "Palo Alto, CA"
}
@book{scholkopf2002learning,
  title={Learning with kernels: support vector machines, regularization, optimization, and beyond},
  author={Sch{\"o}lkopf, Bernhard and Smola, Alexander J and Bach, Francis and others},
  year={2002},
  publisher={MIT press}
}
@article{gretton2009covariate,
  title={Covariate shift by kernel mean matching},
  author={Gretton, Arthur and Smola, Alex and Huang, Jiayuan and Schmittfull, Marcel and Borgwardt, Karsten and Sch{\"o}lkopf, Bernhard and others},
  journal={Dataset shift in machine learning},
  volume={3},
  number={4},
  pages={5},
  year={2009}
}
@Book{DudaHart2nd,
  author =       "R. O. Duda and P. E. Hart and D. G. Stork",
  title =        "Pattern Classification",
  publisher =    "John Wiley and Sons",
  edition =      "2nd",
  year =         "2000"
}

@misc{anonymous,
  title= {Suppressed for Anonymity},
  author= {Author, N. N.},
  year= {2018}
}
@article{widmer1996learning,
  title={Learning in the presence of concept drift and hidden contexts},
  author={Widmer, Gerhard and Kubat, Miroslav},
  journal={Machine learning},
  volume={23},
  pages={69--101},
  year={1996},
  publisher={Springer}
}

@InCollection{Newell81,
  author =       "A. Newell and P. S. Rosenbloom",
  title =        "Mechanisms of Skill Acquisition and the Law of
                  Practice", 
  booktitle =    "Cognitive Skills and Their Acquisition",
  pages =        "1--51",
  publisher =    "Lawrence Erlbaum Associates, Inc.",
  year =         "1981",
  editor =       "J. R. Anderson",
  chapter =      "1",
  address =      "Hillsdale, NJ"
}


@Article{Samuel59,
  author = 	 "A. L. Samuel",
  title = 	 "Some Studies in Machine Learning Using the Game of
		  Checkers",
  journal =	 "IBM Journal of Research and Development",
  year =	 "1959",
  volume =	 "3",
  number =	 "3",
  pages =	 "211--229"
}

@article{sugiyama2005input,
  title={Input-dependent estimation of generalization error under covariate shift},
  author={Sugiyama, Masashi and M{\"u}ller, Klaus-Robert},
  year={2005},
  publisher={Oldenbourg Wissenschaftsverlag GmbH}
}
@article{cortes2014domain,
  title={Domain adaptation and sample bias correction theory and algorithm for regression},
  author={Cortes, Corinna and Mohri, Mehryar},
  journal={Theoretical Computer Science},
  volume={519},
  pages={103--126},
  year={2014},
  publisher={Elsevier}
}
@inproceedings{khan2024causal,
  title={Causal Covariate Shift Correction using Fisher information penalty},
  author={Khan, Behraj and Mirza, Behroz and Syed, Tahir},
  booktitle={The Second Tiny Papers Track at ICLR 2024}
}

@article{jelinek1977perplexity,
  title={Perplexity—a measure of the difficulty of speech recognition tasks},
  author={Jelinek, Fred and Mercer, Robert L and Bahl, Lalit R and Baker, James K},
  journal={The Journal of the Acoustical Society of America},
  volume={62},
  number={S1},
  pages={S63--S63},
  year={1977},
  publisher={Acoustical Society of America}
}
@article{ouyang2022training,
  title={Training language models to follow instructions with human feedback},
  author={Ouyang, Long and Wu, Jeffrey and Jiang, Xu and Almeida, Diogo and Wainwright, Carroll and Mishkin, Pamela and Zhang, Chong and Agarwal, Sandhini and Slama, Katarina and Ray, Alex and others},
  journal={Advances in neural information processing systems},
  volume={35},
  pages={27730--27744},
  year={2022}
}
@article{achiam2023gpt,
  title={Gpt-4 technical report},
  author={Achiam, Josh and Adler, Steven and Agarwal, Sandhini and Ahmad, Lama and Akkaya, Ilge and Aleman, Florencia Leoni and Almeida, Diogo and Altenschmidt, Janko and Altman, Sam and Anadkat, Shyamal and others},
  journal={arXiv preprint arXiv:2303.08774},
  year={2023}
}
@article{roy2023consistency,
  title={Consistency-guided prompt learning for vision-language models},
  author={Roy, Shuvendu and Etemad, Ali},
  journal={arXiv preprint arXiv:2306.01195},
  year={2023}
}
@inproceedings{wangopen,
  title={Open-Vocabulary Calibration for Fine-tuned CLIP},
  author={Wang, Shuoyuan and Wang, Jindong and Wang, Guoqing and Zhang, Bob and Zhou, Kaiyang and Wei, Hongxin},
  booktitle={Forty-first International Conference on Machine Learning},
year = {2024}

}