@article{zhu2019chance,
  title={Chance-constrained collision avoidance for mavs in dynamic environments},
  author={Zhu, Hai and Alonso-Mora, Javier},
  journal={IEEE Robotics and Automation Letters},
  volume={4},
  number={2},
  pages={776--783},
  year={2019},
  publisher={IEEE}
}



@article{zhang2020trajectory,
  title={Trajectory generation by chance-constrained nonlinear MPC with probabilistic prediction},
  author={Zhang, Xiaoxue and Ma, Jun and Cheng, Zilong and Huang, Sunan and Ge, Shuzhi Sam and Lee, Tong Heng},
  journal={IEEE Transactions on Cybernetics},
  volume={51},
  number={7},
  pages={3616--3629},
  year={2020},
  publisher={IEEE}
}


@article{blackmore2011chance,
  title={Chance-constrained optimal path planning with obstacles},
  author={Blackmore, Lars and Ono, Masahiro and Williams, Brian C},
  journal={IEEE Transactions on Robotics},
  volume={27},
  number={6},
  pages={1080--1094},
  year={2011},
  publisher={IEEE}
}


@article{Seitzer,
  title={On the pitfalls of heteroscedastic uncertainty estimation with probabilistic neural networks},
  author={Seitzer, Maximilian and Tavakoli, Arash and Antic, Dimitrije and Martius, Georg},
  journal={arXiv preprint arXiv:2203.09168},
  year={2022}
}



@article{lindemann2023safe,
  title={Safe planning in dynamic environments using conformal prediction},
  author={Lindemann, Lars and Cleaveland, Matthew and Shim, Gihyun and Pappas, George J},
  journal={IEEE Robotics and Automation Letters},
  year={2023},
  publisher={IEEE}
}

@inproceedings{lutjens2019safe,
  title={Safe reinforcement learning with model uncertainty estimates},
  author={L{\"u}tjens, Bj{\"o}rn and Everett, Michael and How, Jonathan P},
  booktitle={2019 International Conference on Robotics and Automation (ICRA)},
  pages={8662--8668},
  year={2019},
  organization={IEEE}
}

@inproceedings{carvalho2014stochastic,
  title={Stochastic predictive control of autonomous vehicles in uncertain environments},
  author={Carvalho, Ashwin and Gao, Yiqi and Lefevre, St{\'e}phanie and Borrelli, Francesco},
  booktitle={12th international symposium on advanced vehicle control},
  volume={9},
  year={2014}
}

@article{nakka2022trajectory,
  title={Trajectory optimization of chance-constrained nonlinear stochastic systems for motion planning under uncertainty},
  author={Nakka, Yashwanth Kumar and Chung, Soon-Jo},
  journal={IEEE Transactions on Robotics},
  volume={39},
  number={1},
  pages={203--222},
  year={2022},
  publisher={IEEE}
}

@article{zhang2020trajectory,
  title={Trajectory generation by chance-constrained nonlinear MPC with probabilistic prediction},
  author={Zhang, Xiaoxue and Ma, Jun and Cheng, Zilong and Huang, Sunan and Ge, Shuzhi Sam and Lee, Tong Heng},
  journal={IEEE Transactions on Cybernetics},
  volume={51},
  number={7},
  pages={3616--3629},
  year={2020},
  publisher={IEEE}
}

@inproceedings{tacs2018limited,
  title={Limited visibility and uncertainty aware motion planning for automated driving},
  author={Ta{\c{s}}, {\"O}mer {\c{S}}ahin and Stiller, Christoph},
  booktitle={2018 IEEE Intelligent Vehicles Symposium (IV)},
  pages={1171--1178},
  year={2018},
  organization={IEEE}
}

@inproceedings{fan2020learning,
  title={Learning resilient behaviors for navigation under uncertainty},
  author={Fan, Tingxiang and Long, Pinxin and Liu, Wenxi and Pan, Jia and Yang, Ruigang and Manocha, Dinesh},
  booktitle={2020 IEEE International Conference on Robotics and Automation (ICRA)},
  pages={5299--5305},
  year={2020},
  organization={IEEE}
}

@article{fridovich2020confidence,
  title={Confidence-aware motion prediction for real-time collision avoidance1},
  author={Fridovich-Keil, David and Bajcsy, Andrea and Fisac, Jaime F and Herbert, Sylvia L and Wang, Steven and Dragan, Anca D and Tomlin, Claire J},
  journal={The International Journal of Robotics Research},
  volume={39},
  number={2-3},
  pages={250--265},
  year={2020},
  publisher={SAGE Publications Sage UK: London, England}
}

@inproceedings{jian2023dynamic,
  title={Dynamic control barrier function-based model predictive control to safety-critical obstacle-avoidance of mobile robot},
  author={Jian, Zhuozhu and Yan, Zihong and Lei, Xuanang and Lu, Zihong and Lan, Bin and Wang, Xueqian and Liang, Bin},
  booktitle={2023 IEEE International Conference on Robotics and Automation (ICRA)},
  pages={3679--3685},
  year={2023},
  organization={IEEE}
}

@article{brito2019model,
  title={Model predictive contouring control for collision avoidance in unstructured dynamic environments},
  author={Brito, Bruno and Floor, Boaz and Ferranti, Laura and Alonso-Mora, Javier},
  journal={IEEE Robotics and Automation Letters},
  volume={4},
  number={4},
  pages={4459--4466},
  year={2019},
  publisher={IEEE}
}

@inproceedings{HJB,
  title={Solving finite-horizon HJB for optimal control of continuous-time systems},
  author={Lin, Ziyu and Duan, Jingliang and Li, Shengbo Eben and Li, Jie and Ma, Haitong and Sun, Qi and Chen, Jianyu and Cheng, Bo},
  booktitle={2021 International Conference on Computer, Control and Robotics (ICCCR)},
  pages={116--122},
  year={2021},
  organization={IEEE}
}

@inproceedings{castillo2018model,
  title={Model predictive control for aerial collision avoidance in dynamic environments},
  author={Castillo-Lopez, Manuel and Sajadi-Alamdari, Seyed Amin and Sanchez-Lopez, Jose Luis and Olivares-Mendez, Miguel A and Voos, Holger},
  booktitle={2018 26th Mediterranean Conference on Control and Automation (MED)},
  pages={1--6},
  year={2018},
  organization={IEEE}
}

@inproceedings{kamel2017robust,
  title={Robust collision avoidance for multiple micro aerial vehicles using nonlinear model predictive control},
  author={Kamel, Mina and Alonso-Mora, Javier and Siegwart, Roland and Nieto, Juan},
  booktitle={2017 IEEE/RSJ International Conference on Intelligent Robots and Systems (IROS)},
  pages={236--243},
  year={2017},
  organization={IEEE}
}

@inproceedings{muthali2023multi,
  title={Multi-agent reachability calibration with conformal prediction},
  author={Muthali, Anish and Shen, Haotian and Deglurkar, Sampada and Lim, Michael H and Roelofs, Rebecca and Faust, Aleksandra and Tomlin, Claire},
  booktitle={2023 62nd IEEE Conference on Decision and Control (CDC)},
  pages={6596--6603},
  year={2023},
  organization={IEEE}
}