@inproceedings{xie2022incontext,
title={An Explanation of In-context Learning as Implicit Bayesian Inference},
author={Sang Michael Xie and Aditi Raghunathan and Percy Liang and Tengyu Ma},
booktitle={International Conference on Learning Representations (ICLR)},
year={2022}
}



@inproceedings{
akyrek2023what,
title={What learning algorithm is in-context learning? Investigations with linear models},
author={Ekin Akyurek and Dale Schuurmans and Jacob Andreas and Tengyu Ma and Denny Zhou},
booktitle={International Conference on Learning Representations },
year={2023},
}

@article{nguyen2023context,
  title={In-context example selection with influences},
  author={Nguyen, Tai and Wong, Eric},
  journal={arXiv preprint arXiv:2302.11042},
  year={2023}
}

@article{gao2024unifying,
  title={Unifying demonstration selection and compression for in-context learning},
  author={Gao, Jun and Cao, Ziqiang and Li, Wenjie},
  journal={arXiv preprint arXiv:2405.17062},
  year={2024}
}
}

@inproceedings{
Kang2020Decoupling,
title={Decoupling Representation and Classifier for Long-Tailed Recognition},
author={Bingyi Kang and Saining Xie and Marcus Rohrbach and Zhicheng Yan and Albert Gordo and Jiashi Feng and Yannis Kalantidis},
booktitle={International Conference on Learning Representations},
year={2020},
}

@inproceedings{zhang2015character,
  title={Character-level convolutional networks for text classification},
  author={Zhang, Xiang and Zhao, Junbo and LeCun, Yann},
booktitle={Advances in neural information processing systems},
  volume={28},
  year={2015}
}

@inproceedings{marc_reviews,
    title={The Multilingual Amazon Reviews Corpus},
    author={Keung, Phillip and Lu, Yichao and Szarvas, György and Smith, Noah A.},
    booktitle={Proceedings of the 2020 Conference on Empirical Methods in Natural Language Processing},
    year={2020}
}


@article{zhang2025more,
  title={More is not always better? Enhancing Many-Shot In-Context Learning with Differentiated and Reweighting Objectives},
  author={Zhang, Xiaoqing and Lv, Ang and Liu, Yuhan and Sung, Flood and Liu, Wei and Shang, Shuo and Chen, Xiuying and Yan, Rui},
  journal={arXiv preprint arXiv:2501.04070},
  year={2025}
}

@article{muller2024bayes,
  title={Bayes' Power for Explaining In-Context Learning Generalizations},
  author={M{\"u}ller, Samuel and Hollmann, Noah and Hutter, Frank},
  journal={arXiv preprint arXiv:2410.01565},
  year={2024}
}






@inproceedings{saravia-etal-2018-carer,
    title = "{CARER}: Contextualized Affect Representations for Emotion Recognition",
    author = "Saravia, Elvis  and
      Liu, Hsien-Chi Toby  and
      Huang, Yen-Hao  and
      Wu, Junlin  and
      Chen, Yi-Shin",
    booktitle = "Proceedings of the 2018 Conference on Empirical Methods in Natural Language Processing",
    year = "2018",
    address = "Brussels, Belgium",
    pages = "3687--3697",

}




@article{jiang2023mistral,
  title={Mistral 7B},
  author={Jiang, Albert Q and Sablayrolles, Alexandre and Mensch, Arthur and Bamford, Chris and Chaplot, Devendra Singh and Casas, Diego de las and Bressand, Florian and Lengyel, Gianna and Lample, Guillaume and Saulnier, Lucile and others},
  journal={arXiv preprint arXiv:2310.06825},
  year={2023}
}

@article{gopalan2013unsupervised,
  title={Unsupervised adaptation across domain shifts by generating intermediate data representations},
  author={Gopalan, Raghuraman and Li, Ruonan and Chellappa, Rama},
  journal={IEEE Transactions on Pattern Analysis and Machine Intelligence},
  pages={2288--2302},
  year={2013},
}

@inproceedings{gu2022tackling,
  title={Tackling long-tailed category distribution under domain shifts},
  author={Gu, Xiao and Guo, Yao and Li, Zeju and Qiu, Jianing and Dou, Qi and Liu, Yuxuan and Lo, Benny and Yang, Guang-Zhong},
  booktitle={European Conference on Computer Vision},
  pages={727--743},
  year={2022},
}


@article{husain1909evaluating,
  title={Evaluating the State of Semantic Code Search (2019). doi: 10.48550},
  author={Husain, Hamel and Wu, Ho-Hsiang and Gazit, Tiferet and Allamanis, Miltiadis and Brockschmidt, Marc and Challenge, Code-SearchNet},
  journal={ARXIV},
  year={2019}
}

@inproceedings{
su2023selective,
title={Selective Annotation Makes Language Models Better Few-Shot Learners},
author={Hongjin Su and Jungo Kasai and Chen Henry Wu and Weijia Shi and Tianlu Wang and Jiayi Xin and Rui Zhang and Mari Ostendorf and Luke Zettlemoyer and Noah A. Smith and Tao Yu},
booktitle={International Conference on Learning Representations},
year={2023},
}





@article{kwiatkowski-etal-2019-natural,
    title = "Natural Questions: A Benchmark for Question Answering Research",
    author = "Kwiatkowski, Tom  and
      Palomaki, Jennimaria  and
      Redfield, Olivia  and
      Collins, Michael  and
      Parikh, Ankur  and
      Alberti, Chris  and
      Epstein, Danielle  and
      Polosukhin, Illia  and
      Devlin, Jacob  and
      Lee, Kenton  and
      Toutanova, Kristina  and
      Jones, Llion  and
      Kelcey, Matthew  and
      Chang, Ming-Wei  and
      Dai, Andrew M.  and
      Uszkoreit, Jakob  and
      Le, Quoc  and
      Petrov, Slav",
    journal = "Transactions of the Association for Computational Linguistics",
    year = "2019",
    pages = "452--466",
}


@inproceedings{min-etal-2022-metaicl,
    title = "{M}eta{ICL}: Learning to Learn In Context",
    author = "Min, Sewon  and
      Lewis, Mike  and
      Zettlemoyer, Luke  and
      Hajishirzi, Hannaneh",
    booktitle = "Proceedings of the 2022 Conference of the North American Chapter of the Association for Computational Linguistics: Human Language Technologies",
    year = "2022",
    pages = "2791--2809"
}



@inproceedings{wang-etal-2024-bayesian,
    title = "{B}ayesian Example Selection Improves In-Context Learning for Speech, Text and Visual Modalities",
    author = "Wang, Siyin  and
      Yang, Chao-Han Huck  and
      Wu, Ji  and
      Zhang, Chao",
    booktitle = "Proceedings of the 2024 Conference on Empirical Methods in Natural Language Processing",
    year = "2024",
    pages = "20812--20828",
}


@inproceedings{rubin-etal-2022-learning,
    title = "Learning To Retrieve Prompts for In-Context Learning",
    author = "Rubin, Ohad  and
      Herzig, Jonathan  and
      Berant, Jonathan",
    
    booktitle = "Proceedings of the 2022 Conference of the North American Chapter of the Association for Computational Linguistics: Human Language Technologies",
    year = "2022",
    pages = "2655--2671",
}

@inproceedings{jamal2020rethinking,
  title={Rethinking class-balanced methods for long-tailed visual recognition from a domain adaptation perspective},
  author={Jamal, Muhammad Abdullah and Brown, Matthew and Yang, Ming-Hsuan and Wang, Liqiang and Gong, Boqing},
  booktitle={Proceedings of the IEEE/CVF Conference on Computer Vision and Pattern Recognition},
  pages={7610--7619},
  year={2020}
}

@inproceedings{edwards-camacho-collados-2024-language,
    title = "Language Models for Text Classification: Is In-Context Learning Enough?",
    author = "Edwards, Aleksandra  and
      Camacho-Collados, Jose",
    booktitle = "Proceedings of the 2024 Joint International Conference on Computational Linguistics, Language Resources and Evaluation (LREC-COLING 2024)",
    year = "2024",
    pages = "10058--10072",
}


@inproceedings{vilarino2005experiments,
  title={Experiments with SVM and stratified sampling with an imbalanced problem: Detection of intestinal contractions},
  author={Vilari{\~n}o, Fernando and Spyridonos, Panagiota and Vitri{\`a}, Jordi and Radeva, Petia},
  booktitle={International Conference on Pattern Recognition and Image Analysis},
  pages={783--791},
  year={2005},
}



@Misc{bayesianopt, author = {Fernando Nogueira},
    title = {{Bayesian Optimization}: Open source constrained global optimization tool for {Python}},
    year = {2014},
    url = {" https://github.com/bayesian-optimization/BayesianOptimization"}
}

@inproceedings{dong2024survey,
  title={A survey on in-context learning},
  author={Dong, Qingxiu and Li, Lei and Dai, Damai and Zheng, Ce and Ma, Jingyuan and Li, Rui and Xia, Heming and Xu, Jingjing and Wu, Zhiyong and Chang, Baobao and others},
  booktitle={Proceedings of the 2024 Conference on Empirical Methods in Natural Language Processing},
  pages={1107--1128},
  year={2024}
}

@inproceedings{zhang-etal-2022-active,
    title = "Active Example Selection for In-Context Learning",
    author = "Zhang, Yiming and Feng, Shi and Tan, Chenhao",
    booktitle = "Proceedings of the 2022 Conference on Empirical Methods in Natural Language Processing",
    year = "2022",
    pages = "9134--9148",
}


@inproceedings{schultheis2024generalized,
  title={Generalized test utilities for long-tail performance in extreme multi-label classification},
  author={Schultheis, Erik and Wydmuch, Marek and Kotlowski, Wojciech and Babbar, Rohit and Dembczynski, Krzysztof},
  booktitle={Advances in Neural Information Processing Systems},
  volume={36},
  year={2024}
}

@inproceedings{hendel2023context,
  title={In-context learning creates task vectors},
  author={Hendel, Roee and Geva, Mor and Globerson, Amir},
  booktitle = "Proceedings of the 2023 Conference on Empirical Methods in Natural Language Processing",
  year={2023},
pages = "9318–-9333",
}

@inproceedings{mo-etal-2024-c,
    title = "{C}-{ICL}: Contrastive In-context Learning for Information Extraction",
    author = "Mo, Ying  and
      Liu, Jiahao  and
      Yang, Jian  and
      Wang, Qifan  and
      Zhang, Shun  and
      Wang, Jingang  and
      Li, Zhoujun",
    booktitle = "Proceedings of the 2024 Conference on Empirical Methods in Natural Language Processing",
    year = "2024",
    pages = "10099--10114",
}


@inproceedings{qin2023context,
  title={In-context learning with iterative demonstration selection},
  author={Qin, Chengwei and Zhang, Aston and Chen, Chen and Dagar, Anirudh and Ye, Wenming},
  booktitle = "Proceedings of the 2024 Conference on Empirical Methods in Natural Language Processing",
    year = "2024",
    pages = "7441–-7455",
}

@article{luo2024context,
  title={In-context learning with retrieved demonstrations for language models: A survey},
  author={Luo, Man and Xu, Xin and Liu, Yue and Pasupat, Panupong and Kazemi, Mehran},
  journal={arXiv preprint arXiv:2401.11624},
  year={2024}
}


@article{de2024survey,
  title={A Survey of Deep Long-Tail Classification Advancements},
  author={De Alvis, Charika and Seneviratne, Suranga},
  journal={arXiv preprint arXiv:2404.15593},
  year={2024}
}



@inproceedings{gardner2014bayesian,
    title={Bayesian optimization with inequality constraints.},
    author={Gardner, Jacob R and Kusner, Matt J and Xu, Zhixiang Eddie and Weinberger, Kilian Q and Cunningham, John P},
    booktitle={International Conference on Machine Learning},
    volume={2014},
    pages={937--945},
    year={2014}
}


@inproceedings{wu-etal-2023-openicl,
    title = "{O}pen{ICL}: An Open-Source Framework for In-context Learning",
    author = "Wu, Zhenyu  and
      Wang, Yaoxiang  and
      Ye, Jiacheng  and
      Wu, Zhiyong  and
      Feng, Jiangtao  and
      Xu, Jingjing  and
      Qiao, Yu",
    booktitle = "Proceedings of the 61st Annual Meeting of the Association for Computational Linguistics (Volume 3: System Demonstrations)",
    year = "2023",
    pages = "489--498",
}



@inproceedings{Bert,
    title = "{BERT}: Pre-training of Deep Bidirectional Transformers for Language Understanding",
    author = "Devlin, Jacob  and
      Chang, Ming-Wei  and
      Lee, Kenton  and
      Toutanova, Kristina",
    booktitle = "Proceedings of the 2019 Conference of the North {A}merican Chapter of the Association for Computational Linguistics: Human Language Technologies, Volume 1 (Long and Short Papers)",
    year = "2019",
    pages = "4171--4186",
}

@Misc{llama3modelcard,
title={Llama 3 Model Card},
author={AI@Meta},
year={2024},
url = {https://github.com/meta-llama/llama3/blob/main/MODEL_CARD.md}
}


@inproceedings{peng-etal-2024-revisiting,
    title = "Revisiting Demonstration Selection Strategies in In-Context Learning",
    author = "Peng, Keqin  and
      Ding, Liang  and
      Yuan, Yancheng  and
      Liu, Xuebo  and
      Zhang, Min  and
      Ouyang, Yuanxin  and
      Tao, Dacheng",
    booktitle = "Proceedings of the 62nd Annual Meeting of the Association for Computational Linguistics (Volume 1: Long Papers)",
    year = "2024",
    pages = "9090--9101",
}




@article{zhang2022opt,
      title={{OPT}: Open Pre-trained Transformer Language Models}, 
      author={Susan Zhang and Stephen Roller and Naman Goyal and Mikel Artetxe and Moya Chen and Shuohui Chen and Christopher Dewan and Mona Diab and Xian Li and Xi Victoria Lin and Todor Mihaylov and Myle Ott and Sam Shleifer and Kurt Shuster and Daniel Simig and Punit Singh Koura and Anjali Sridhar and Tianlu Wang and Luke Zettlemoyer},
      year={2022},
    journal={arXiv preprint arXiv:2205.01068},
}

@inproceedings{gao2024noise,
  title={On the Noise Robustness of In-Context Learning for Text Generation},
  author={Gao, Hongfu and Zhang, Feipeng and Jiang, Wenyu and Shu, Jun and Zheng, Feng and Wei, Hongxin},
  booktitle={Advances in Neural Information Processing Systems},
  year={2024}
}

@inproceedings{shi2023re,
  title={How re-sampling helps for long-tail learning?},
  author={Shi, Jiang-Xin and Wei, Tong and Xiang, Yuke and Li, Yu-Feng},
  booktitle={Advances in Neural Information Processing Systems},
 pages = {75669--75687},
  year={2023}
}


@inproceedings{Ye2023DPP,
author = {Ye, Jiacheng and Wu, Zhiyong and Feng, Jiangtao and Yu, Tao and Kong, Lingpeng},
title = {Compositional exemplars for in-context learning},
year = {2023},
booktitle = {International Conference on Machine Learning},
articleno = {1662},
numpages = {16},
location = {, Honolulu, Hawaii, USA, },
 pages = "39818–-39833"
}



@inproceedings{falck2024martingale,
  title = 	 {Is In-Context Learning in Large Language Models Bayesian? {A} Martingale Perspective},
  author =       {Falck, Fabian and Wang, Ziyu and Holmes, Christopher C.},
  booktitle = 	 {International Conference on Machine Learning},
  pages = 	 {12784--12805},
  year = 	 {2024},
}

@inproceedings{brown2020language,
  title={Language models are few-shot learners},
  author={Brown, Tom and Mann, Benjamin and Ryder, Nick and Subbiah, Melanie and Kaplan, Jared D and Dhariwal, Prafulla and Neelakantan, Arvind and Shyam, Pranav and Sastry, Girish and Askell, Amanda and others},
  booktitle={Advances in Neural Information Processing Systems},
  pages={1877--1901},
  year={2020}
}

@inproceedings{mosbach-etal-2023-shot,
    title = "Few-shot Fine-tuning vs. In-context Learning: A Fair Comparison and Evaluation",
    author = "Mosbach, Marius  and
      Pimentel, Tiago  and
      Ravfogel, Shauli  and
      Klakow, Dietrich  and
      Elazar, Yanai",
    booktitle = "Findings of the Association for Computational Linguistics: ACL 2023",
    year = "2023",
    pages = "12284--12314",
}




@inproceedings{abbas2024enhancing,
  title={Enhancing in-context learning via linear probe calibration},
  author={Abbas, Momin and Zhou, Yi and Ram, Parikshit and Baracaldo, Nathalie and Samulowitz, Horst and Salonidis, Theodoros and Chen, Tianyi},
  booktitle={International Conference on Artificial Intelligence and Statistics},
  pages={307--315},
  year={2024},
}

@article{liu2024let,
  title={Let's Learn Step by Step: Enhancing In-Context Learning Ability with Curriculum Learning},
  author={Liu, Yinpeng and Liu, Jiawei and Shi, Xiang and Cheng, Qikai and Huang, Yong and Lu, Wei},
  journal={arXiv preprint arXiv:2402.10738},
  year={2024}
}

@inproceedings{lu-etal-2022-fantastically,
    title = "Fantastically Ordered Prompts and Where to Find Them: Overcoming Few-Shot Prompt Order Sensitivity",
    author = "Lu, Yao  and
      Bartolo, Max  and
      Moore, Alastair  and
      Riedel, Sebastian  and
      Stenetorp, Pontus",
    booktitle = "Proceedings of the 60th Annual Meeting of the Association for Computational Linguistics (Volume 1: Long Papers)",
    year = "2022",
    pages = "8086--8098",
}



@inproceedings{ye-etal-2023-complementary,
    title = "Complementary Explanations for Effective In-Context Learning",
    author = "Ye, Xi  and
      Iyer, Srinivasan  and
      Celikyilmaz, Asli  and
      Stoyanov, Veselin  and
      Durrett, Greg  and
      Pasunuru, Ramakanth",
    booktitle = "Findings of the Association for Computational Linguistics: ACL 2023",
    year = "2023",
    pages = "4469--4484",
}

@inproceedings{tan2020equalization,
  title={Equalization loss for long-tailed object recognition},
  author={Tan, Jingru and Wang, Changbao and Li, Buyu and Li, Quanquan and Ouyang, Wanli and Yin, Changqing and Yan, Junjie},
  booktitle={Proceedings of the IEEE/CVF Conference on Computer Vision and Pattern Recognition},
  pages={11662--11671},
  year={2020}
}

@article{bhat2023robust,
  title={Robust loss function for class imbalanced semantic segmentation and image classification},
  author={Bhat, S Divakar and Soni, Mudit and Yasui, Yuji},
  journal={IFAC-PapersOnLine},
  volume={56},
  number={2},
  pages={7934--7939},
  year={2023},
  publisher={Elsevier}
}

@inproceedings{long2022retrieval,
  title={Retrieval augmented classification for long-tail visual recognition},
  author={Long, Alexander and Yin, Wei and Ajanthan, Thalaiyasingam and Nguyen, Vu and Purkait, Pulak and Garg, Ravi and Blair, Alan and Shen, Chunhua and van den Hengel, Anton},
  booktitle={Proceedings of the IEEE/CVF Conference on Computer Vision and Pattern Recognition},
  pages={6959--6969},
  year={2022}
}

@article{pan2024lt,
  title={LT-DARTS: An Architectural Approach to Enhance Deep Long-Tailed Learning},
  author={Pan, Yuhan and Sun, Yanan and Gong, Wei},
  journal={arXiv preprint arXiv:2411.06098},
  year={2024}
}

@inproceedings{garcin2022stochastic,
  title={Stochastic smoothing of the top-k calibrated hinge loss for deep imbalanced classification},
  author={Garcin, Camille and Servajean, Maximilien and Joly, Alexis and Salmon, Joseph},
  booktitle={International Conference on Machine Learning},
  pages={7208--7222},
  year={2022},
}

@inproceedings{park2023robust,
  title={Robust asymmetric loss for multi-label long-tailed learning},
  author={Park, Wongi and Park, Inhyuk and Kim, Sungeun and Ryu, Jongbin},
  booktitle={Proceedings of the IEEE/CVF International Conference on Computer Vision},
  pages={2711--2720},
  year={2023}
}



@inproceedings{yao-etal-2024-samples,
    title = "More Samples or More Prompts? Exploring Effective Few-Shot In-Context Learning for {LLM}s with In-Context Sampling",
    author = "Yao, Bingsheng  and
      Chen, Guiming  and
      Zou, Ruishi  and
      Lu, Yuxuan  and
      Li, Jiachen  and
      Zhang, Shao  and
      Sang, Yisi  and
      Liu, Sijia  and
      Hendler, James  and
      Wang, Dakuo",
    booktitle = "Findings of the Association for Computational Linguistics: NAACL 2024",
    year = "2024",
    pages = "1772--1790",
}



@article{voronov2024mind,
  title={Mind your format: Towards consistent evaluation of in-context learning improvements},
  author={Voronov, Anton and Wolf, Lena and Ryabinin, Max},
  journal={arXiv preprint arXiv:2401.06766},
  year={2024}
}

@article{van2024context,
  title={In-Context Learning Demonstration Selection via Influence Analysis},
  author={Van, Minh-Hao and Wu, Xintao and others},
  journal={arXiv preprint arXiv:2402.11750},
  year={2024}
}




@inproceedings{fei-etal-2023-mitigating,
    title = "Mitigating Label Biases for In-context Learning",
    author = "Fei, Yu  and
      Hou, Yifan  and
      Chen, Zeming  and
      Bosselut, Antoine",
    booktitle = "Proceedings of the 61st Annual Meeting of the Association for Computational Linguistics (Volume 1: Long Papers)",
    year = "2023",
    pages = "14014--14031",
}



@article{hong2024mixtures,
  title={Mixtures of In-Context Learners},
  author={Hong, Giwon and van Krieken, Emile and Ponti, Edoardo and Malkin, Nikolay and Minervini, Pasquale},
  journal={arXiv preprint arXiv:2411.02830},
  year={2024}
}




@article{brunet2023icl,
  title={ICL Markup: Structuring In-Context Learning using Soft-Token Tags},
  author={Brunet, Marc-Etienne and Anderson, Ashton and Zemel, Richard},
  journal={arXiv preprint arXiv:2312.07405},
  year={2023}
}

@article{agarwal2024many,
  title={Many-shot in-context learning},
  author={Agarwal, Rishabh and Singh, Avi and Zhang, Lei M and Bohnet, Bernd and Rosias, Luis and Chan, Stephanie and Zhang, Biao and Anand, Ankesh and Abbas, Zaheer and Nova, Azade and others},
  journal={arXiv preprint arXiv:2404.11018},
  year={2024}
}



@inproceedings{
panwar2024incontext,
title={In-Context Learning through the Bayesian Prism},
author={Madhur Panwar and Kabir Ahuja and Navin Goyal},
booktitle={International Conference on Learning Representations},
year={2024},
}

@inproceedings{li-etal-2023-unified,
    title = "Unified Demonstration Retriever for In-Context Learning",
    author = "Li, Xiaonan  and
      Lv, Kai  and
      Yan, Hang  and
      Lin, Tianyang  and
      Zhu, Wei  and
      Ni, Yuan  and
      Xie, Guotong  and
      Wang, Xiaoling  and
      Qiu, Xipeng",
    booktitle = "Proceedings of the 61st Annual Meeting of the Association for Computational Linguistics (Volume 1: Long Papers)",
    year = "2023",
    pages = "4644--4668",
}

@inproceedings{liu-etal-2022-makes,
    title = "What Makes Good In-Context Examples for {GPT}-3?",
    author = "Liu, Jiachang  and
      Shen, Dinghan  and
      Zhang, Yizhe  and
      Dolan, Bill  and
      Carin, Lawrence  and
      Chen, Weizhu",
    booktitle = "Proceedings of Deep Learning Inside Out (DeeLIO 2022): The 3rd Workshop on Knowledge Extraction and Integration for Deep Learning Architectures",
    year = "2022",
    pages = "100--114",
}


@inproceedings{cui2018large,
  title={Large scale fine-grained categorization and domain-specific transfer learning},
  author={Cui, Yin and Song, Yang and Sun, Chen and Howard, Andrew and Belongie, Serge},
  booktitle={Proceedings of the IEEE Conference on Computer Vision and Pattern Recognition},
  pages={4109--4118},
  year={2018}
}

@inproceedings{baldassini2024makes,
  title={What Makes Multimodal In-Context Learning Work?},
  author={Baldassini, Folco Bertini and Shukor, Mustafa and Cord, Matthieu and Soulier, Laure and Piwowarski, Benjamin},
  booktitle={Proceedings of the IEEE/CVF Conference on Computer Vision and Pattern Recognition},
  pages={1539--1550},
  year={2024}
}

@inproceedings{
xie2022an,
title={An Explanation of In-context Learning as Implicit Bayesian Inference},
author={Sang Michael Xie and Aditi Raghunathan and Percy Liang and Tengyu Ma},
booktitle={International Conference on Learning Representations},
year={2022},
}

@article{chawla2002smote,
  title={SMOTE: synthetic minority over-sampling technique},
  author={Chawla, Nitesh V and Bowyer, Kevin W and Hall, Lawrence O and Kegelmeyer, W Philip},
  journal={Journal of Artificial Intelligence Research},
  volume={16},
  pages={321--357},
  year={2002}
}

@inproceedings{cui2019class,
  title={Class-balanced loss based on effective number of samples},
  author={Cui, Yin and Jia, Menglin and Lin, Tsung-Yi and Song, Yang and Belongie, Serge},
  booktitle={Proceedings of the IEEE/CVF Conference on Computer Vision and Pattern Recognition},
  pages={9268--9277},
  year={2019}
}

@article{liu2008exploratory,
  title={Exploratory undersampling for class-imbalance learning},
  author={Liu, Xu-Ying and Wu, Jianxin and Zhou, Zhi-Hua},
  journal={IEEE Transactions on Systems, Man, and Cybernetics, Part B (Cybernetics)},
  volume={39},
  pages={539--550},
  year={2008}
}

@inproceedings{wei2022open,
  title={Open-sampling: Exploring out-of-distribution data for re-balancing long-tailed datasets},
  author={Wei, Hongxin and Tao, Lue and Xie, Renchunzi and Feng, Lei and An, Bo},
  booktitle={International Conference on Machine Learning},
  pages={23615--23630},
  year={2022},
}

@inproceedings{gonen-etal-2023-demystifying,
    title = "Demystifying Prompts in Language Models via Perplexity Estimation",
    author = "Gonen, Hila  and
      Iyer, Srini  and
      Blevins, Terra  and
      Smith, Noah  and
      Zettlemoyer, Luke",
    booktitle = "Proceedings of the 2023 Conference on Empirical Methods in Natural Language Processing",
    year = "2023",
    pages = "10136--10148",
}
