@inproceedings{abbas2024enhancing,
  title={Enhancing in-context learning via linear probe calibration},
  author={Abbas, Momin and Zhou, Yi and Ram, Parikshit and Baracaldo, Nathalie and Samulowitz, Horst and Salonidis, Theodoros and Chen, Tianyi},
  booktitle={International Conference on Artificial Intelligence and Statistics},
  pages={307--315},
  year={2024},
}

@article{agarwal2024many,
  title={Many-shot in-context learning},
  author={Agarwal, Rishabh and Singh, Avi and Zhang, Lei M and Bohnet, Bernd and Rosias, Luis and Chan, Stephanie and Zhang, Biao and Anand, Ankesh and Abbas, Zaheer and Nova, Azade and others},
  journal={arXiv preprint arXiv:2404.11018},
  year={2024}
}

@article{bhat2023robust,
  title={Robust loss function for class imbalanced semantic segmentation and image classification},
  author={Bhat, S Divakar and Soni, Mudit and Yasui, Yuji},
  journal={IFAC-PapersOnLine},
  volume={56},
  number={2},
  pages={7934--7939},
  year={2023},
  publisher={Elsevier}
}

@article{brunet2023icl,
  title={ICL Markup: Structuring In-Context Learning using Soft-Token Tags},
  author={Brunet, Marc-Etienne and Anderson, Ashton and Zemel, Richard},
  journal={arXiv preprint arXiv:2312.07405},
  year={2023}
}

@article{chawla2002smote,
  title={SMOTE: synthetic minority over-sampling technique},
  author={Chawla, Nitesh V and Bowyer, Kevin W and Hall, Lawrence O and Kegelmeyer, W Philip},
  journal={Journal of Artificial Intelligence Research},
  volume={16},
  pages={321--357},
  year={2002}
}

@inproceedings{cui2018large,
  title={Large scale fine-grained categorization and domain-specific transfer learning},
  author={Cui, Yin and Song, Yang and Sun, Chen and Howard, Andrew and Belongie, Serge},
  booktitle={Proceedings of the IEEE Conference on Computer Vision and Pattern Recognition},
  pages={4109--4118},
  year={2018}
}

@inproceedings{cui2019class,
  title={Class-balanced loss based on effective number of samples},
  author={Cui, Yin and Jia, Menglin and Lin, Tsung-Yi and Song, Yang and Belongie, Serge},
  booktitle={Proceedings of the IEEE/CVF Conference on Computer Vision and Pattern Recognition},
  pages={9268--9277},
  year={2019}
}

@inproceedings{dong2024survey,
  title={A survey on in-context learning},
  author={Dong, Qingxiu and Li, Lei and Dai, Damai and Zheng, Ce and Ma, Jingyuan and Li, Rui and Xia, Heming and Xu, Jingjing and Wu, Zhiyong and Chang, Baobao and others},
  booktitle={Proceedings of the 2024 Conference on Empirical Methods in Natural Language Processing},
  pages={1107--1128},
  year={2024}
}

@inproceedings{edwards-camacho-collados-2024-language,
    title = "Language Models for Text Classification: Is In-Context Learning Enough?",
    author = "Edwards, Aleksandra  and
      Camacho-Collados, Jose",
    booktitle = "Proceedings of the 2024 Joint International Conference on Computational Linguistics, Language Resources and Evaluation (LREC-COLING 2024)",
    year = "2024",
    pages = "10058--10072",
}

@inproceedings{falck2024martingale,
  title = 	 {Is In-Context Learning in Large Language Models Bayesian? {A} Martingale Perspective},
  author =       {Falck, Fabian and Wang, Ziyu and Holmes, Christopher C.},
  booktitle = 	 {International Conference on Machine Learning},
  pages = 	 {12784--12805},
  year = 	 {2024},
}

@inproceedings{fei-etal-2023-mitigating,
    title = "Mitigating Label Biases for In-context Learning",
    author = "Fei, Yu  and
      Hou, Yifan  and
      Chen, Zeming  and
      Bosselut, Antoine",
    booktitle = "Proceedings of the 61st Annual Meeting of the Association for Computational Linguistics (Volume 1: Long Papers)",
    year = "2023",
    pages = "14014--14031",
}

@inproceedings{gao2024noise,
  title={On the Noise Robustness of In-Context Learning for Text Generation},
  author={Gao, Hongfu and Zhang, Feipeng and Jiang, Wenyu and Shu, Jun and Zheng, Feng and Wei, Hongxin},
  booktitle={Advances in Neural Information Processing Systems},
  year={2024}
}

@article{gao2024unifying,
  title={Unifying demonstration selection and compression for in-context learning},
  author={Gao, Jun and Cao, Ziqiang and Li, Wenjie},
  journal={arXiv preprint arXiv:2405.17062},
  year={2024}
}
}

@inproceedings{garcin2022stochastic,
  title={Stochastic smoothing of the top-k calibrated hinge loss for deep imbalanced classification},
  author={Garcin, Camille and Servajean, Maximilien and Joly, Alexis and Salmon, Joseph},
  booktitle={International Conference on Machine Learning},
  pages={7208--7222},
  year={2022},
}

@inproceedings{gonen-etal-2023-demystifying,
    title = "Demystifying Prompts in Language Models via Perplexity Estimation",
    author = "Gonen, Hila  and
      Iyer, Srini  and
      Blevins, Terra  and
      Smith, Noah  and
      Zettlemoyer, Luke",
    booktitle = "Proceedings of the 2023 Conference on Empirical Methods in Natural Language Processing",
    year = "2023",
    pages = "10136--10148",
}

@inproceedings{hendel2023context,
  title={In-context learning creates task vectors},
  author={Hendel, Roee and Geva, Mor and Globerson, Amir},
  booktitle = "Proceedings of the 2023 Conference on Empirical Methods in Natural Language Processing",
  year={2023},
pages = "9318–-9333",
}

@article{hong2024mixtures,
  title={Mixtures of In-Context Learners},
  author={Hong, Giwon and van Krieken, Emile and Ponti, Edoardo and Malkin, Nikolay and Minervini, Pasquale},
  journal={arXiv preprint arXiv:2411.02830},
  year={2024}
}

@inproceedings{jamal2020rethinking,
  title={Rethinking class-balanced methods for long-tailed visual recognition from a domain adaptation perspective},
  author={Jamal, Muhammad Abdullah and Brown, Matthew and Yang, Ming-Hsuan and Wang, Liqiang and Gong, Boqing},
  booktitle={Proceedings of the IEEE/CVF Conference on Computer Vision and Pattern Recognition},
  pages={7610--7619},
  year={2020}
}

@article{liu2008exploratory,
  title={Exploratory undersampling for class-imbalance learning},
  author={Liu, Xu-Ying and Wu, Jianxin and Zhou, Zhi-Hua},
  journal={IEEE Transactions on Systems, Man, and Cybernetics, Part B (Cybernetics)},
  volume={39},
  pages={539--550},
  year={2008}
}

@article{liu2024let,
  title={Let's Learn Step by Step: Enhancing In-Context Learning Ability with Curriculum Learning},
  author={Liu, Yinpeng and Liu, Jiawei and Shi, Xiang and Cheng, Qikai and Huang, Yong and Lu, Wei},
  journal={arXiv preprint arXiv:2402.10738},
  year={2024}
}

@inproceedings{long2022retrieval,
  title={Retrieval augmented classification for long-tail visual recognition},
  author={Long, Alexander and Yin, Wei and Ajanthan, Thalaiyasingam and Nguyen, Vu and Purkait, Pulak and Garg, Ravi and Blair, Alan and Shen, Chunhua and van den Hengel, Anton},
  booktitle={Proceedings of the IEEE/CVF Conference on Computer Vision and Pattern Recognition},
  pages={6959--6969},
  year={2022}
}

@inproceedings{lu-etal-2022-fantastically,
    title = "Fantastically Ordered Prompts and Where to Find Them: Overcoming Few-Shot Prompt Order Sensitivity",
    author = "Lu, Yao  and
      Bartolo, Max  and
      Moore, Alastair  and
      Riedel, Sebastian  and
      Stenetorp, Pontus",
    booktitle = "Proceedings of the 60th Annual Meeting of the Association for Computational Linguistics (Volume 1: Long Papers)",
    year = "2022",
    pages = "8086--8098",
}

@article{luo2024context,
  title={In-context learning with retrieved demonstrations for language models: A survey},
  author={Luo, Man and Xu, Xin and Liu, Yue and Pasupat, Panupong and Kazemi, Mehran},
  journal={arXiv preprint arXiv:2401.11624},
  year={2024}
}

@inproceedings{mo-etal-2024-c,
    title = "{C}-{ICL}: Contrastive In-context Learning for Information Extraction",
    author = "Mo, Ying  and
      Liu, Jiahao  and
      Yang, Jian  and
      Wang, Qifan  and
      Zhang, Shun  and
      Wang, Jingang  and
      Li, Zhoujun",
    booktitle = "Proceedings of the 2024 Conference on Empirical Methods in Natural Language Processing",
    year = "2024",
    pages = "10099--10114",
}

@inproceedings{mosbach-etal-2023-shot,
    title = "Few-shot Fine-tuning vs. In-context Learning: A Fair Comparison and Evaluation",
    author = "Mosbach, Marius  and
      Pimentel, Tiago  and
      Ravfogel, Shauli  and
      Klakow, Dietrich  and
      Elazar, Yanai",
    booktitle = "Findings of the Association for Computational Linguistics: ACL 2023",
    year = "2023",
    pages = "12284--12314",
}

@article{muller2024bayes,
  title={Bayes' Power for Explaining In-Context Learning Generalizations},
  author={M{\"u}ller, Samuel and Hollmann, Noah and Hutter, Frank},
  journal={arXiv preprint arXiv:2410.01565},
  year={2024}
}

@article{nguyen2023context,
  title={In-context example selection with influences},
  author={Nguyen, Tai and Wong, Eric},
  journal={arXiv preprint arXiv:2302.11042},
  year={2023}
}

@article{pan2024lt,
  title={LT-DARTS: An Architectural Approach to Enhance Deep Long-Tailed Learning},
  author={Pan, Yuhan and Sun, Yanan and Gong, Wei},
  journal={arXiv preprint arXiv:2411.06098},
  year={2024}
}

@inproceedings{park2023robust,
  title={Robust asymmetric loss for multi-label long-tailed learning},
  author={Park, Wongi and Park, Inhyuk and Kim, Sungeun and Ryu, Jongbin},
  booktitle={Proceedings of the IEEE/CVF International Conference on Computer Vision},
  pages={2711--2720},
  year={2023}
}

@inproceedings{qin2023context,
  title={In-context learning with iterative demonstration selection},
  author={Qin, Chengwei and Zhang, Aston and Chen, Chen and Dagar, Anirudh and Ye, Wenming},
  booktitle = "Proceedings of the 2024 Conference on Empirical Methods in Natural Language Processing",
    year = "2024",
    pages = "7441–-7455",
}

@inproceedings{schultheis2024generalized,
  title={Generalized test utilities for long-tail performance in extreme multi-label classification},
  author={Schultheis, Erik and Wydmuch, Marek and Kotlowski, Wojciech and Babbar, Rohit and Dembczynski, Krzysztof},
  booktitle={Advances in Neural Information Processing Systems},
  volume={36},
  year={2024}
}

@inproceedings{shi2023re,
  title={How re-sampling helps for long-tail learning?},
  author={Shi, Jiang-Xin and Wei, Tong and Xiang, Yuke and Li, Yu-Feng},
  booktitle={Advances in Neural Information Processing Systems},
 pages = {75669--75687},
  year={2023}
}

@inproceedings{tan2020equalization,
  title={Equalization loss for long-tailed object recognition},
  author={Tan, Jingru and Wang, Changbao and Li, Buyu and Li, Quanquan and Ouyang, Wanli and Yin, Changqing and Yan, Junjie},
  booktitle={Proceedings of the IEEE/CVF Conference on Computer Vision and Pattern Recognition},
  pages={11662--11671},
  year={2020}
}

@article{van2024context,
  title={In-Context Learning Demonstration Selection via Influence Analysis},
  author={Van, Minh-Hao and Wu, Xintao and others},
  journal={arXiv preprint arXiv:2402.11750},
  year={2024}
}

@article{voronov2024mind,
  title={Mind your format: Towards consistent evaluation of in-context learning improvements},
  author={Voronov, Anton and Wolf, Lena and Ryabinin, Max},
  journal={arXiv preprint arXiv:2401.06766},
  year={2024}
}

@inproceedings{wei2022open,
  title={Open-sampling: Exploring out-of-distribution data for re-balancing long-tailed datasets},
  author={Wei, Hongxin and Tao, Lue and Xie, Renchunzi and Feng, Lei and An, Bo},
  booktitle={International Conference on Machine Learning},
  pages={23615--23630},
  year={2022},
}

@inproceedings{yao-etal-2024-samples,
    title = "More Samples or More Prompts? Exploring Effective Few-Shot In-Context Learning for {LLM}s with In-Context Sampling",
    author = "Yao, Bingsheng  and
      Chen, Guiming  and
      Zou, Ruishi  and
      Lu, Yuxuan  and
      Li, Jiachen  and
      Zhang, Shao  and
      Sang, Yisi  and
      Liu, Sijia  and
      Hendler, James  and
      Wang, Dakuo",
    booktitle = "Findings of the Association for Computational Linguistics: NAACL 2024",
    year = "2024",
    pages = "1772--1790",
}

@inproceedings{ye-etal-2023-complementary,
    title = "Complementary Explanations for Effective In-Context Learning",
    author = "Ye, Xi  and
      Iyer, Srinivasan  and
      Celikyilmaz, Asli  and
      Stoyanov, Veselin  and
      Durrett, Greg  and
      Pasunuru, Ramakanth",
    booktitle = "Findings of the Association for Computational Linguistics: ACL 2023",
    year = "2023",
    pages = "4469--4484",
}

@inproceedings{zhang-etal-2022-active,
    title = "Active Example Selection for In-Context Learning",
    author = "Zhang, Yiming and Feng, Shi and Tan, Chenhao",
    booktitle = "Proceedings of the 2022 Conference on Empirical Methods in Natural Language Processing",
    year = "2022",
    pages = "9134--9148",
}

@article{zhang2025more,
  title={More is not always better? Enhancing Many-Shot In-Context Learning with Differentiated and Reweighting Objectives},
  author={Zhang, Xiaoqing and Lv, Ang and Liu, Yuhan and Sung, Flood and Liu, Wei and Shang, Shuo and Chen, Xiuying and Yan, Rui},
  journal={arXiv preprint arXiv:2501.04070},
  year={2025}
}

