//5G D2D
@ARTICLE{Tehrani:2014, 
	author={M. N. Tehrani and M. Uysal and H. Yanikomeroglu}, 
	journal={IEEE Communications Magazine}, 
	title={Device-to-device communication in 5G cellular networks: challenges, solutions, and future directions}, 
	year={2014}, 
	volume={52}, 
	number={5}, 
	pages={86-92}, 
	keywords={4G mobile communication;cellular radio;data privacy;radiofrequency interference;relay networks (telecommunication);resource allocation;telecommunication network routing;telecommunication security;5G cellular networks;base stations;cellular architecture;device terminal relaying;device tier network;device-to-device communication;licensed cellular bandwidth;macrocell tier network;massive ad hoc mesh network;pricing models;resource allocation schemes;smart interference management strategy;transmission relays;two-tier cellular network;user data routing;Bandwidth;Cellular networks;Interference;Macrocell networks;Next generation networking;Pricing;Relays;Resource management;Security}, 
	doi={10.1109/MCOM.2014.6815897}, 
	ISSN={0163-6804}, 
	month={May}
}

//Simulation
@inproceedings{p2p09-peersim,
	Author = {Alberto Montresor and M\'{a}rk Jelasity},
	Title = {{PeerSim}: A Scalable {P2P} Simulator},
	Booktitle = {Proc. of the 9th Int. Conference on Peer-to-Peer (P2P'09)},
	Year = {2009},
	Month = sep,
	Pages = {99-100},
	Address = {Seattle, WA},
}


@article{Caporuscio:2015,
	title = "Engineering Future Internet applications: The Prime approach ",
	journal = "Journal of Systems and Software ",
	volume = "106",
	number = "",
	pages = "9 - 27",
	year = "2015",
	issn = "0164-1212",
	doi = "https://doi.org/10.1016/j.jss.2015.03.102",
	url = "http://www.sciencedirect.com/science/article/pii/S0164121215000783",
	author = "Mauro Caporuscio and Carlo Ghezzi",
	keywords = "Resource-oriented architecture",
	keywords = "Middleware",
	keywords = "Future Internet"
}

@ARTICLE{Zhu:2005, 
	author={F. Zhu and M. W. Mutka and L. M. Ni}, 
	journal={IEEE Pervasive Computing}, 
	title={Service discovery in pervasive computing environments}, 
	year={2005}, 
	volume={4}, 
	number={4}, 
	pages={81-90}, 
	keywords={open systems;protocols;ubiquitous computing;pervasive computing environment;service discovery protocol;Bluetooth;Computer networks;Intelligent networks;Pervasive computing;Protection;Protocols;Service oriented architecture;Taxonomy;Web and internet services;Web services;computer networks;pervasive computing;protocols;service discovery;wireless communication}, 
	doi={10.1109/MPRV.2005.87}, 
	ISSN={1536-1268}, 
	month={Oct}
}

@article{Meshkova:2008,
 author = {Meshkova, Elena and Riihij\"{a}rvi, Janne and Petrova, Marina and M\"{a}h\"{o}nen, Petri},
 title = {A Survey on Resource Discovery Mechanisms, Peer-to-peer and Service Discovery Frameworks},
 journal = {Comput. Netw.},
 issue_date = {August, 2008},
 volume = {52},
 number = {11},
 month = aug,
 year = {2008},
 issn = {1389-1286},
 pages = {2097--2128},
 numpages = {32},
 url = {http://dx.doi.org/10.1016/j.comnet.2008.03.006},
 doi = {10.1016/j.comnet.2008.03.006},
 acmid = {1384026},
 publisher = {Elsevier North-Holland, Inc.},
 address = {New York, NY, USA},
 keywords = {Ad hoc networks, BitTorrent, Bonjour, Bootstrapping, CAN, Chord, DHT, FastTrack, Freenet, Gnutella, Heterogeneous networks, Jini, KaZaA, Kademlia, Napster, Overlay networks, Pastry, Peer-to-peer networks, Resource constrained networks, SLP, Salutation, Search, Service and resource discovery, Survey, Types of clustering, UPnP, Ubiquitous computing, Viceroy, Wireless networks, Wireless sensor networks, eDonkey}
} 

//Distributed allocation methods
@article{Korsah:2013,
	author = {G. Ayorkor Korsah and Anthony Stentz and M. Bernardine Dias},
	title = {A comprehensive taxonomy for multi-robot task allocation},
	journal = {The International Journal of Robotics Research},
	volume = {32},
	number = {12},
	pages = {1495-1512},
	year = {2013},
	doi = {10.1177/0278364913496484},
	URL = {http://dx.doi.org/10.1177/0278364913496484},
	eprint = {http://dx.doi.org/10.1177/0278364913496484}
}

@article{Gerkey:2004,
	author = {Brian P. Gerkey and Maja J. MatariÄ‡},
	title = {A Formal Analysis and Taxonomy of Task Allocation in Multi-Robot Systems},
	journal = {The International Journal of Robotics Research},
	volume = {23},
	number = {9},
	pages = {939-954},
	year = {2004},
	doi = {10.1177/0278364904045564},
	URL = {http://dx.doi.org/10.1177/0278364904045564},
	eprint = { http://dx.doi.org/10.1177/0278364904045564}
}


//LINDA main paper
@article{Gelernter:1985,
	author = {Gelernter, David},
	title = {Generative Communication in Linda},
	journal = {ACM Trans. Program. Lang. Syst.},
	issue_date = {Jan. 1985},
	volume = {7},
	number = {1},
	month = jan,
	year = {1985},
	issn = {0164-0925},
	pages = {80--112},
	numpages = {33},
	url = {http://doi.acm.org/10.1145/2363.2433},
	doi = {10.1145/2363.2433},
	acmid = {2433},
	publisher = {ACM},
	address = {New York, NY, USA}
} 

//LIME main paper
@INPROCEEDINGS{Murphy:2001, 
	author={A. L. Murphy and G. P. Picco and G. C. Roman}, 
	booktitle={Proceedings 21st International Conference on Distributed Computing Systems}, 
	title={LIME: a middleware for physical and logical mobility}, 
	year={2001}, 
	pages={524-533}, 
	keywords={client-server systems;distributed object management;LIME;Linda tuple spaces;agents;coordination perspective;hosts;logical mobility;middleware;persistent tuple space;physical mobility;Application software;Computer science;Data structures;Drives;Fabrics;Investments;Middleware;Mobile communication;Programming profession;Virtual machining}, 
	doi={10.1109/ICDSC.2001.918983}, 
	month={Apr}
}

//LIME middleware
@article{Murphy:2006,
	author = {Murphy, Amy L. and Picco, Gian Pietro and Roman, Gruia-Catalin},
	title = {LIME: A Coordination Model and Middleware Supporting Mobility of Hosts and Agents},
	journal = {ACM Trans. Softw. Eng. Methodol.},
	issue_date = {July 2006},
	volume = {15},
	number = {3},
	month = jul,
	year = {2006},
	issn = {1049-331X},
	pages = {279--328},
	numpages = {50},
	url = {http://doi.acm.org/10.1145/1151695.1151698},
	doi = {10.1145/1151695.1151698},
	acmid = {1151698},
	publisher = {ACM},
	address = {New York, NY, USA},
	keywords = {Mobile computing, middleware, tuple spaces}
}

//Replication in LIME
@inproceedings{Murphy:2006:2,
	author = {Murphy, Amy L. and Picco, Gian Pietro},
	title = {Using LIME to Support Replication for Availability in Mobile Ad Hoc Networks},
	booktitle = {Proceedings of the 8th International Conference on Coordination Models and Languages},
	series = {COORDINATION'06},
	year = {2006},
	isbn = {3-540-34694-5, 978-3-540-34694-4},
	location = {Bologna, Italy},
	pages = {194--211},
	numpages = {18},
	url = {http://dx.doi.org/10.1007/11767954_13},
	doi = {10.1007/11767954_13},
	acmid = {2172102},
	publisher = {Springer-Verlag},
	address = {Berlin, Heidelberg}
} 

//TOTA main paper
@inproceedings{Mamei:2003,
	author = {Mamei, Marco and Zambonelli, Franco and Leonardi, Letizia},
	title = {Tuples On The Air: A Middleware for Context-Aware Computing in Dynamic Networks},
	booktitle = {Proceedings of the 23rd International Conference on Distributed Computing Systems},
	series = {ICDCSW '03},
	year = {2003},
	isbn = {0-7695-1921-0},
	pages = {342--},
	url = {http://dl.acm.org/citation.cfm?id=839280.840565},
	acmid = {840565},
	publisher = {IEEE Computer Society},
	address = {Washington, DC, USA}
} 

//A-3 main paper
@INPROCEEDINGS{Baresi:2011, 
	author={L. Baresi and S. Guinea}, 
	booktitle={2011 Ninth Working IEEE/IFIP Conference on Software Architecture}, 
	title={A-3: An Architectural Style for Coordinating Distributed Components}, 
	year={2011}, 
	pages={161-170}, 
	keywords={Java;cooperative systems;distributed processing;software architecture;A-3 model;Java-based framework;autonomous robotic vacuum cleaners;distributed components;distributed systems;innovative architectural solution;semi-independent slices;Connectors;Context;Merging;Middleware;Organizing;Prototypes;Robot kinematics;Distributed computing;Software architecture}, 
	doi={10.1109/WICSA.2011.29}, 
	month={June}
}

//A-3 + Self-adaptation
@inproceedings{Baresi:2011:2,
	author = {Baresi, Luciano and Guinea, Sam},
	title = {A3: Self-adaptation Capabilities Through Groups and Coordination},
	booktitle = {Proceedings of the 4th India Software Engineering Conference},
	series = {ISEC '11},
	year = {2011},
	isbn = {978-1-4503-0559-4},
	location = {Thiruvananthapuram, Kerala, India},
	pages = {11--20},
	numpages = {10},
	url = {http://doi.acm.org/10.1145/1953355.1953358},
	doi = {10.1145/1953355.1953358},
	acmid = {1953358},
	publisher = {ACM},
	address = {New York, NY, USA},
	keywords = {aspect-oriented programming, distributed systems, group management, self-adaptation, supervision}
} 

//Self-organization
@article{Kota:2012,
	author = {Kota, Ramachandra and Gibbins, Nicholas and Jennings, Nicholas R.},
	title = {Decentralized Approaches for Self-adaptation in Agent Organizations},
	journal = {ACM Trans. Auton. Adapt. Syst.},
	issue_date = {April 2012},
	volume = {7},
	number = {1},
	month = may,
	year = {2012},
	issn = {1556-4665},
	pages = {1:1--1:28},
	articleno = {1},
	numpages = {28},
	url = {http://doi.acm.org/10.1145/2168260.2168261},
	doi = {10.1145/2168260.2168261},
	acmid = {2168261},
	publisher = {ACM},
	address = {New York, NY, USA},
	keywords = {Autonomic computing, adaptation, agent organization, organization structure, self-organization}
} 


@inproceedings{Banzhaf:2009,
	title={Self-organizing Systems},
	author={Wolfgang Banzhaf},
	booktitle={Encyclopedia of Complexity and Systems Science},
	year={2009}
}

@article{DiMarzoSerugendo:2005,
	author = {Di Marzo Serugendo, Giovanna and Gleizes, Marie-Pierre and Karageorgos, Anthony},
	title = {Self-organization in Multi-agent Systems},
	journal = {Knowl. Eng. Rev.},
	issue_date = {June 2005},
	volume = {20},
	number = {2},
	month = jun,
	year = {2005},
	issn = {0269-8889},
	pages = {165--189},
	numpages = {25},
	url = {https://doi.org/10.1017/S0269888905000494},
	doi = {10.1017/S0269888905000494},
	acmid = {1132858},
	publisher = {Cambridge University Press},
	address = {New York, NY, USA}
} 

//AGR: Agent-group-role organization-centered model for multi-agent systems
@Inbook{Ferber:2004,
	author="Ferber, Jacques
	and Gutknecht, Olivier
	and Michel, Fabien",
	editor="Giorgini, Paolo
	and M{\"u}ller, J{\"o}rg P.
	and Odell, James",
	title="From Agents to Organizations: An Organizational View of Multi-agent Systems",
	bookTitle="Agent-Oriented Software Engineering IV: 4th InternationalWorkshop, AOSE 2003, Melbourne, Australia, July 15, 2003. Revised Papers",
	year="2004",
	publisher="Springer Berlin Heidelberg",
	address="Berlin, Heidelberg",
	pages="214--230",
	isbn="978-3-540-24620-6",
	doi="10.1007/978-3-540-24620-6_15",
	url="http://dx.doi.org/10.1007/978-3-540-24620-6_15"
}

//Internet of Things adoption by 
@techreport{IHS:2016,
     title = {{IHS TECHNOLOGY}},
     author = {IoT platforms: enabling the
     Internet of Things},
     group = {IHS TECHNOLOGY},
     year = {2016},
     month = {03},
     institution = {IHS}
}

@INPROCEEDINGS{Mendes2015, 
author={Mendes, P. and Moreira, W.}, 
booktitle={Proc. of the 13th International Conference on Pervasive Computing and Communication (Workshops)}, 
title={{Crowd Assisted Approach for Pervasive Opportunistic Sensing}}, 
year={2015}, 
pages={384--389}, 
month={March}
}

//Fog-computing
@inproceedings{fog,
 author = {Bonomi, Flavio and Milito, Rodolfo and Zhu, Jiang and Addepalli, Sateesh},
 title = {{Fog Computing and Its Role in the Internet of Things}},
 booktitle = {Proc. of the 1st MCC Workshop on Mobile Cloud Computing},
 series = {MCC '12},
 year = {2012},
 pages = {13--16},
 numpages = {4},
 keywords = {analytics, cloud computing, fog computing, iot, real time systems, software defined networks, wsan},
} 

//Data-aggregation in classical sensor networks
@ARTICLE{Rajagopalan:2006, 
	author={R. Rajagopalan and P. K. Varshney}, 
	journal={IEEE Communications Surveys Tutorials}, 
	title={Data-aggregation techniques in sensor networks: A survey}, 
	year={2006}, 
	volume={8}, 
	number={4}, 
	pages={48-63}, 
	keywords={Aggregates;Data communication;Delay;Energy capture;Energy efficiency;Peer to peer computing;Protocols;Quality of service;Routing;Wireless sensor networks}, 
	doi={10.1109/COMST.2006.283821}, 
	ISSN={1553-877X}, 
	month={April}
}

//Crowdsensing

@article{Guo:2015,
 author = {Guo, Bin and Wang, Zhu and Yu, Zhiwen and Wang, Yu and Yen, Neil Y. and Huang, Runhe and Zhou, Xingshe},
 title = {Mobile Crowd Sensing and Computing: The Review of an Emerging Human-Powered Sensing Paradigm},
 journal = {ACM Comput. Surv.},
 issue_date = {September 2015},
 volume = {48},
 number = {1},
 month = aug,
 year = {2015},
 issn = {0360-0300},
 pages = {7:1--7:31},
 articleno = {7},
 numpages = {31},
 url = {http://doi.acm.org/10.1145/2794400},
 doi = {10.1145/2794400},
 acmid = {2794400},
 publisher = {ACM},
 address = {New York, NY, USA},
 keywords = {Mobile phone sensing, cross-space sensing and mining, crowd intelligence, human-machine systems, urban/community dynamics}
} 

@ARTICLE{Wang:2015, 
author={Wang, L. and Zhang, D. and Yan, Z. and Xiong, H. and Xie, B.}, 
journal={Systems, Man, and Cybernetics: Systems, IEEE Transactions on}, 
title={effSense: A Novel Mobile Crowd-Sensing Framework for Energy-Efficient and Cost-Effective Data Uploading}, 
year={2015}, 
volume={45}, 
number={12}, 
pages={1549-1563}, 
keywords={Bluetooth;Energy consumption;Logic gates;Mobile communication;Mobile handsets;Sensors;Servers;Data uploading;delay-tolerant crowd sensing;energy saving;mobile crowdsensing;mobile data usage}, 
doi={10.1109/TSMC.2015.2418283}, 
ISSN={2168-2216}, 
month={Dec}
}

@INPROCEEDINGS{Bajaj:2015, 
author={Bajaj, G. and Singh, P.}, 
booktitle={Proc. of the 7th International Conference on New Technologies, Mobility and Security}, 
title={{Sahyog: A Middleware for Mobile Collaborative Applications}}, 
year={2015}, 
pages={1-5}, 
keywords={middleware;ubiquitous computing;Sahyog;crowdmapping;middleware;mobile collaborative applications;mobile devices;noise mapping;real-time traffic monitoring;sensor data;ubiquitous nature;Collaboration;Context;Middleware;Mobile communication;Mobile handsets;Sensors;Servers;Context-aware applications;crowdsensing;smart-phones}, 
month={July}
}

@ARTICLE{Hu:2014, 
author={Xiping Hu and Xitong Li and Ngai, E.C.-H. and Leung, V.C.M. and Kruchten, P.}, 
journal={IEEE Communications Magazine}, 
title={{Multidimensional Context-aware Social Network Architecture for Mobile Crowdsensing}}, 
year={2014}, 
volume={52}, 
number={6}, 
pages={78-87}, 
keywords={social networking (online);ubiquitous computing;Smart City;context awareness;context-aware mobile applications;context-aware mobile crowdsensing;mobile ecosystem;multidimensional context-aware social network architecture;Context-aware services;Ecosystems;Mobile communication;Mobile computing;Mobile handsets;Network architecture;Social network services}, 
month={June}
}

@INPROCEEDINGS{Katsomallos:2014, 
author={Katsomallos, M. and Lalis, S.}, 
booktitle={Proc. of the 12th IEEE International Conference on Pervasive Computing and Communications (Workshops)}, 
title={{EasyHarvest: Supporting the deployment and management of sensing applications on smartphones}}, 
year={2014}, 
pages={80-85}, 
keywords={Android (operating system);mobile computing;smart phones;Android;EasyHarvest framework;disconnected operation;distributed computing;interface;intermittent connectivity;large-scale sensing applications;mobile computing;pervasive computing;sensing applications deployment;sensing applications management;server sensing tasks;smartphones;Androids;Communities;Conferences;Mobile communication;Sensors;Servers;Smart phones;Android;crowdsensing;distributed computing;mobile computing;mobile sensing;pervasive computing;smartphones}
}

@INPROCEEDINGS{Jayaraman:2014, 
author={Perera, C. and Jayaraman, P.P. and Zaslavsky, A. and Georgakopoulos, D. and Christen, P.}, 
booktitle={Proc. of the 47th Hawaii International Conference onSystem Sciences}, 
title={{MOSDEN: An Internet of Things Middleware for Resource Constrained Mobile Devices}}, 
pages={1053-1062}, 
keywords={Android (operating system);Internet of Things;cloud computing;data acquisition;middleware;mobile computing;resource allocation;sensors;Android platform;ICO;Internet connected objects;Internet of Things middleware;MOSDEN;energy constraints;hardware devices;infrastructure sustainability;mobile sensor data processing engine;multimodal interfaces;physical identities;plug-in-based IoT middleware;resource constrained computational devices;resource constrained mobile devices;sensing as a service model;sensor data collection;sensor data uploading;software systems;virtual identities;Computer architecture;Data processing;Internet;Middleware;Sensors;Smart phones;Internet of Things;Middleware;Mobile Sensing;Sensor Data Collection}, 
month={Jan}
}

@INPROCEEDINGS{Jayaraman:2013, 
author={Jayaraman, P.P. and Perera, C. and Georgakopoulos, D. and Zaslavsky, A.}, 
booktitle={Proc. 9th International Conference Conference on Collaborative Computing: Networking, Applications and Worksharing}, 
title={{Efficient Opportunistic Sensing using Mobile Collaborative Platform MOSDEN}}, 
year={2013}, 
pages={77-86}, 
keywords={groupware;mobile computing;object-oriented programming;smart phones;Android-based mobile platforms;Apple App Store;Google Play;MOSDEN;application delivery platforms;component-based design philosophy;enhanced user experience;environmental monitoring;healthcare;intelligent computing devices;mobile collaborative platform;mobile devices;mobile opportunistic sensing applications;mobile phones;mobile sensor data engine;smartphone;transportation;Collaboration;Communities;Computer architecture;Mobile communication;Mobile handsets;Noise;Sensors;Crowdsensing;Mobile Middleware;Opportunistic sensing;Smartphone}, 
month={Oct}
}

@inproceedings{Ra:2012,
 author = {Ra, Moo-Ryong and Liu, Bin and La Porta, Tom F. and Govindan, Ramesh},
 title = {{Medusa: A Programming Framework for Crowd-sensing Applications}},
 booktitle = {Proc. of the 10th International Conference on Mobile Systems, Applications, and Services},
 year = {2012},
 pages = {337--350},
 numpages = {14},
 publisher = {ACM},
 keywords = {crowd-sensing, macroprogramming, programming framework, smartphone, worker mediation}
} 

@ARTICLE{Ganti:2011, 
author={Ganti, R.K. and Fan Ye and Hui Lei}, 
journal={Communications Magazine, IEEE}, 
title={Mobile crowdsensing: current state and future challenges}, 
year={2011}, 
volume={49}, 
number={11}, 
pages={32-39}, 
keywords={Internet;mobile computing;Internet of Things;computing devices;consumer-centric mobile sensing;in-vehicle sensors;mobile crowdsensing;music players;smart phones;Global Positioning System;Mobile communication;Mobile handsets;Pollution measurement;Sensors;Smart phones;Social factors}, 
doi={10.1109/MCOM.2011.6069707}, 
ISSN={0163-6804}, 
month={November}
}

@inproceedings{Mun:2009,
 author = {Mun, Min and Reddy, Sasank and Shilton, Katie and Yau, Nathan and Burke, Jeff and Estrin, Deborah and Hansen, Mark and Howard, Eric and West, Ruth and Boda, P{\'e}ter},
 title = {{PEIR, the Personal Environmental Impact Report, As a Platform for Participatory Sensing Systems Research}},
 booktitle = {Proc. of the 7th International Conference on Mobile Systems, Applications, and Services},
 year = {2009},
 pages = {55--68},
 numpages = {14},
 publisher = {ACM},
 keywords = {environmental impact and exposure, location data, mobile system, participatory sensing}
} 

@inproceedings{Miluzzo:2008,
 author = {Miluzzo, Emiliano and Lane, Nicholas D. and Fodor, Krist\'{o}f and Peterson, Ronald and Lu, Hong and Musolesi, Mirco and Eisenman, Shane B. and Zheng, Xiao and Campbell, Andrew T.},
 title = {{Sensing Meets Mobile Social Networks: The Design, Implementation and Evaluation of the CenceMe Application}},
 booktitle = {Proc. of the 6th ACM Conference on Embedded Network Sensor Systems},
 year = {2008},
 pages = {337--350},
 numpages = {14},
 publisher = {ACM},
 keywords = {applications, mobile phones, social networks}
} 

@misc{wifidirect,
 organization = "Wi-Fi Alliance",
 title     = {{Wi-Fi CERTIFIED Wi-Fi Direct: Personal, Portable Wi-Fi Technology}},
 year	   = {2014},
 url       = "https://www.wi-fi.org/file/wi-fi-certified-wi-fi-direct-personal-portable-wi-fi-technology-2014"
}

@misc{EWRAP,
 authors = "Global Emergency Resources",
 title     = {{Emergency Wireless Routing Access Point}},
 url       = "http://www.ger911.com/ewrap/"
}

@electronic{alljoyn,
 authors   = "Allseen Alliance",
 title     = {{Alljoyn Framework}},
 url       = {\url{https://allseenalliance.org/framework}}
}

@electronic{waze,
 authors   = "Waze",
 title     = "Waze",
 url       = "http://www.waze.com/"
}

@electronic{apisense,
 authors   = "Nicolas Haderer, Romain Rouvoy, Christophe Ribeiro and Lionel Seinturier",
 title     = "APISENSE",
 url       = "http://www.apisense.com/"
}