@inproceedings{Baresi:2011:2,
	author = {Baresi, Luciano and Guinea, Sam},
	title = {A3: Self-adaptation Capabilities Through Groups and Coordination},
	booktitle = {Proceedings of the 4th India Software Engineering Conference},
	series = {ISEC '11},
	year = {2011},
	isbn = {978-1-4503-0559-4},
	location = {Thiruvananthapuram, Kerala, India},
	pages = {11--20},
	numpages = {10},
	url = {http://doi.acm.org/10.1145/1953355.1953358},
	doi = {10.1145/1953355.1953358},
	acmid = {1953358},
	publisher = {ACM},
	address = {New York, NY, USA},
	keywords = {aspect-oriented programming, distributed systems, group management, self-adaptation, supervision}
}

@Inbook{Ferber:2004,
	author="Ferber, Jacques
	and Gutknecht, Olivier
	and Michel, Fabien",
	editor="Giorgini, Paolo
	and M{\"u}ller, J{\"o}rg P.
	and Odell, James",
	title="From Agents to Organizations: An Organizational View of Multi-agent Systems",
	bookTitle="Agent-Oriented Software Engineering IV: 4th InternationalWorkshop, AOSE 2003, Melbourne, Australia, July 15, 2003. Revised Papers",
	year="2004",
	publisher="Springer Berlin Heidelberg",
	address="Berlin, Heidelberg",
	pages="214--230",
	isbn="978-3-540-24620-6",
	doi="10.1007/978-3-540-24620-6_15",
	url="http://dx.doi.org/10.1007/978-3-540-24620-6_15"
}

@article{Kota:2012,
	author = {Kota, Ramachandra and Gibbins, Nicholas and Jennings, Nicholas R.},
	title = {Decentralized Approaches for Self-adaptation in Agent Organizations},
	journal = {ACM Trans. Auton. Adapt. Syst.},
	issue_date = {April 2012},
	volume = {7},
	number = {1},
	month = may,
	year = {2012},
	issn = {1556-4665},
	pages = {1:1--1:28},
	articleno = {1},
	numpages = {28},
	url = {http://doi.acm.org/10.1145/2168260.2168261},
	doi = {10.1145/2168260.2168261},
	acmid = {2168261},
	publisher = {ACM},
	address = {New York, NY, USA},
	keywords = {Autonomic computing, adaptation, agent organization, organization structure, self-organization}
}

