@inproceedings{ML-based-Vis-Rec,
  title={Learning to recommend visualizations from data},
  author={Qian, Xin and Rossi, Ryan A and Du, Fan and Kim, Sungchul and Koh, Eunyee and Malik, Sana and Lee, Tak Yeon and Chan, Joel},
  booktitle={Proceedings of the 27th ACM SIGKDD Conference on Knowledge Discovery \& Data Mining},
  pages={1359--1369},
  year={2021}
}

@inproceedings{chang2020bundle,
  title={Bundle recommendation with graph convolutional networks},
  author={Chang, Jianxin and Gao, Chen and He, Xiangnan and Jin, Depeng and Li, Yong},
  booktitle={Proceedings of the 43rd international ACM SIGIR conference on Research and development in Information Retrieval},
  pages={1673--1676},
  year={2020}
}

@inproceedings{choo2014visirr,
  title={VisIRR: Visual analytics for information retrieval and recommendation with large-scale document data},
  author={Choo, Jaegul and Lee, Changhyun and Kim, Hannah and Lee, Hanseung and Liu, Zhicheng and Kannan, Ramakrishnan and Stolper, Charles D and Stasko, John and Drake, Barry L and Park, Haesun},
  booktitle={2014 IEEE conference on visual analytics science and technology (VAST)},
  pages={243--244},
  year={2014},
  organization={IEEE}
}

@article{data2vis,
  title={Data2vis: Automatic generation of data visualizations using sequence-to-sequence recurrent neural networks},
  author={Dibia, Victor and Demiralp, {\c{C}}a{\u{g}}atay},
  journal={IEEE computer graphics and applications},
  volume={39},
  number={5},
  pages={33--46},
  year={2019},
  publisher={IEEE}
}

@inproceedings{demiralp2017foresight-vldb,
  title={Foresight: Recommending Visual Insights},
  author={Demiralp, {\c{C}}a{\u{g}}atay and Haas, Peter J and Parthasarathy, Srinivasan and Pedapati, Tejaswini},
  booktitle={Proceedings of the VLDB Endowment International Conference on Very Large Data Bases},
  year={2017},
  volume={10},
  number={12},
}

@inproceedings{deng2021build,
  title={Build Your Own Bundle-A Neural Combinatorial Optimization Method},
  author={Deng, Qilin and Wang, Kai and Zhao, Minghao and Wu, Runze and Ding, Yu and Zou, Zhene and Shang, Yue and Tao, Jianrong and Fan, Changjie},
  booktitle={Proceedings of the 29th ACM International Conference on Multimedia},
  pages={2625--2633},
  year={2021}
}

@article{feiner1985apex,
  title={{APEX}: An Experiment in the Automated Creation of Pictorial Explanations},
  author={Feiner, Steven},
  journal={IEEE Computer Graphics and Applications},
  volume={5},
  number={11},
  pages={29--37},
  year={1985},
  publisher={IEEE Computer Society Press Los Alamitos, CA, USA}
}

@inproceedings{gotz2009behavior,
  title={Behavior-driven visualization recommendation},
  author={Gotz, David and Wen, Zhen},
  booktitle={Proceedings of the 14th international conference on Intelligent user interfaces},
  pages={315--324},
  year={2009}
}

@inproceedings{hu2018dive,
  title={Dive: A mixed-initiative system supporting integrated data exploration workflows},
  author={Hu, Kevin and Orghian, Diana and Hidalgo, C{\'e}sar},
  booktitle={Workshop on Human-In-the-Loop Data Anal.},
  pages={1--7},
  year={2018}
}

@inproceedings{kaur2015towards,
  title={Towards Visualization Recommendation-A Semi-Automated Domain-Specific Learning Approach.},
  author={Kaur, Pawandeep and Owonibi, Michael and Koenig-Ries, Birgitta},
  booktitle={GvD},
  pages={30--35},
  year={2015}
}

@inproceedings{li2016contextual,
  title={Contextual combinatorial cascading bandits},
  author={Li, Shuai and Wang, Baoxiang and Zhang, Shengyu and Chen, Wei},
  booktitle={International conference on machine learning},
  pages={1245--1253},
  year={2016},
  organization={PMLR}
}

@article{li2021kg4vis,
  title={KG4Vis: A knowledge graph-based approach for visualization recommendation},
  author={Li, Haotian and Wang, Yong and Zhang, Songheng and Song, Yangqiu and Qu, Huamin},
  journal={IEEE Transactions on Visualization and Computer Graphics},
  volume={28},
  number={1},
  pages={195--205},
  year={2021},
  publisher={IEEE}
}

@article{mackinlay1986automating,
  title={Automating the design of graphical presentations of relational information},
  author={Mackinlay, Jock},
  journal={ACM Trans. Graph.},
  volume={5},
  number={2},
  pages={110--141},
  year={1986},
}

@inproceedings{mehrotra2023maximizing,
  title={Maximizing Submodular Functions for Recommendation in the Presence of Biases},
  author={Mehrotra, Anay and Vishnoi, Nisheeth K},
  booktitle={Proceedings of the ACM Web Conference 2023},
  pages={3625--3636},
  year={2023}
}

@article{mutlu_vizrec_2016,
author = {Mutlu, Belgin and Veas, Eduardo and Trattner, Christoph},
title = {VizRec: Recommending Personalized Visualizations},
year = {2016},
issue_date = {December 2016},
publisher = {Association for Computing Machinery},
address = {New York, NY, USA},
volume = {6},
number = {4},
issn = {2160-6455},
url = {https://doi.org/10.1145/2983923},
doi = {10.1145/2983923},
journal = {ACM Trans. Interact. Intell. Syst.},
month = {nov},
articleno = {31},
numpages = {39},
keywords = {Personalized visualizations, recommender systems, visualization recommender, crowd-sourcing, collaborative filtering}
}

@inproceedings{ojo_visgnn_2022,
author = {Ojo, Fayokemi and Rossi, Ryan A. and Hoffswell, Jane and Guo, Shunan and Du, Fan and Kim, Sungchul and Xiao, Chang and Koh, Eunyee},
title = {VisGNN: Personalized Visualization Recommendationvia Graph Neural Networks},
year = {2022},
isbn = {9781450390965},
publisher = {Association for Computing Machinery},
address = {New York, NY, USA},
url = {https://doi.org/10.1145/3485447.3512001},
doi = {10.1145/3485447.3512001},
booktitle = {Proceedings of the ACM Web Conference 2022},
pages = {2810–2818},
numpages = {9},
keywords = {Attribute Recommendation, Personalization, Graph Neural Networks, User Modeling, Personalized Visualization Recommendation},
location = {Virtual Event, Lyon, France},
series = {WWW '22}
}

@inproceedings{peng2019practical,
  title={A practical semi-parametric contextual bandit.},
  author={Peng, Yi and Xie, Miao and Liu, Jiahao and Meng, Xuying and Li, Nan and Yang, Cheng and Yao, Tao and Jin, Rong},
  booktitle={IJCAI},
  pages={3246--3252},
  year={2019}
}

@article{perry2013vizdeck,
  title={VizDeck: Streamlining exploratory visual analytics of scientific data},
  author={Perry, Daniel B and Howe, Bill and Key, Alicia MF and Aragon, Cecilia},
  year={2013},
  publisher={iSchools}
 }

@article{qian_personalized_2021,
  title={Personalized visualization recommendation},
  author={Qian, Xin and Rossi, Ryan A and Du, Fan and Kim, Sungchul and Koh, Eunyee and Malik, Sana and Lee, Tak Yeon and Ahmed, Nesreen K},
  journal={ACM Transactions on the Web (TWEB)},
  volume={16},
  number={3},
  pages={1--47},
  year={2022},
  publisher={ACM New York, NY}
}

@inproceedings{qin_contextual_2014,
	title = {Contextual {Combinatorial} {Bandit} and its {Application} on {Diversified} {Online} {Recommendation}},
	isbn = {978-1-61197-344-0},
	url = {https://epubs.siam.org/doi/10.1137/1.9781611973440.53},
	doi = {10.1137/1.9781611973440.53},
	language = {en},
	urldate = {2022-05-22},
	booktitle = {Proceedings of the 2014 {SIAM} {International} {Conference} on {Data} {Mining}},
	publisher = {Society for Industrial and Applied Mathematics},
	author = {Qin, Lijing and Chen, Shouyuan and Zhu, Xiaoyan},
	month = apr,
	year = {2014},
	pages = {461--469},
	file = {Qin 等。 - 2014 - Contextual Combinatorial Bandit and its Applicatio.pdf:C\:\\Users\\Lion_\\Zotero\\storage\\DM5BF9MP\\Qin 等。 - 2014 - Contextual Combinatorial Bandit and its Applicatio.pdf:application/pdf},
}

@inproceedings{song2022rgvisnet,
  title={RGVisNet: A Hybrid Retrieval-Generation Neural Framework Towards Automatic Data Visualization Generation},
  author={Song, Yuanfeng and Zhao, Xuefang and Wong, Raymond Chi-Wing and Jiang, Di},
  booktitle={Proceedings of the 28th ACM SIGKDD Conference on Knowledge Discovery and Data Mining},
  pages={1646--1655},
  year={2022}
}

@article{vartak2017towards,
  title={Towards visualization recommendation systems},
  author={Vartak, Manasi and Huang, Silu and Siddiqui, Tarique and Madden, Samuel and Parameswaran, Aditya},
  journal={ACM SIGMOD},
  volume={45},
  number={4},
  pages={34--39},
  year={2017},
}

@article{wongsuphasawat2016voyager,
  title={{Voyager}: Exploratory Analysis via Faceted Browsing of Visualization Recommendations},
  author={Wongsuphasawat, Kanit and Moritz, Dominik and Anand, Anushka and Mackinlay, Jock and Howe, Bill and Heer, Jeffrey},
  journal={IEEE transactions on visualization and computer graphics},
  volume={22},
  number={1},
  pages={649--658},
  year={2016},
  publisher={IEEE}
}

@inproceedings{wongsuphasawat2017voyager,
  title={Voyager 2: Augmenting visual analysis with partial view specifications},
  author={Wongsuphasawat, Kanit and Qu, Zening and Moritz, Dominik and Chang, Riley and Ouk, Felix and Anand, Anushka and Mackinlay, Jock and Howe, Bill and Heer, Jeffrey},
  booktitle={Proceedings of the 2017 chi conference on human factors in computing systems},
  pages={2648--2659},
  year={2017}
}

