@article{li2021kg4vis,
  title={KG4Vis: A knowledge graph-based approach for visualization recommendation},
  author={Li, Haotian and Wang, Yong and Zhang, Songheng and Song, Yangqiu and Qu, Huamin},
  journal={IEEE Transactions on Visualization and Computer Graphics},
  volume={28},
  number={1},
  pages={195--205},
  year={2021},
  publisher={IEEE}
}

@inproceedings{kaur2015towards,
  title={Towards Visualization Recommendation-A Semi-Automated Domain-Specific Learning Approach.},
  author={Kaur, Pawandeep and Owonibi, Michael and Koenig-Ries, Birgitta},
  booktitle={GvD},
  pages={30--35},
  year={2015}
}

@inproceedings{gotz2009behavior,
  title={Behavior-driven visualization recommendation},
  author={Gotz, David and Wen, Zhen},
  booktitle={Proceedings of the 14th international conference on Intelligent user interfaces},
  pages={315--324},
  year={2009}
}

@inproceedings{choo2014visirr,
  title={VisIRR: Visual analytics for information retrieval and recommendation with large-scale document data},
  author={Choo, Jaegul and Lee, Changhyun and Kim, Hannah and Lee, Hanseung and Liu, Zhicheng and Kannan, Ramakrishnan and Stolper, Charles D and Stasko, John and Drake, Barry L and Park, Haesun},
  booktitle={2014 IEEE conference on visual analytics science and technology (VAST)},
  pages={243--244},
  year={2014},
  organization={IEEE}
}

@inproceedings{mehrotra2023maximizing,
  title={Maximizing Submodular Functions for Recommendation in the Presence of Biases},
  author={Mehrotra, Anay and Vishnoi, Nisheeth K},
  booktitle={Proceedings of the ACM Web Conference 2023},
  pages={3625--3636},
  year={2023}
}

@inproceedings{li2010contextual,
  title={A contextual-bandit approach to personalized news article recommendation},
  author={Li, Lihong and Chu, Wei and Langford, John and Schapire, Robert E},
  booktitle={Proceedings of the 19th international conference on World wide web},
  pages={661--670},
  year={2010}
}


@inproceedings{li2016contextual,
  title={Contextual combinatorial cascading bandits},
  author={Li, Shuai and Wang, Baoxiang and Zhang, Shengyu and Chen, Wei},
  booktitle={International conference on machine learning},
  pages={1245--1253},
  year={2016},
  organization={PMLR}
}

@inproceedings{peng2019practical,
  title={A practical semi-parametric contextual bandit.},
  author={Peng, Yi and Xie, Miao and Liu, Jiahao and Meng, Xuying and Li, Nan and Yang, Cheng and Yao, Tao and Jin, Rong},
  booktitle={IJCAI},
  pages={3246--3252},
  year={2019}
}


@article{qian_personalized_2021,
  title={Personalized visualization recommendation},
  author={Qian, Xin and Rossi, Ryan A and Du, Fan and Kim, Sungchul and Koh, Eunyee and Malik, Sana and Lee, Tak Yeon and Ahmed, Nesreen K},
  journal={ACM Transactions on the Web (TWEB)},
  volume={16},
  number={3},
  pages={1--47},
  year={2022},
  publisher={ACM New York, NY}
}


@inproceedings{ojo_visgnn_2022,
author = {Ojo, Fayokemi and Rossi, Ryan A. and Hoffswell, Jane and Guo, Shunan and Du, Fan and Kim, Sungchul and Xiao, Chang and Koh, Eunyee},
title = {VisGNN: Personalized Visualization Recommendationvia Graph Neural Networks},
year = {2022},
isbn = {9781450390965},
publisher = {Association for Computing Machinery},
address = {New York, NY, USA},
url = {https://doi.org/10.1145/3485447.3512001},
doi = {10.1145/3485447.3512001},
booktitle = {Proceedings of the ACM Web Conference 2022},
pages = {2810–2818},
numpages = {9},
keywords = {Attribute Recommendation, Personalization, Graph Neural Networks, User Modeling, Personalized Visualization Recommendation},
location = {Virtual Event, Lyon, France},
series = {WWW '22}
}

@inproceedings{chu2011contextual,
  title={Contextual bandits with linear payoff functions},
  author={Chu, Wei and Li, Lihong and Reyzin, Lev and Schapire, Robert},
  booktitle={Proceedings of the Fourteenth International Conference on Artificial Intelligence and Statistics},
  pages={208--214},
  year={2011},
  organization={JMLR Workshop and Conference Proceedings}
}

@article{mutlu_vizrec_2016,
author = {Mutlu, Belgin and Veas, Eduardo and Trattner, Christoph},
title = {VizRec: Recommending Personalized Visualizations},
year = {2016},
issue_date = {December 2016},
publisher = {Association for Computing Machinery},
address = {New York, NY, USA},
volume = {6},
number = {4},
issn = {2160-6455},
url = {https://doi.org/10.1145/2983923},
doi = {10.1145/2983923},
journal = {ACM Trans. Interact. Intell. Syst.},
month = {nov},
articleno = {31},
numpages = {39},
keywords = {Personalized visualizations, recommender systems, visualization recommender, crowd-sourcing, collaborative filtering}
}

@inproceedings{qin_contextual_2014,
	title = {Contextual {Combinatorial} {Bandit} and its {Application} on {Diversified} {Online} {Recommendation}},
	isbn = {978-1-61197-344-0},
	url = {https://epubs.siam.org/doi/10.1137/1.9781611973440.53},
	doi = {10.1137/1.9781611973440.53},
	language = {en},
	urldate = {2022-05-22},
	booktitle = {Proceedings of the 2014 {SIAM} {International} {Conference} on {Data} {Mining}},
	publisher = {Society for Industrial and Applied Mathematics},
	author = {Qin, Lijing and Chen, Shouyuan and Zhu, Xiaoyan},
	month = apr,
	year = {2014},
	pages = {461--469},
	file = {Qin 等。 - 2014 - Contextual Combinatorial Bandit and its Applicatio.pdf:C\:\\Users\\Lion_\\Zotero\\storage\\DM5BF9MP\\Qin 等。 - 2014 - Contextual Combinatorial Bandit and its Applicatio.pdf:application/pdf},
}

@inproceedings{dong2022combinatorial,
  title={Combinatorial Bandits under Strategic Manipulations},
  author={Dong, Jing and Li, Ke and Li, Shuai and Wang, Baoxiang},
  booktitle={Proceedings of the Fifteenth ACM International Conference on Web Search and Data Mining},
  pages={219--229},
  year={2022}
}

@inproceedings{liu2020diversified,
  title={Diversified interactive recommendation with implicit feedback},
  author={Liu, Yong and Xiao, Yingtai and Wu, Qiong and Miao, Chunyan and Zhang, Juyong and Zhao, Binqiang and Tang, Haihong},
  booktitle={Proceedings of the AAAI Conference on Artificial Intelligence},
  volume={34},
  number={04},
  pages={4932--4939},
  year={2020}
}

@inproceedings{deng2021build,
  title={Build Your Own Bundle-A Neural Combinatorial Optimization Method},
  author={Deng, Qilin and Wang, Kai and Zhao, Minghao and Wu, Runze and Ding, Yu and Zou, Zhene and Shang, Yue and Tao, Jianrong and Fan, Changjie},
  booktitle={Proceedings of the 29th ACM International Conference on Multimedia},
  pages={2625--2633},
  year={2021}
}

@inproceedings{avny2022bruce,
  title={BRUCE: Bundle Recommendation Using Contextualized item Embeddings},
  author={Avny Brosh, Tzoof and Livne, Amit and Sar Shalom, Oren and Shapira, Bracha and Last, Mark},
  booktitle={Proceedings of the 16th ACM Conference on Recommender Systems},
  pages={237--245},
  year={2022}
}

@inproceedings{he2022bundle,
  title={Bundle MCR: Towards Conversational Bundle Recommendation},
  author={He, Zhankui and Zhao, Handong and Yu, Tong and Kim, Sungchul and Du, Fan and McAuley, Julian},
  booktitle={Proceedings of the 16th ACM Conference on Recommender Systems},
  pages={288--298},
  year={2022}
}

@inproceedings{wu2021clustering,
  title={Clustering of Conversational Bandits for User Preference Learning and Elicitation},
  author={Wu, Junda and Zhao, Canzhe and Yu, Tong and Li, Jingyang and Li, Shuai},
  booktitle={Proceedings of the 30th ACM International Conference on Information \& Knowledge Management},
  pages={2129--2139},
  year={2021}
}

@inproceedings{wu2021deconfounded,
  title={Deconfounded and Explainable Interactive Vision-Language Retrieval of Complex Scenes},
  author={Wu, Junda and Yu, Tong and Li, Shuai},
  booktitle={Proceedings of the 29th ACM International Conference on Multimedia},
  pages={2103--2111},
  year={2021}
}

@inproceedings{wu2022dynamics,
  title={Dynamics-Aware Adaptation for Reinforcement Learning Based Cross-Domain Interactive Recommendation},
  author={Wu, Junda and Xie, Zhihui and Yu, Tong and Zhao, Handong and Zhang, Ruiyi and Li, Shuai},
  booktitle={Proceedings of the 45th International ACM SIGIR Conference on Research and Development in Information Retrieval},
  pages={290--300},
  year={2022}
}

@inproceedings{xie2021comparison,
  title={Comparison-based Conversational Recommender System with Relative Bandit Feedback},
  author={Xie, Zhihui and Yu, Tong and Zhao, Canzhe and Li, Shuai},
  booktitle={Proceedings of the 44th International ACM SIGIR Conference on Research and Development in Information Retrieval},
  pages={1400--1409},
  year={2021}
}

@inproceedings{zhao2022knowledge,
  title={Knowledge-aware Conversational Preference Elicitation with Bandit Feedback},
  author={Zhao, Canzhe and Yu, Tong and Xie, Zhihui and Li, Shuai},
  booktitle={Proceedings of the ACM Web Conference 2022},
  pages={483--492},
  year={2022}
}

@inproceedings{song2022rgvisnet,
  title={RGVisNet: A Hybrid Retrieval-Generation Neural Framework Towards Automatic Data Visualization Generation},
  author={Song, Yuanfeng and Zhao, Xuefang and Wong, Raymond Chi-Wing and Jiang, Di},
  booktitle={Proceedings of the 28th ACM SIGKDD Conference on Knowledge Discovery and Data Mining},
  pages={1646--1655},
  year={2022}
}

@inproceedings{chang2020bundle,
  title={Bundle recommendation with graph convolutional networks},
  author={Chang, Jianxin and Gao, Chen and He, Xiangnan and Jin, Depeng and Li, Yong},
  booktitle={Proceedings of the 43rd international ACM SIGIR conference on Research and development in Information Retrieval},
  pages={1673--1676},
  year={2020}
}

@inproceedings{deng2020personalized,
  title={Personalized bundle recommendation in online games},
  author={Deng, Qilin and Wang, Kai and Zhao, Minghao and Zou, Zhene and Wu, Runze and Tao, Jianrong and Fan, Changjie and Chen, Liang},
  booktitle={Proceedings of the 29th ACM International Conference on Information \& Knowledge Management},
  pages={2381--2388},
  year={2020}
}

@article{zuo2022hierarchical,
  title={Hierarchical Conversational Preference Elicitation with Bandit Feedback},
  author={Zuo, Jinhang and Hu, Songwen and Yu, Tong and Li, Shuai and Zhao, Handong and Joe-Wong, Carlee},
  journal={arXiv preprint arXiv:2209.06129},
  year={2022}
}

@article{jia2020big,
  title={Big data analytics in the fight against major public health incidents (Including COVID-19): a conceptual framework},
  author={Jia, Qiong and Guo, Yue and Wang, Guanlin and Barnes, Stuart J},
  journal={International journal of environmental research and public health},
  volume={17},
  number={17},
  pages={6161},
  year={2020},
  publisher={MDPI}
}

@article{felt2016social,
  title={Social media and the social sciences: How researchers employ Big Data analytics},
  author={Felt, Mylynn},
  journal={Big data \& society},
  volume={3},
  number={1},
  pages={2053951716645828},
  year={2016},
  publisher={SAGE Publications Sage UK: London, England}
}

@article{chiang2017big,
  title={Big data analytics in chemical engineering},
  author={Chiang, Leo and Lu, Bo and Castillo, Ivan},
  journal={Annual review of chemical and biomolecular engineering},
  volume={8},
  pages={63--85},
  year={2017},
  publisher={Annual Reviews}
}

@article{vakili2021optimal,
  title={Optimal order simple regret for Gaussian process bandits},
  author={Vakili, Sattar and Bouziani, Nacime and Jalali, Sepehr and Bernacchia, Alberto and Shiu, Da-shan},
  journal={Advances in Neural Information Processing Systems},
  volume={34},
  pages={21202--21215},
  year={2021}
}

@article{auer2010ucb,
  title={UCB revisited: Improved regret bounds for the stochastic multi-armed bandit problem},
  author={Auer, Peter and Ortner, Ronald},
  journal={Periodica Mathematica Hungarica},
  volume={61},
  number={1-2},
  pages={55--65},
  year={2010},
  publisher={Akad{\'e}miai Kiad{\'o}, co-published with Springer Science+ Business Media BV~…}
}

@inproceedings{podo2022plotly,
  title={Plotly. plus, an Improved Dataset for Visualization Recommendation},
  author={Podo, Luca and Velardi, Paola},
  booktitle={Proceedings of the 31st ACM International Conference on Information \& Knowledge Management},
  pages={4384--4388},
  year={2022}
}

@inproceedings{viznet,
  title={Viznet: Towards a large-scale visualization learning and benchmarking repository},
  author={Hu, Kevin and Gaikwad, Snehalkumar'Neil'S and Hulsebos, Madelon and Bakker, Michiel A and Zgraggen, Emanuel and Hidalgo, C{\'e}sar and Kraska, Tim and Li, Guoliang and Satyanarayan, Arvind and Demiralp, {\c{C}}a{\u{g}}atay},
  booktitle={CHI},
  pages={1--12},
  year={2019}
}


@inproceedings{krichene2020sampled,
  title={On sampled metrics for item recommendation},
  author={Krichene, Walid and Rendle, Steffen},
  booktitle={Proceedings of the 26th ACM SIGKDD International Conference on Knowledge Discovery \& Data Mining},
  pages={1748--1757},
  year={2020}
}


@misc{plotly,
author = {Plotly},
title = {Plotly Community Feed},
year = {2018}, 
howpublished = "\url{http://plot.ly/feed}"
}


@inproceedings{zhao2020catn-cross-domain,
  title={CATN: Cross-domain recommendation for cold-start users via aspect transfer network},
  author={Zhao, Cheng and Li, Chenliang and Xiao, Rong and Deng, Hongbo and Sun, Aixin},
  booktitle={SIGIR},
  pages={229--238},
  year={2020}
}

@article{guan2019attentive,
  title={Attentive aspect modeling for review-aware recommendation},
  author={Guan, Xinyu and Cheng, Zhiyong and He, Xiangnan and Zhang, Yongfeng and Zhu, Zhibo and Peng, Qinke and Chua, Tat-Seng},
  journal={ACM Transactions on Information Systems (TOIS)},
  volume={37},
  number={3},
  pages={1--27},
  year={2019},
}

@inproceedings{zhang2017joint,
  title={Joint representation learning for top-n recommendation with heterogeneous information sources},
  author={Zhang, Yongfeng and Ai, Qingyao and Chen, Xu and Croft, W Bruce},
  booktitle={Proceedings of the 2017 ACM on Conference on Information and Knowledge Management},
  pages={1449--1458},
  year={2017}
}

@inproceedings{zhang2014browser,
  title={Browser-oriented universal cross-site recommendation and explanation based on user browsing logs},
  author={Zhang, Yongfeng},
  booktitle={Proceedings of the 8th ACM Conference on Recommender Systems},
  pages={433--436},
  year={2014}
}


@article{chen2020efficient,
  title={Efficient neural matrix factorization without sampling for recommendation},
  author={Chen, Chong and Zhang, Min and Zhang, Yongfeng and Liu, Yiqun and Ma, Shaoping},
  journal={ACM Transactions on Information Systems (TOIS)},
  volume={38},
  number={2},
  pages={1--28},
  year={2020},
}
@inproceedings{li2020learning,
  title={Learning Better Representations for Neural Information Retrieval with Graph Information},
  author={Li, Xiangsheng and de Rijke, Maarten and Liu, Yiqun and Mao, Jiaxin and Ma, Weizhi and Zhang, Min and Ma, Shaoping},
  booktitle={Proceedings of the 29th ACM International Conference on Information \& Knowledge Management},
  pages={795--804},
  year={2020}
}

@inproceedings{bennett2011inferring,
  title={Inferring and using location metadata to personalize web search},
  author={Bennett, Paul N and Radlinski, Filip and White, Ryen W and Yilmaz, Emine},
  booktitle={SIGIR},
  pages={135--144},
  year={2011}
}


@inproceedings{sedhain2015autorec,
  title={Autorec: Autoencoders meet collaborative filtering},
  author={Sedhain, Suvash and Menon, Aditya Krishna and Sanner, Scott and Xie, Lexing},
  booktitle={Proceedings of the 24th International Conference on World Wide Web},
  pages={111--112},
  year={2015}
}


@inproceedings{noel2012new,
  title={New objective functions for social collaborative filtering},
  author={Noel, Joseph and Sanner, Scott and Tran, Khoi-Nguyen and Christen, Peter and Xie, Lexing and Bonilla, Edwin V and Abbasnejad, Ehsan and Della Penna, Nicol{\'a}s},
  booktitle={Proceedings of the 21st International Conference on World Wide Web},
  pages={859--868},
  year={2012}
}

@article{choi2019s3,
  title={S3 CMTF: Fast, accurate, and scalable method for incomplete coupled matrix-tensor factorization},
  author={Choi, Dongjin and Jang, Jun-Gi and Kang, U},
  journal={PloS one},
  volume={14},
  number={6},
  pages={e0217316},
  year={2019},
}

@book{nocedal2006numerical,
  title={Numerical optimization},
  author={Nocedal, Jorge and Wright, Stephen},
  year={2006},
  publisher={Springer Science \& Business Media}
}

@article{balasubramaniam2020column,
  title={Column-wise element selection for computationally efficient nonnegative coupled matrix tensor factorization},
  author={Balasubramaniam, Thirunavukarasu and Nayak, Richi and Yuen, Chau and Tian, Yu-Chu},
  journal={IEEE Transactions on Knowledge and Data Engineering},
  year={2020},
}

@inproceedings{schenker2021optimization,
  title={An optimization framework for regularized linearly coupled matrix-tensor factorization},
  author={Schenker, Carla and Cohen, Jeremy E and Acar, Evrim},
  booktitle={28th European Signal Processing Conference (EUSIPCO)},
  pages={985--989},
  year={2021},
}




@inproceedings{hu2013personalized,
  title={Personalized recommendation via cross-domain triadic factorization},
  author={Hu, Liang and Cao, Jian and Xu, Guandong and Cao, Longbing and Gu, Zhiping and Zhu, Can},
  booktitle={Proceedings of the 22nd International Conference on World Wide Web},
  pages={595--606},
  year={2013}
}

@article{shapira2013facebook,
  title={Facebook single and cross domain data for recommendation systems},
  author={Shapira, Bracha and Rokach, Lior and Freilikhman, Shirley},
  journal={User Modeling and User-Adapted Interaction},
  volume={23},
  number={2-3},
  pages={211--247},
  year={2013},
  publisher={Springer}
}

@inproceedings{man2017cross,
  title={Cross-Domain Recommendation: An Embedding and Mapping Approach.},
  author={Man, Tong and Shen, Huawei and Jin, Xiaolong and Cheng, Xueqi},
  booktitle={IJCAI},
  pages={2464--2470},
  year={2017}
}

@inproceedings{gao2013cross,
  title={Cross-domain recommendation via cluster-level latent factor model},
  author={Gao, Sheng and Luo, Hao and Chen, Da and Li, Shantao and Gallinari, Patrick and Guo, Jun},
  booktitle={Joint European conference on machine learning and knowledge discovery in databases},
  pages={161--176},
  year={2013},
  organization={Springer}
}

@inproceedings{tang2012cross,
  title={Cross-domain collaboration recommendation},
  author={Tang, Jie and Wu, Sen and Sun, Jimeng and Su, Hang},
  booktitle={Proceedings of the 18th ACM SIGKDD international conference on Knowledge discovery and data mining},
  pages={1285--1293},
  year={2012}
}


@article{rendle2012bpr,
  title={BPR: Bayesian personalized ranking from implicit feedback},
  author={Rendle, Steffen and Freudenthaler, Christoph and Gantner, Zeno and Schmidt-Thieme, Lars},
  journal={arXiv:1205.2618},
  year={2012}
}

@inproceedings{he2016fast-old,
  title={Fast matrix factorization for online recommendation with implicit feedback},
  author={He, Xiangnan and Zhang, Hanwang and Kan, Min-Yen and Chua, Tat-Seng},
  booktitle={Proceedings of the 39th International ACM SIGIR conference on Research and Development in Information Retrieval},
  pages={549--558},
  year={2016}
}

@article{saket2018beyond,
  title={Beyond heuristics: Learning visualization design},
  author={Saket, Bahador and Moritz, Dominik and Lin, Halden and Dibia, Victor and Demiralp, Cagatay and Heer, Jeffrey},
  journal={arXiv:1807.06641},
  year={2018}
}

@inproceedings{andrienko2020big,
  title={Big Data Visualization and Analytics: Future Research Challenges and Emerging Applications},
  author={Andrienko, Gennady and Andrienko, Natalia and Drucker, Steven and Fekete, Jean-Daniel and Fisher, Danyel and Idreos, Stavros and Kraska, Tim and Li, Guoliang and Ma, Kwan-Liu and Mackinlay, Jock and others},
  booktitle={BigVis 2020: Big Data Visual Exploration and Analytics},
  year={2020}
}

@inproceedings{kim2017graphscape,
  title={Graphscape: A model for automated reasoning about visualization similarity and sequencing},
  author={Kim, Younghoon and Wongsuphasawat, Kanit and Hullman, Jessica and Heer, Jeffrey},
  booktitle={Proceedings of the 2017 CHI Conference on Human Factors in Computing Systems},
  pages={2628--2638},
  year={2017}
}


@inproceedings{lin2020dziban,
  title={Dziban: Balancing Agency \& Automation in Visualization Design via Anchored Recommendations},
  author={Lin, Halden and Moritz, Dominik and Heer, Jeffrey},
  booktitle={Proceedings of the 2020 CHI Conference on Human Factors in Computing Systems},
  pages={1--12},
  year={2020}
}


@inproceedings{eALS,
  title={Fast matrix factorization for online recommendation with implicit feedback},
  author={He, Xiangnan and Zhang, Hanwang and Kan, Min-Yen and Chua, Tat-Seng},
  booktitle={Proceedings of the 39th International ACM SIGIR conference on Research and Development in Information Retrieval},
  pages={549--558},
  year={2016}
}


@article{wolpert1997no,
  title={No free lunch theorems for optimization},
  author={Wolpert, David H and Macready, William G},
  journal={IEEE Transactions on Evolutionary Computation},
  volume={1},
  number={1},
  pages={67--82},
  year={1997},
  publisher={IEEE}
}

@techreport{wolpert1995no,
  title={No free lunch theorems for search},
  author={Wolpert, David H and Macready, William G and others},
  year={1995},
  institution={Technical Report SFI-TR-95-02-010, Santa Fe Institute}
}

@article{ho2002simple,
  title={Simple explanation of the no-free-lunch theorem and its implications},
  author={Ho, Yu-Chi and Pepyne, David L},
  journal={Journal of optimization theory and applications},
  volume={115},
  number={3},
  pages={549--570},
  year={2002},
  publisher={Springer}
}

@incollection{joyce2018review,
  title={A review of no free lunch theorems, and their implications for metaheuristic optimisation},
  author={Joyce, Thomas and Herrmann, J Michael},
  booktitle={Nature-inspired algorithms and applied optimization},
  pages={27--51},
  year={2018},
  publisher={Springer}
}

@article{domingos2012few,
  title={A few useful things to know about machine learning},
  author={Domingos, Pedro},
  journal={Communications of the ACM},
  volume={55},
  number={10},
  pages={78--87},
  year={2012},
}




@article{kim2014algorithms,
  title={Algorithms for nonnegative matrix and tensor factorizations: A unified view based on block coordinate descent framework},
  author={Kim, Jingu and He, Yunlong and Park, Haesun},
  journal={Journal of Global Optimization},
  volume={58},
  number={2},
  pages={285--319},
  year={2014},
  publisher={Springer}
}

@incollection{bottou2004stochastic,
  title={Stochastic learning},
  author={Bottou, L{\'e}on},
  booktitle={Advanced lectures on machine learning},
  pages={146--168},
  year={2004},
  publisher={Springer}
}

@article{yun2014nomad,
  title={NOMAD: Non-locking, stOchastic Multi-machine algorithm for Asynchronous and Decentralized matrix completion},
  author={Yun, Hyokun and Yu, Hsiang-Fu and Hsieh, Cho-Jui and Vishwanathan, SVN and Dhillon, Inderjit},
  journal={VLDB},
  volume={7},
  number={11},
  pages={975--986},
  year={2014}
}

@inproceedings{oh2015fast,
  title={Fast and robust parallel SGD matrix factorization},
  author={Oh, Jinoh and Han, Wook-Shin and Yu, Hwanjo and Jiang, Xiaoqian},
  booktitle={SIGKDD},
  pages={865--874},
  year={2015},
  organization={ACM}
}

@inproceedings{pilaszy2010fast,
  title={{Fast ALS-based matrix factorization for explicit and implicit feedback datasets}},
  author={Pil{\'a}szy, Istv{\'a}n and Zibriczky, D{\'a}vid and Tikk, Domonkos},
  booktitle={RecSys},
  pages={71--78},
  year={2010}
}


@inproceedings{rossi2015dsaa-pcmf,
   author={Ryan A. Rossi and Rong Zhou},
   title={Scalable Relational Learning for Large Heterogeneous Networks},
   booktitle={DSAA},
   year={2015},
   old-pages={1-10},
}

@inproceedings{rossi2015dsaa-pcmf-long,
   author={Ryan A. Rossi and Rong Zhou},
   title={Scalable Relational Learning for Large Heterogeneous Networks},
   booktitle={IEEE International Conference on Data Science and Advanced Analytics (DSAA)},
   year={2015},
   pages={1-10},
}




@article{rokhlin2009randomized,
  title={A randomized algorithm for principal component analysis},
  author={Rokhlin, Vladimir and Szlam, Arthur and Tygert, Mark},
  journal={SIAM Journal on Matrix Analysis and Applications},
  volume={31},
  number={3},
  old-pages={1100--1124},
  year={2009},
  publisher={SIAM}
}



@article{pcmf-snam16,
  title={Parallel collective factorization for modeling large heterogeneous networks},
  author={Ryan A. Rossi and Rong Zhou},
  journal={Social Network Analysis and Mining},
  volume={6},
  number={1},
  pages={1--30},
  year={2016},
  publisher={Springer}
}

@inproceedings{singh2008relational,
  title={Relational learning via collective matrix factorization},
  author={Singh, Ajit P and Gordon, Geoffrey J},
  booktitle={KDD},
  pages={650--658},
  year={2008}
}

@inproceedings{bouchard2013convex,
  title={Convex collective matrix factorization},
  author={Bouchard, Guillaume and Yin, Dawei and Guo, Shengbo},
  booktitle={AISTATS},
  pages={144--152},
  year={2013},
  organization={PMLR}
}


@article{foresight,
  title={Foresight: Recommending visual insights},
  author={Demiralp, {\c{C}}a{\u{g}}atay and Haas, Peter J and Parthasarathy, Srinivasan and Pedapati, Tejaswini},
  journal={arXiv:1707.03877},
  year={2017}
}

@article{harris2021insight,
  title={Insight-centric Visualization Recommendation},
  author={Harris, Camille and Rossi, Ryan A. and Malik, Sana and Hoffswell, Jane and Du, Fan and Lee, Tak Yeon and Koh, Eunyee and Zhao, Handong},
  journal={arXiv:2103.11297},
  year={2021}
}

@inproceedings{qian2021learning,
  title={Learning to Recommend Visualizations from Data},
  author={Qian, Xin and Rossi, Ryan A and Du, Fan and Kim, Sungchul and Koh, Eunyee and Malik, Sana and Lee, Tak Yeon and Chan, Joel},
  booktitle={Proceedings of the 27th ACM SIGKDD Conference on Knowledge Discovery \& Data Mining},
  pages={1359--1369},
  year={2021}
}

@article{datashot,
  title={DataShot: Automatic Generation of Fact Sheets from Tabular Data},
  author={Wang, Yun and Sun, Zhida and Zhang, Haidong and Cui, Weiwei and Xu, Ke and Ma, Xiaojuan and Zhang, Dongmei},
  journal={IEEE Transactions on Visualization and Computer Graphics},
  volume={26},
  number={1},
  pages={895--905},
  year={2019},
  publisher={IEEE}
}

@article{chandola2009anomaly,
  title={Anomaly detection: A survey},
  author={Chandola, Varun and Banerjee, Arindam and Kumar, Vipin},
  journal={ACM computing surveys (CSUR)},
  volume={41},
  number={3},
  pages={1--58},
  year={2009},
  publisher={ACM New York, NY, USA}
}

@article{siddiqui2016effortless,
  title={Effortless data exploration with zenvisage: an expressive and interactive visual analytics system},
  author={Siddiqui, Tarique and Kim, Albert and Lee, John and Karahalios, Karrie and Parameswaran, Aditya},
  journal={arXiv preprint arXiv:1604.03583},
  year={2016}
}

@article{wills2010autovis,
  title={Autovis: automatic visualization},
  author={Wills, Graham and Wilkinson, Leland},
  journal={Information Visualization},
  volume={9},
  number={1},
  pages={47--69},
  year={2010},
  publisher={SAGE Publications Sage UK: London, England}
}

@article{DBLP:journals/corr/abs-1802-08621,
  author    = {Zhe Cui and
               Sriram Karthik Badam and
               Adil Yal{\c{c}}in and
               Niklas Elmqvist},
  title     = {DataSite: Proactive Visual Data Exploration with Computation of Insight-based
               Recommendations},
  journal   = {CoRR},
  volume    = {abs/1802.08621},
  year      = {2018},
  url       = {http://arxiv.org/abs/1802.08621},
  archivePrefix = {arXiv},
  eprint    = {1802.08621},
  timestamp = {Thu, 28 Nov 2019 09:33:39 +0100},
  biburl    = {https://dblp.org/rec/journals/corr/abs-1802-08621.bib},
  bibsource = {dblp computer science bibliography, https://dblp.org}
}

@inproceedings{10.1145/2556288.2557228,
author = {Gao, Tong and Hullman, Jessica R. and Adar, Eytan and Hecht, Brent and Diakopoulos, Nicholas},
title = {NewsViews: An Automated Pipeline for Creating Custom Geovisualizations for News},
year = {2014},
isbn = {9781450324731},
publisher = {Association for Computing Machinery},
address = {New York, NY, USA},
url = {https://doi.org/10.1145/2556288.2557228},
doi = {10.1145/2556288.2557228},
booktitle = {Proceedings of the SIGCHI Conference on Human Factors in Computing Systems},
pages = {3005–3014},
numpages = {10},
keywords = {geovisualization, online news, text summarization, interactive maps, narrative information visualization},
location = {Toronto, Ontario, Canada},
series = {CHI '14}
}

@article{information_tableauversion._2016,
	title = {Tableau({Version}. 9. 1)},
	volume = {104},
	issn = {10.3163/1536-5050.104.2.022},
	url = {https://www.ncbi.nlm.nih.gov/pmc/articles/PMC4816475/},
	doi = {10.3163/1536-5050.104.2.022},
	language = {en},
	number = {2},
	urldate = {2020-09-16},
	journal = {Journal of the Medical Library Association : JMLA},
	author = {Information, National Center for Biotechnology and Pike, U. S. National Library of Medicine 8600 Rockville and MD, Bethesda and Usa, 20894},
	month = apr,
	year = {2016},
	pages = {182}
}


@article{duraj2017outlier,
  title={Outlier detection using the multiobjective genetic algorithm},
  author={Duraj, Agnieszka and Chom{\k{a}}tek, {\L}ukasz},
  journal={Journal of Applied Computer Science},
  volume={25},
  number={2},
  pages={29--42},
  year={2017}
}

@inproceedings{dey2013email,
  title={Email analytics for activity management and insight discovery},
  author={Dey, Lipika and Bharadwaja, H Sameera and Meera, G and Shroff, Gautam},
  booktitle={2013 IEEE/WIC/ACM International Joint Conferences on Web Intelligence (WI) and Intelligent Agent Technologies (IAT)},
  volume={1},
  pages={557--564},
  year={2013},
  organization={IEEE}
}

@ARTICLE{voder,
  author={A. {Srinivasan} and S. M. {Drucker} and A. {Endert} and J. {Stasko}},
  journal={IEEE Transactions on Visualization and Computer Graphics}, 
  title={Augmenting Visualizations with Interactive Data Facts to Facilitate Interpretation and Communication}, 
  year={2019},
  volume={25},
  number={1},
  pages={672-681}}
  
@article{vartak2017,
author = {Vartak, Manasi and Huang, Silu and Siddiqui, Tarique and Madden, Samuel and Parameswaran, Aditya},
title = {Towards Visualization Recommendation Systems},
year = {2017},
issue_date = {December 2016},
publisher = {Association for Computing Machinery},
address = {New York, NY, USA},
volume = {45},
number = {4},
issn = {0163-5808},
url = {https://doi.org/10.1145/3092931.3092937},
doi = {10.1145/3092931.3092937},
journal = {SIGMOD Rec.},
month = may,
pages = {34–39},
numpages = {6}
}

@inproceedings{quickinsights,
  title={Quickinsights: Quick and automatic discovery of insights from multi-dimensional data},
  author={Ding, Rui and Han, Shi and Xu, Yong and Zhang, Haidong and Zhang, Dongmei},
  booktitle={Proceedings of the 2019 International Conference on Management of Data},
  pages={317--332},
  year={2019}
}

@article{wu2013scorpion,
  title={Scorpion: Explaining away outliers in aggregate queries},
  author={Wu, Eugene and Madden, Samuel},
  year={2013},
  publisher={Association for Computing Machinery (ACM)}
}
@article{bouali2016vizassist,
  title={VizAssist: an interactive user assistant for visual data mining},
  author={Bouali, Fatma and Guettala, Abdelheq and Venturini, Gilles},
  journal={The Visual Computer},
  volume={32},
  number={11},
  pages={1447--1463},
  year={2016},
  publisher={Springer}
}

@inproceedings{wongsuphasawat2016,
author = {Wongsuphasawat, Kanit and Moritz, Dominik and Anand, Anushka and Mackinlay, Jock and Howe, Bill and Heer, Jeffrey},
title = {Towards a General-Purpose Query Language for Visualization Recommendation},
year = {2016},
isbn = {9781450342070},
publisher = {Association for Computing Machinery},
address = {New York, NY, USA},
url = {https://doi.org/10.1145/2939502.2939506},
doi = {10.1145/2939502.2939506},
booktitle = {Proceedings of the Workshop on Human-In-the-Loop Data Analytics},
articleno = {4},
numpages = {6},
keywords = {visualization tools, visualization recommendation, mixed-initiative systems},
location = {San Francisco, California},
series = {HILDA ’16}
}

@article{perry2013vizdeck,
  title={VizDeck: Streamlining exploratory visual analytics of scientific data},
  author={Perry, Daniel B and Howe, Bill and Key, Alicia MF and Aragon, Cecilia},
  year={2013},
  publisher={iSchools}
 }
  
 @ARTICLE{4376133,
 author={J. {Mackinlay} and P. {Hanrahan} and C. {Stolte}},  journal={IEEE Transactions on Visualization and Computer Graphics},   title={Show Me: Automatic Presentation for Visual Analysis},   year={2007},  volume={13},  number={6},  pages={1137-1144},}
}

@InProceedings{10.1007/978-3-642-39253-5_60,
author="Liu, Qing
and Vorvoreanu, Mihaela
and Madhavan, Krishna P. C.
and McKenna, Ann F.",
editor="Marcus, Aaron",
title="Designing Discovery Experience for Big Data Interaction: A Case of Web-Based Knowledge Mining and Interactive Visualization Platform",
booktitle="Design, User Experience, and Usability. Web, Mobile, and Product Design",
year="2013",
publisher="Springer Berlin Heidelberg",
address="Berlin, Heidelberg",
pages="543--552",
}

@article{leban2006vizrank,
  title={Vizrank: Data visualization guided by machine learning},
  author={Leban, Gregor and Zupan, Bla{\v{z}} and Vidmar, Gaj and Bratko, Ivan},
  journal={Data Mining and Knowledge Discovery},
  volume={13},
  number={2},
  pages={119--136},
  year={2006},
  publisher={Springer}
}

@inproceedings{petajan1997dataspace,
  title={Dataspace: An automated visualization system for large databases},
  author={Petajan, Eric D and Jean, Yves D and Lieuwen, Dan and Anupam, Vinod},
  booktitle={Visual Data Exploration and Analysis IV},
  volume={3017},
  pages={89--98},
  year={1997},
  organization={International Society for Optics and Photonics}
}

@article{roth1997toward,
  title={Toward an information visualization workspace: combining multiple means of expression},
  author={Roth, Steven F and Chuah, Mei C and Kerpedjiev, Stephan and Kolojejchick, John A and Lucas, Peter},
  journal={Human--Computer Interaction},
  volume={12},
  number={1-2},
  pages={131--185},
  year={1997},
  publisher={Taylor \& Francis}
}

@inproceedings{amar2005low,
  title={Low-level components of analytic activity in information visualization},
  author={Amar, Robert and Eagan, James and Stasko, John},
  booktitle={IEEE Symposium on Information Visualization, 2005. INFOVIS 2005.},
  pages={111--117},
  year={2005},
  organization={IEEE}
}

@article{data2vis,
  title={Data2vis: Automatic generation of data visualizations using sequence-to-sequence recurrent neural networks},
  author={Dibia, Victor and Demiralp, {\c{C}}a{\u{g}}atay},
  journal={IEEE computer graphics and applications},
  volume={39},
  number={5},
  pages={33--46},
  year={2019},
  publisher={IEEE}
}
  
@article{few2017data,
  title={Data Visualization Effectiveness Profile},
  author={Few, Stephen and Edge, Perceptual},
  year={2017}
}
@inproceedings{deepeye,
  title={DeepEye: towards automatic data visualization},
  author={Luo, Yuyu and Qin, Xuedi and Tang, Nan and Li, Guoliang},
  booktitle={2018 IEEE 34th International Conference on Data Engineering (ICDE)},
  pages={101--112},
  year={2018},
}
@article{seo2005rank,
  title={A rank-by-feature framework for interactive exploration of multidimensional data},
  author={Seo, Jinwook and Shneiderman, Ben},
  journal={Information visualization},
  volume={4},
  number={2},
  pages={96--113},
  year={2005},
  publisher={SAGE}
}

@article{10.1145/108360.108361,
author = {Casner, Stephen M.},
title = {Task-Analytic Approach to the Automated Design of Graphic Presentations},
year = {1991},
issue_date = {April 1991},
publisher = {Association for Computing Machinery},
address = {New York, NY, USA},
volume = {10},
number = {2},
issn = {0730-0301},
url = {https://doi.org/10.1145/108360.108361},
doi = {10.1145/108360.108361},
journal = {ACM Trans. Graph.},
month = apr,
pages = {111–151},
numpages = {41},
keywords = {graphic design, task analysis, graphic user interface, visual languages, automated design}
}

@inproceedings{10.1145/1168149.1168168,
author = {Lee, Bongshin and Plaisant, Catherine and Parr, Cynthia Sims and Fekete, Jean-Daniel and Henry, Nathalie},
title = {Task Taxonomy for Graph Visualization},
year = {2006},
isbn = {1595935622},
publisher = {Association for Computing Machinery},
address = {New York, NY, USA},
url = {https://doi.org/10.1145/1168149.1168168},
doi = {10.1145/1168149.1168168},
booktitle = {Proceedings of the 2006 AVI Workshop on BEyond Time and Errors: Novel Evaluation Methods for Information Visualization},
pages = {1–5},
numpages = {5},
keywords = {task taxonomy, graph visualization, evaluation},
location = {Venice, Italy},
series = {BELIV ’06}
}

@misc{viegas2018generating,
  title={Generating charts from data in a data table},
  author={Vi{\'e}gas, Fernanda and Wattenberg, Martin and Smilkov, Daniel and Wexler, James and Gundrum, Daniel},
  year={2018},
  month=mar # "~29",
  publisher={Google Patents},
  note={US Patent App. 15/719,425}
}

@inproceedings{agrawal1994fast,
  title={Fast algorithms for mining association rules},
  author={Agrawal, Rakesh and Srikant, Ramakrishnan and others},
  booktitle={Proc. 20th int. conf. very large data bases, VLDB},
  volume={1215},
  pages={487--499},
  year={1994}
}

@article{duggimpudi2019spatio,
  title={Spatio-temporal outlier detection algorithms based on computing behavioral outlierness factor},
  author={Duggimpudi, Maria Bala and Abbady, Shaaban and Chen, Jian and Raghavan, Vijay V},
  journal={Data \& Knowledge Engineering},
  volume={122},
  pages={1--24},
  year={2019},
  publisher={Elsevier}
}

@article{gupta2013outlier,
  title={Outlier detection for temporal data: A survey},
  author={Gupta, Manish and Gao, Jing and Aggarwal, Charu C and Han, Jiawei},
  journal={IEEE Transactions on Knowledge and Data Engineering},
  volume={26},
  number={9},
  pages={2250--2267},
  year={2013},
  publisher={IEEE}
}

@article{wang2017bagging,
  title={Bagging Nearest-Neighbor Prediction independence Test: an efficient method for nonlinear dependence of two continuous variables},
  author={Wang, Yi and Li, Yi and Liu, Xiaoyu and Pu, Weilin and Wang, Xiaofeng and Wang, Jiucun and Xiong, Momiao and Shugart, Yin Yao and Jin, Li},
  journal={Scientific reports},
  volume={7},
  number={1},
  pages={1--12},
  year={2017},
  publisher={Nature Publishing Group}
}

@article{wang2005nonlinear,
  title={A nonlinear correlation measure for multivariable data set},
  author={Wang, Qiang and Shen, Yi and Zhang, Jian Qiu},
  journal={Physica D: Nonlinear Phenomena},
  volume={200},
  number={3-4},
  pages={287--295},
  year={2005},
  publisher={Elsevier}
}

@article{xiao2017online,
  title={An online algorithm for nonparametric correlations},
  author={Xiao, Wei},
  journal={arXiv preprint arXiv:1712.01521},
  year={2017}
}

@inproceedings{wang2017unbiased,
  title={Unbiased multivariate correlation analysis},
  author={Wang, Yisen and Romano, Simone and Nguyen, Vinh and Bailey, James and Ma, Xingjun and Xia, Shu-Tao},
  booktitle={Thirty-First AAAI Conference on Artificial Intelligence},
  year={2017}
}

@inproceedings{palshikar2009simple,
  title={Simple algorithms for peak detection in time-series},
  author={Palshikar, Girish and others},
  booktitle={Proc. 1st Int. Conf. Advanced Data Analysis, Business Analytics and Intelligence},
  volume={122},
  year={2009}
}

@article{he2003discovering,
  title={Discovering cluster-based local outliers},
  author={He, Zengyou and Xu, Xiaofei and Deng, Shengchun},
  journal={Pattern Recognition Letters},
  volume={24},
  number={9-10},
  pages={1641--1650},
  year={2003},
  publisher={Elsevier}
}

@inproceedings{kassel2019online,
  title={Online Learning of Visualization Preferences through Dueling Bandits for Enhancing Visualization Recommendations.},
  author={Kassel, Jan-Frederik and Rohs, Michael},
  booktitle={EuroVis (Short Papers)},
  pages={85--89},
  year={2019}
}

@article{draco,
  title={Formalizing visualization design knowledge as constraints: Actionable and extensible models in draco},
  author={Moritz, Dominik and Wang, Chenglong and Nelson, Greg L and Lin, Halden and Smith, Adam M and Howe, Bill and Heer, Jeffrey},
  journal={IEEE transactions on visualization and computer graphics},
  volume={25},
  number={1},
  pages={438--448},
  year={2018},
  publisher={IEEE}
}


@article{chang2009defining,
  title={Defining insight for visual analytics},
  author={Chang, Remco and Ziemkiewicz, Caroline and Green, Tera Marie and Ribarsky, William},
  journal={IEEE Computer Graphics and Applications},
  volume={29},
  number={2},
  pages={14--17},
  year={2009},
  publisher={IEEE}
}

@article{liu2017unsupervised,
  title={Unsupervised detection of contextual anomaly in remotely sensed data},
  author={Liu, Qi and Klucik, Rudy and Chen, Chao and Grant, Glenn and Gallaher, David and Lv, Qin and Shang, Li},
  journal={Remote Sensing of Environment},
  volume={202},
  pages={75--87},
  year={2017},
  publisher={Elsevier}
}


@article{kim2021automated,
  title={An Automated Approach to Reasoning About Task-Oriented Insights in Responsive Visualization},
  author={Kim, Hyeok and Rossi, Ryan and Sarma, Abhraneel and Moritz, Dominik and Hullman, Jessica},
  journal={IEEE Transactions on Visualization and Computer Graphics},
  volume={28},
  number={1},
  pages={129--139},
  year={2021},
  publisher={IEEE}
}


@article{ML-based-Vis-Rec-old,
  title={ML-based Visualization Recommendation: Learning to Recommend Visualizations from Data},
  author={Qian, Xin and Rossi, Ryan A. and Du, Fan and Kim, Sungchul and Koh, Eunyee and Malik, Sana and Lee, Tak Yeon and Chan, Joel},
  journal={arXiv:2009.12316},
  year={2020}
}

@inproceedings{ML-based-Vis-Rec,
  title={Learning to recommend visualizations from data},
  author={Qian, Xin and Rossi, Ryan A and Du, Fan and Kim, Sungchul and Koh, Eunyee and Malik, Sana and Lee, Tak Yeon and Chan, Joel},
  booktitle={Proceedings of the 27th ACM SIGKDD Conference on Knowledge Discovery \& Data Mining},
  pages={1359--1369},
  year={2021}
}

@article{vartak2017towards,
  title={Towards visualization recommendation systems},
  author={Vartak, Manasi and Huang, Silu and Siddiqui, Tarique and Madden, Samuel and Parameswaran, Aditya},
  journal={ACM SIGMOD},
  volume={45},
  number={4},
  pages={34--39},
  year={2017},
}

@inproceedings{ncf,
  title={Neural collaborative filtering},
  author={He, Xiangnan and Liao, Lizi and Zhang, Hanwang and Nie, Liqiang and Hu, Xia and Chua, Tat-Seng},
  booktitle={WWW},
  pages={173--182},
  year={2017}
}


@article{vizrec,
  title={Vizrec: Recommending personalized visualizations},
  author={Mutlu, Belgin and Veas, Eduardo and Trattner, Christoph},
  journal={ACM Transactions on Interactive Intelligent Systems (TIIS)},
  volume={6},
  number={4},
  pages={1--39},
  year={2016},
}

@inproceedings{mutlu2015vizrec,
  title={Vizrec: A two-stage recommender system for personalized visualizations},
  author={Mutlu, Belgin and Veas, Eduardo and Trattner, Christoph and Sabol, Vedran},
  booktitle={Proceedings of the 20th International Conference on Intelligent User Interfaces Companion},
  pages={49--52},
  year={2015}
}


@inproceedings{vizml,
  title={Vizml: A machine learning approach to visualization recommendation},
  author={Hu, Kevin and Bakker, Michiel A and Li, Stephen and Kraska, Tim and Hidalgo, C{\'e}sar},
  booktitle={Proceedings of the 2019 CHI Conference on Human Factors in Computing Systems},
  pages={1--12},
  year={2019}
}

@article{draco,
  title={Formalizing visualization design knowledge as constraints: Actionable and extensible models in draco},
  author={Moritz, Dominik and Wang, Chenglong and Nelson, Greg L and Lin, Halden and Smith, Adam M and Howe, Bill and Heer, Jeffrey},
  journal={IEEE transactions on visualization and computer graphics},
  volume={25},
  number={1},
  pages={438--448},
  year={2018},
  publisher={IEEE}
}




@inproceedings{muandet2013domain,
  title={Domain generalization via invariant feature representation},
  author={Muandet, Krikamol and Balduzzi, David and Sch{\"o}lkopf, Bernhard},
  booktitle={International Conference on Machine Learning},
  pages={10--18},
  year={2013}
}

@inproceedings{argyriou2007multi,
  title={Multi-task feature learning},
  author={Argyriou, Andreas and Evgeniou, Theodoros and Pontil, Massimiliano},
  booktitle={Advances in neural information processing systems},
  pages={41--48},
  year={2007}
}
































@inproceedings{zamani2020learning,
  title={Learning a Joint Search and Recommendation Model from User-Item Interactions},
  author={Zamani, Hamed and Croft, W Bruce},
  booktitle={WSDM},
  pages={717--725},
  year={2020}
}

@inproceedings{bruch2019revisiting,
  title={Revisiting approximate metric optimization in the age of deep neural networks},
  author={Bruch, Sebastian and Zoghi, Masrour and Bendersky, Michael and Najork, Marc},
  booktitle={SIGIR},
  pages={1241--1244},
  year={2019}
}

@inproceedings{marc-www19-predictive-web-crawling,
author = {Han, Shuguang and Brodowsky, Bernhard and Gajda, Przemek and Novikov, Sergey and Bendersky, Mike and Najork, Marc and Dua, Robin and Popescul, Alexandrin},
title = {Predictive Crawling for Commercial Web Content},
year = {2019},
booktitle = {WWW},
pages = {627--637},
}

@inproceedings{wang2020earn,
  title={Earn More Social Attention: User Popularity Based Tag Recommendation System},
  author={Wang, Xueting and Zhang, Yiwei and Yamasaki, Toshihiko},
  booktitle={WWW},
  pagesOld={212--216},
  year={2020}
}

@article{liu2020modelling,
  title={Modelling High-Order Social Relations for Item Recommendation},
  author={Liu, Yang and Chen, Liang and He, Xiangnan and Peng, Jiaying and Zheng, Zibin and Tang, Jie},
  journal={arXiv:2003.10149},
  year={2020}
}

@inproceedings{xu2020understanding,
  title={Understanding User Behavior For Document Recommendation},
  author={Xu, Xuhai and Hassan Awadallah, Ahmed and T. Dumais, Susan and Omar, Farheen and Popp, Bogdan and Rounthwaite, Robert and Jahanbakhsh, Farnaz},
  booktitle={WWW},
  pages={3012--3018},
  year={2020}
}

@inproceedings{javari2020weakly,
  title={Weakly Supervised Attention for Hashtag Recommendation using Graph Data},
  author={Javari, Amin and He, Zhankui and Huang, Zijie and Jeetu, Raj and Chen-Chuan Chang, Kevin},
  booktitle={WWW},
  pages={1038--1048},
  year={2020}
}

@inproceedings{chong2020hierarchical,
  title={Hierarchical Visual-aware Minimax Ranking Based on Co-purchase Data for Personalized Recommendation},
  author={Chong, Xiaoya and Li, Qing and Leung, Howard and Men, Qianhui and Chao, Xianjin},
  booktitle={WWW},
  pages={2563--2569},
  year={2020}
}

@article{zhou2020multi,
  title={Multi-facet user preference learning for fine-grained item recommendation},
  author={Zhou, Xin and Guo, Guibing and Sun, Zhu and Liu, Yuan},
  journal={Neurocomp.},
  volume={385},
  pages={258--268},
  year={2020}
}

@inproceedings{neve2020hybrid,
  title={Hybrid Reciprocal Recommender Systems: Integrating Item-to-User Principles in Reciprocal Recommendation},
  author={Neve, James and Palomares, Iv{\'a}n},
  booktitle={WWW},
  pagesOLD={848--854},
  year={2020}
}




@inproceedings{NFM,
  title={Neural factorization machines for sparse predictive analytics},
  author={He, Xiangnan and Chua, Tat-Seng},
  booktitle={SIGIR},
  pages={355--364},
  year={2017}
}

@inproceedings{you2019hierarchical,
  title={Hierarchical temporal convolutional networks for dynamic recommender systems},
  author={You, Jiaxuan and Wang, Yichen and Pal, Aditya and Eksombatchai, Pong and Rosenburg, Chuck and Leskovec, Jure},
  booktitle={WWW},
  pages={2236--2246},
  year={2019}
}
@inproceedings{kang2018self,
  title={Self-attentive sequential recommendation},
  author={Kang, Wang-Cheng and McAuley, Julian},
  booktitle={ICDM},
  pages={197--206},
  year={2018},
}
@article{harper2015movielens,
  title={The movielens datasets: History and context},
  author={Harper, F Maxwell and Konstan, Joseph A},
  journal={TIIS},
  volume={5},
  number={4},
  pages={1--19},
  year={2015},
}

@article{bai2018empirical,
  title={An empirical evaluation of generic convolutional and recurrent networks for sequence modeling},
  author={Bai, Shaojie and Kolter, J Zico and Koltun, Vladlen},
  journal={arXiv:1803.01271},
  year={2018}
}

@inproceedings{zhang2020adaptive,
  title={Adaptive Hierarchical Translation-based Sequential Recommendation},
  author={Zhang, Yin and He, Yun and Wang, Jianling and Caverlee, James},
  booktitle={WWW},
  pages={2984--2990},
  year={2020}
}

@inproceedings{yuan2019simple,
  title={A simple convolutional generative network for next item recommendation},
  author={Yuan, Fajie and Karatzoglou, Alexandros and Arapakis, Ioannis and Jose, Joemon M and He, Xiangnan},
  booktitle={WSDM},
  pages={582--590},
  year={2019}
}

@inproceedings{bennett2007netflix,
  title={The netflix prize},
  author={Bennett, James and Lanning, Stan and others},
  booktitle={KDD Cup},
  pages={35},
  year={2007},
}

@article{linden2003amazon,
  title={Amazon.com recommendations: Item-to-item collaborative filtering},
  author={Linden, Greg and Smith, Brent and York, Jeremy},
  journal={Internet Computing},
  volume={7},
  number={1},
  pages={76--80},
  year={2003},
}

@article{adomavicius2005toward,
  title={Toward the next generation of recommender systems: A survey of the state-of-the-art and possible extensions},
  author={Adomavicius, Gediminas and Tuzhilin, Alexander},
  journal={TKDE},
  volume={17},
  number={6},
  pages={734--749},
  year={2005},
}

@inproceedings{covington2016deep,
  title={Deep neural networks for youtube recommendations},
  author={Covington, Paul and Adams, Jay and Sargin, Emre},
  booktitle={RecSys},
  pages={191--198},
  year={2016}
}

@inproceedings{liu2014recommending,
  title={Recommending user generated item lists},
  author={Liu, Yidan and Xie, Min and Lakshmanan, Laks VS},
  booktitle={RecSys},
  pages={185--192},
  year={2014}
}

@inproceedings{xu2020understanding,
  title={Understanding User Behavior For Document Recommendation},
  author={Xu, Xuhai and Hassan Awadallah, Ahmed and T. Dumais, Susan and Omar, Farheen and Popp, Bogdan and Rounthwaite, Robert and Jahanbakhsh, Farnaz},
  booktitle={WWW},
  pages={3012--3018},
  year={2020}
}

@incollection{ricci2011introduction,
  title={Introduction to recommender systems handbook},
  author={Ricci, Francesco and Rokach, Lior and Shapira, Bracha},
  booktitle={Rec. Sys. handbook},
  pages={1--35},
  year={2011},
}

@inproceedings{oard1998implicit,
  title={Implicit feedback for recommender systems},
  author={Oard, Douglas W and Kim, Jinmook and others},
  booktitle={AAAI Workshop on Recommender Systems},
  volume={83},
  year={1998},
}

@article{dibia2019data2vis,
  title={Data2vis: Automatic generation of data visualizations using sequence-to-sequence recurrent neural networks},
  author={Dibia, Victor and Demiralp, {\c{C}}a{\u{g}}atay},
  journal={IEEE Computer Graphics and Applications},
  volume={39},
  number={5},
  pages={33--46},
  year={2019},
}

@inproceedings{dacrema2019we,
  title={Are we really making much progress? A worrying analysis of recent neural recommendation approaches},
  author={Dacrema, Maurizio Ferrari and Cremonesi, Paolo and Jannach, Dietmar},
  booktitle={RecSys},
  pages={101--109},
  year={2019}
}

@inproceedings{schein2002methods-cold-start,
  title={Methods and metrics for cold-start recommendations},
  author={Schein, Andrew I and Popescul, Alexandrin and Ungar, Lyle H and Pennock, David M},
  booktitle={SIGIR},
  pages={253--260},
  year={2002}
}
@inproceedings{huang2013learning,
  title={Learning deep structured semantic models for web search using clickthrough data},
  author={Huang, Po-Sen and He, Xiaodong and Gao, Jianfeng and Deng, Li and Acero, Alex and Heck, Larry},
  booktitle={CIKM},
  pages={2333--2338},
  year={2013}
}

@inproceedings{ali-www-15-negative-sampling-strategies,
author = {Elkahky, Ali Mamdouh and Song, Yang and He, Xiaodong},
title = {A Multi-View Deep Learning Approach for Cross Domain User Modeling in Recommendation Systems},
year = {2015},
booktitle = {WWW},
pages = {278–288}
}


@article{herlocker2004evaluating,
  title={Evaluating collaborative filtering recommender systems},
  author={Herlocker, Jonathan L and Konstan, Joseph A and Terveen, Loren G and Riedl, John T},
  journal={TOIS},
  volume={22},
  number={1},
  pages={5--53},
  year={2004},
}



@inproceedings{xing2003distance,
  title={Distance metric learning with application to clustering with side-information},
  author={Xing, Eric P and Jordan, Michael I and Russell, Stuart J and Ng, Andrew Y},
  booktitle={NeurIPs},
  pages={521--528},
  year={2003}
}

@inproceedings{deepeye,
author = {Luo, Yuyu and Qin, Xuedi and Tang, Nan and Li, Guoliang and Wang, Xinran},
title = {DeepEye: Creating Good Data Visualizations by Keyword Search},
year = {2018},
booktitle = {SIGMOD},
pages = {1733–1736},
numpages = {4},
}


@inproceedings{
        chen2020tabfact,
        title={TabFact: A Large-scale Dataset for Table-based Fact Verification},
        author={Wenhu Chen and Hongmin Wang and Jianshu Chen and Yunkai Zhang and Hong Wang and Shiyang Li and Xiyou Zhou and William Yang Wang},
        booktitle={ICLR},
        year={2020},
        }



@inproceedings{vizml,
  title={Vizml: A machine learning approach to visualization recommendation},
  author={Hu, Kevin and Bakker, Michiel and Li, Stephen and Kraska, Tim and Hidalgo, C{\'e}sar},
  booktitle={CHI},
  pagesold={12},
  year={2019}
}

@article{draco,
  title={Formalizing visualization design knowledge as constraints: Actionable and extensible models in draco},
  author={Moritz, Dominik and Wang, Chenglong and Nelson, Greg L and Lin, Halden and Smith, Adam M and Howe, Bill and Heer, Jeffrey},
  journal = {TVCG},
  volume={25},
  number={1},
  pagesOld={438--448},
  year={2018},
}



@inproceedings{lian2018xdeepfm,
	title={xdeepfm: Combining explicit and implicit feature interactions for recommender systems},
	author={Lian, Jianxun and Zhou, Xiaohuan and Zhang, Fuzheng and Chen, Zhongxia and Xie, Xing and Sun, Guangzhong},
	booktitle={KDD},
	pages={1754--1763},
	year={2018},
}

@inproceedings{rendle2010factorization,
	title={Factorization machines},
	author={Rendle, Steffen},
	booktitle={ICDM},
	pages={995--1000},
	year={2010},
}


@article{guo2017deepfm,
	title={DeepFM: a factorization-machine based neural network for CTR prediction},
	author={Guo, Huifeng and Tang, Ruiming and Ye, Yunming and Li, Zhenguo and He, Xiuqiang},
	journal={arXiv:1703.04247},
	year={2017}
}

@inproceedings{wang2017deep,
	title={Deep \& cross network for ad click predictions},
	author={Wang, Ruoxi and Fu, Bin and Fu, Gang and Wang, Mingliang},
	booktitle={ADKDD},
	pages={12},
	year={2017},
}

@article{xiao2017attentional,
	title={Attentional factorization machines: Learning the weight of feature interactions via attention networks},
	author={Xiao, Jun and Ye, Hao and He, Xiangnan and Zhang, Hanwang and Wu, Fei and Chua, Tat-Seng},
	journal={arXiv:1708.04617},
	year={2017}
}

@inproceedings{blondel2016higher,
	title={Higher-order factorization machines},
	author={Blondel, Mathieu and Fujino, Akinori and Ueda, Naonori and Ishihata, Masakazu},
	booktitle={NeurIPs},
	pages={3351--3359},
	year={2016}
}


@inproceedings{he2017neural,
	title={Neural factorization machines for sparse predictive analytics},
	author={He, Xiangnan and Chua, Tat-Seng},
	booktitle={SIGIR},
	pages={355--364},
	year={2017}
}

@inproceedings{qu2016product,
	title={Product-based neural networks for user response prediction},
	author={Qu, Yanru and Cai, Han and Ren, Kan and Zhang, Weinan and Yu, Yong and Wen, Ying and Wang, Jun},
	booktitle={ICDM},
	pages={1149--1154},
	year={2016},
	organization={IEEE}
}

@article{chen2019rafm,
	title={RaFM: Rank-Aware Factorization Machines},
	author={Chen, Xiaoshuang and Zheng, Yin and Wang, Jiaxing and Ma, Wenye and Huang, Junzhou},
	journal={arXiv:1905.07570},
	year={2019}
}

@inproceedings{cheng2016wide,
	title={Wide \& deep learning for recommender systems},
	author={Cheng, Heng-Tze and Koc, Levent and Harmsen, Jeremiah and Shaked, Tal and Chandra, Tushar and Aradhye, Hrishi and Anderson, Glen and Corrado, Greg and Chai, Wei and Ispir, Mustafa and others},
	booktitle={Workshop on Deep Learning for Recommender Systems},
	pages={7--10},
	year={2016}
}

@inproceedings{Sherlock,
 author = {Hulsebos, Madelon and Hu, Kevin and Bakker, Michiel and Zgraggen, Emanuel and Satyanarayan, Arvind and Kraska, Tim and Demiralp, \c{C}agatay and Hidalgo, C{\'e}sar},
 title = {Sherlock: A Deep Learning Approach to Semantic Data Type Detection},
 booktitle = {KDD},
 pages={1500--1508},
 year={2019}
}

@inproceedings{mitra2017learning,
  title={Learning to match using local and distributed representations of text for web search},
  author={Mitra, Bhaskar and Diaz, Fernando and Craswell, Nick},
  booktitle={WWW},
  pages={1291--1299},
  year={2017}
}


@article{kipf2016semi,
	title={Semi-supervised classification with graph convolutional networks},
	author={Kipf, Thomas N and Welling, Max},
	journal={arXiv:1609.02907},
	year={2016}
}

@article{wang2019neural,
	title={Neural Graph Collaborative Filtering},
	author={Wang, Xiang and He, Xiangnan and Wang, Meng and Feng, Fuli and Chua, Tat-Seng},
	journal={arXiv:1905.08108},
	year={2019}
}

@inproceedings{ying2018graph,
	title={Graph convolutional neural networks for web-scale recommender systems},
	author={Ying, Rex and He, Ruining and Chen, Kaifeng and Eksombatchai, Pong and Hamilton, William L and Leskovec, Jure},
	booktitle={KDD},
	pages={974--983},
	year={2018}
}

@inproceedings{zhang2016deep,
	title={Deep learning over multi-field categorical data},
	author={Zhang, Weinan and Du, Tianming and Wang, Jun},
	booktitle={ECIR},
	pages={45--57},
	year={2016},
}


@inproceedings{rendle2012social,
  title={Social network and click-through prediction with factorization machines},
  author={Rendle, Steffen},
  booktitle={KDD-Cup Workshop},
  pages={113},
  year={2012}
}

@inproceedings{ta2015factorization,
  title={Factorization machines with follow-the-regularized-leader for CTR prediction in display advertising},
  author={Ta, Anh-Phuong},
  booktitle={IEEE BigData},
  pages={2889--2891},
  year={2015},
}

@inproceedings{rendle2011fast,
  title={Fast context-aware recommendations with factorization machines},
  author={Rendle, Steffen and Gantner, Zeno and Freudenthaler, Christoph and Schmidt-Thieme, Lars},
  booktitle={SIGIR},
  pages={635--644},
  year={2011},
}

@inproceedings{wu2017context,
  title={Context-aware video recommendation based on session progress prediction},
  author={Wu, Gang and Swaminathan, Viswanathan and Mitra, Saayan and Kumar, Ratnesh},
  booktitle={ICME},
  pages={1428--1433},
  year={2017},
}

@article{xiao2017attentional,
  title={Attentional factorization machines: Learning the weight of feature interactions via attention networks},
  author={Xiao, Jun and Ye, Hao and He, Xiangnan and Zhang, Hanwang and Wu, Fei and Chua, Tat-Seng},
  journal={arXiv:1708.04617},
  year={2017}
}

@inproceedings{guo2019order,
  title={Order-aware Embedding Neural Network for CTR Prediction},
  author={Guo, Wei and Tang, Ruiming and Guo, Huifeng and Han, Jianhua and Yang, Wen and Zhang, Yuzhou},
  booktitle={SIGIR},
  pages={1121--1124},
  year={2019},
  organization={ACM}
}


@inproceedings{krizhevsky2012imagenet,
  title={Imagenet classification with deep convolutional neural networks},
  author={Krizhevsky, Alex and Sutskever, Ilya and Hinton, Geoffrey E},
  booktitle={NeurIPs},
  pages={1097--1105},
  year={2012}
}

@inproceedings{wongsuphasawat2016towards,
  title={Towards a general-purpose query language for visualization recommendation},
  author={Wongsuphasawat, Kanit and Moritz, Dominik and Anand, Anushka and Mackinlay, Jock and Howe, Bill and Heer, Jeffrey},
  booktitle={Workshop on Human-In-the-Loop Data Anal.},
  pagesOld={1--6},
  year={2016}
}

@article{wills2010autovis,
  title={Autovis: automatic visualization},
  author={Wills, Graham and Wilkinson, Leland},
  journal={Information Visualization},
  volume={9},
  number={1},
  pages={47--69},
  year={2010},
}

@article{deshpande2004item,
  title={Item-based top-n recommendation algorithms},
  author={Deshpande, Mukund and Karypis, George},
  journal={TOIS},
  volume={22},
  number={1},
  pages={143--177},
  year={2004}
}

@inproceedings{lee2011random,
  title={Random walk based entity ranking on graph for multidimensional recommendation},
  author={Lee, Sangkeun and Song, Sang-il and Kahng, Minsuk and Lee, Dongjoo and Lee, Sang-goo},
  booktitle={RecSys},
  pages={93--100},
  year={2011}
}

@inproceedings{xiang2010temporal,
  title={Temporal recommendation on graphs via long-and short-term preference fusion},
  author={Xiang, Liang and Yuan, Quan and Zhao, Shiwan and Chen, Li and Zhang, Xiatian and Yang, Qing and Sun, Jimeng},
  booktitle={KDD},
  pages={723--732},
  year={2010}
}

@inproceedings{he2015trirank,
  title={Trirank: Review-aware explainable recommendation by modeling aspects},
  author={He, Xiangnan and Chen, Tao and Kan, Min-Yen and Chen, Xiao},
  booktitle={CIKM},
  pages={1661--1670},
  year={2015}
}

@article{jarvelin2002cumulated,
  title={Cumulated gain-based evaluation of IR techniques},
  author={J{\"a}rvelin, Kalervo and Kek{\"a}l{\"a}inen, Jaana},
  journal={TOIS},
  volume={20},
  number={4},
  pages={422--446},
  year={2002}
}

@article{vega-lite,
  title={Vega-lite: A grammar of interactive graphics},
  author={Satyanarayan, Arvind and Moritz, Dominik and Wongsuphasawat, Kanit and Heer, Jeffrey},
  journal={IEEE Transactions on Visualization and Computer Graphics},
  volume={23},
  number={1},
  pages={341--350},
  year={2016}
}

@article{zhang2019deep,
  title={Deep learning based recommender system: A survey and new perspectives},
  author={Zhang, Shuai and Yao, Lina and Sun, Aixin and Tay, Yi},
  journal={CSUR},
  volume={52},
  number={1},
  pages={1--38},
  year={2019},
}

@inproceedings{he2014predicting,
  title={Predicting the popularity of web 2.0 items based on user comments},
  author={He, Xiangnan and Gao, Ming and Kan, Min-Yen and Liu, Yiqun and Sugiyama, Kazunari},
  booktitle={SIGIR},
  pages={233--242},
  year={2014}
}


@article{arik2019tabnet,
  title={Tabnet: Attentive interpretable tabular learning},
  author={Arik, Sercan O and Pfister, Tomas},
  journal={arXiv:1908.07442},
  year={2019}
}

@inproceedings{liang2016modeling,
  title={Modeling user exposure in recommendation},
  author={Liang, Dawen and Charlin, Laurent and McInerney, James and Blei, David M},
  booktitle={WWW},
  pages={951--961},
  year={2016}
}

@inproceedings{he2016fast-older,
  title={Fast matrix factorization for online recommendation with implicit feedback},
  author={He, Xiangnan and Zhang, Hanwang and Kan, Min-Yen and Chua, Tat-Seng},
  booktitle={SIGIR},
  pages={549--558},
  year={2016}
}

@inproceedings{bayer2017generic,
  title={A generic coordinate descent framework for learning from implicit feedback},
  author={Bayer, Immanuel and He, Xiangnan and Kanagal, Bhargav and Rendle, Steffen},
  booktitle={WWW},
  pages={1341--1350},
  year={2017}
}

@article{mackinlay2007show,
  title={Show Me: Automatic presentation for visual analysis},
  author={Mackinlay, Jock and Hanrahan, Pat and Stolte, Chris},
  journal={TVCG},
  volume={13},
  number={6},
  pages={1137--1144},
  year={2007},
}

@inproceedings{hu2018dive,
  title={Dive: A mixed-initiative system supporting integrated data exploration workflows},
  author={Hu, Kevin and Orghian, Diana and Hidalgo, C{\'e}sar},
  booktitle={Workshop on Human-In-the-Loop Data Anal.},
  pages={1--7},
  year={2018}
}

@inproceedings{lee2019avoiding,
  title={Avoiding drill-down fallacies with VisPilot: assisted exploration of data subsets},
  author={Lee, Doris Jung-Lin and Dev, Himel and Hu, Huizi and Elmeleegy, Hazem and Parameswaran, Aditya},
  booktitle={IUI},
  pages={186--196},
  year={2019}
}

@article{de2018vizrec,
  title={VizRec: A framework for secure data exploration via visual representation},
  author={De Stefani, Lorenzo and Spiegelberg, Leonhard F and Kraska, Tim and Upfal, Eli},
  journal={arXiv:1811.00602},
  year={2018}
}

@inproceedings{ehsan2016muve,
  title={Muve: Efficient multi-objective view recommendation for visual data exploration},
  author={Ehsan, Humaira and Sharaf, Mohamed and Chrysanthis, Panos},
  booktitle={ICDE},
  pagesOld={731--742},
  year={2016}
}

@inproceedings{wilkinson2005graph,
  title={Graph-theoretic scagnostics},
  author={Wilkinson, Leland and Anand, Anushka and Grossman, Robert},
  booktitle={IEEE Symposium on Information Visualization},
  pages={157--164},
  year={2005},
}

@inproceedings{sarawagi1998discovery,
  title={Discovery-driven exploration of OLAP data cubes},
  author={Sarawagi, Sunita and Agrawal, Rakesh and Megiddo, Nimrod},
  booktitle={Extending Database Tech.},
  pages={168--182},
  year={1998},
}

@article{casner1991task,
  title={Task-analytic approach to the automated design of graphic presentations},
  author={Casner, Stephen M},
  journal={ACM Trans. Graph.},
  volume={10},
  number={2},
  pages={111--151},
  year={1991},
}

@online{dorisjang,
author ={Doris Jung-Lin Lee},
year = {2020},
title ={Insight Machines: The Past, Present, and Future of Visualization Recommendation},
month ={August},
lastaccessed ={August 8, 2020},
}

@article{mackinlay1986automating,
  title={Automating the design of graphical presentations of relational information},
  author={Mackinlay, Jock},
  journal={ACM Trans. Graph.},
  volume={5},
  number={2},
  pages={110--141},
  year={1986},
}

@inproceedings{ge2020graph,
  title={Graph Enhanced Representation Learning for News Recommendation},
  author={Ge, Suyu and Wu, Chuhan and Wu, Fangzhao and Qi, Tao and Huang, Yongfeng},
  booktitle={WWW},
  pagesOld={2863--2869},
  year={2020}
}

@inproceedings{liu2018somewhere,
  title={Somewhere over the rainbow: An empirical assessment of quantitative colormaps},
  author={Liu, Yang and Heer, Jeffrey},
  booktitle={CHI},
  pages={1--12},
  year={2018}
}

@article{2018-task-data-effectiveness,
 title = {Assessing Effects of Task and Data Distribution on the Effectiveness of Visual Encodings},
 author = {Younghoon Kim AND Jeffrey Heer},
 journal = {EuroVis},
 year = {2018},
}

@inproceedings{heer2009sizing,
  title={Sizing the horizon: the effects of chart size and layering on the graphical perception of time series visualizations},
  author={Heer, Jeffrey and Kong, Nicholas and Agrawala, Maneesh},
  booktitle={CHI},
  pages={1303--1312},
  year={2009}
}

@article{stolte2002polaris,
  title={Polaris: A system for query, analysis, and visualization of multidimensional relational databases},
  author={Stolte, Chris and Tang, Diane and Hanrahan, Pat},
  journal={TVCG},
  volume={8},
  number={1},
  pages={52--65},
  year={2002},
}

@inproceedings{Mao11exploiting,
author = {Ye, Mao and Yin, Peifeng and Lee, Wang-Chien and Lee, Dik-Lun},
title = {Exploiting Geo. Influence for Collaborative Point-of-Interest Recommendation},
year = {2011},
booktitle = {SIGIR},
}

@inproceedings{derthick1997interactive,
  title={An interactive visualization environment for data exploration},
  author={Derthick, Mark and Kolojejchick, John and Roth, Steven F},
  booktitle={KDD},
  pages={2--9},
  year={1997}
}

@article{saket2018task,
  title={Task-based effectiveness of basic visualizations},
  author={Saket, Bahador and Endert, Alex and Demiralp, {\c{C}}a{\u{g}}atay},
  journal={TVCG},
  volume={25},
  number={7},
  pages={2505--2512},
  year={2018},
  publisher={IEEE}
}

@inproceedings{he2015trirank,
  title={Trirank: Review-aware explainable recommendation by modeling aspects},
  author={He, Xiangnan and Chen, Tao and Kan, Min-Yen and Chen, Xiao},
  booktitle={CIKM},
  pages={1661--1670},
  year={2015}
}

@inproceedings{vis-search-result,
author = {Sebrechts, Marc M. and Cugini, John V. and Laskowski, Sharon J. and Vasilakis, Joanna and Miller, Michael S.},
title = {Visualization of Search Results: A Comparative Evaluation of Text, 2D, and 3D Interfaces},
year = {1999},
booktitle = {SIGIR},
}

@inproceedings{zhou2019adversarial,
  title={Adversarial point-of-interest recommendation},
  author={Zhou, Fan and Yin, Ruiyang and Zhang, Kunpeng and Trajcevski, Goce and Zhong, Ting and Wu, Jin},
  booktitle={WWW},
  pages={3462--34618},
  year={2019}
}

@inproceedings{kanakia2019scalable,
  title={A scalable hybrid research paper recommender system for microsoft academic},
  author={Kanakia, Anshul and Shen, Zhihong and Eide, Darrin and Wang, Kuansan},
  booktitle={WWW},
  pagesOld={2893--2899},
  year={2019}
}

@book{baeza1999modern,
  title={Modern information retrieval},
  author={Baeza-Yates, Ricardo and Ribeiro-Neto, Berthier and others},
  volume={463},
  year={1999},
}

@article{jarvelin2002cumulated,
  title={Cumulated gain-based evaluation of IR techniques},
  author={J{\"a}rvelin, Kalervo and Kek{\"a}l{\"a}inen, Jaana},
  journal={TOIS},
  volume={20},
  number={4},
  pages={422--446},
  year={2002},
}

@inproceedings{sigurbjornsson2008flickr,
  title={Flickr tag recommendation based on collective knowledge},
  author={Sigurbj{\"o}rnsson, B{\"o}rkur and Van Zwol, Roelof},
  booktitle={WWW},
  pages={327--336},
  year={2008}
}


@inproceedings{roth1994interactive,
  title={Interactive graphic design using automatic presentation knowledge},
  author={Roth, Steven F and Kolojejchick, John and Mattis, Joe and Goldstein, Jade},
  booktitle={CHI},
  pages={112--117},
  year={1994}
}

@inproceedings{he2016deep,
	title={Deep residual learning for image recognition},
	author={He, Kaiming and Zhang, Xiangyu and Ren, Shaoqing and Sun, Jian},
	booktitle={CVPR},
	pages={770--778},
	year={2016}
}

@article{henaff2015deep,
	title={Deep convolutional networks on graph-structured data},
	author={Henaff, Mikael and Bruna, Joan and LeCun, Yann},
	journal={arXiv:1506.05163},
	year={2015}
}

@inproceedings{gao2018joint,
	title={Joint Generative Moment-Matching Network for Learning Structural Latent Code.},
	author={Gao, Hongchang and Huang, Heng},
	booktitle={IJCAI},
	year={2018}
}

@article{ma2018cgnf,
	title={CGNF: Conditional Graph Neural Fields},
	author={Ma, Tengfei and Xiao, Cao and Shang, Junyuan and Sun, Jimeng},
	year={2018}
}


























@online{plotly, 
  author = {Plotly Technologies Inc.}, 
  title = {Collaborative Data Science}, 
  publisher = {Plotly Technologies Inc.}, 
  address = {Montreal, QC}, 
  year = {2015}, 
  url = {https://plot.ly} 
}


@article{vegamovies,
  title={The Movies Dataset},
  author={Vega datasets},
  url={https://github.com/vega/vega-datasets/blob/master/data/movies.json},
  year={2019}
}

@article{cse442_weather,
  title={Daily Weather in the {U.S.}, 2017},
  author={Jeffrey Heer},
  url={https://courses.cs.washington.edu/courses/cse442/18au/a2.html},
  year={2019}
}

@article{hocking1976theanalysis,  
  title={The Analysis and Selection of Variables in Linear Regression},
  author={Hocking, R. R.},
  journal={Biometrics},
  volume={32},
  pages={1--49},
  year={1976}
}

@article{henderson1981building,
  title={Building Multiple Regression Models Interactively},
  author={Henderson, Harold V and Velleman, Paul F},
  journal={Biometrics},
  volume={37},
  number={2},
  pages={391--411},
  year={1981}
}



@article{barr2013random,
  title={Random Effects Structure for Confirmatory Hypothesis Testing: Keep It Maximal},
  author={Barr, Dale J and Levy, Roger and Scheepers, Christoph and Tily, Harry J},
  journal={Journal of memory and language},
  volume={68},
  number={3},
  pages={255--278},
  year={2013},
  publisher={Elsevier}
}

@incollection{faraway2016extending,
  author      = {Faraway, Julian James},
  title       = {Random Effects},
  booktitle   = {Extending the linear model with R: generalized linear, mixed effects and nonparametric regression models},
  publisher   = {Chapman and Hall/CRC},
  year        = 2016,
  pages       = {195-236},
  edition      = 2,
  chapter     = 10,
}

@Article{lme4,
  title = {Fitting Linear Mixed-Effects Models Using {lme4}},
  author = {Douglas Bates and Martin M{\"a}chler and Ben Bolker and Steve Walker},
  journal = {Journal of Statistical Software},
  year = {2015},
  volume = {67},
  number = {1},
  pages = {1--48},
  doi = {10.18637/jss.v067.i01},
}


@article{winter2013linear,
  title={Linear Models and Linear Mixed Effects Models in {R} With Linguistic Applications},
  author={Winter, Bodo},
  journal={arXiv preprint arXiv:1308.5499},
  year={2013}
}


% ---- Machine Learning ---- %
@article{nickel2015review,
  title={A Review of Relational Machine Learning for Knowledge Graphs},
  author={Nickel, Maximilian and Murphy, Kevin and Tresp, Volker and Gabrilovich, Evgeniy},
  journal={Proceedings of the IEEE},
  volume={104},
  number={1},
  pages={11--33},
  year={2015},
  publisher={IEEE}
}

@article{richardson2006markov,
  title={{Markov} Logic Networks},
  author={Richardson, Matthew and Domingos, Pedro},
  journal={Machine learning},
  volume={62},
  number={1-2},
  pages={107--136},
  year={2006},
  publisher={Springer}
}


% ---- Natural Language Processing ---- %
@inproceedings{wu2020tempura,
  title={Tempura: Query Analysis with Structural Templates},
  author={Wu, Tongshuang and Wongsuphasawat, Kanit and Ren, Donghao and Patel, Kayur and DuBois, Chris},
  booktitle={Proceedings of the 2020 CHI Conference on Human Factors in Computing Systems},
  pages={1--12},
  year={2020}
}



@article{buchanan1992wicked,
  title={Wicked Problems in Design Thinking},
  author={Buchanan, Richard},
  journal={Design Issues},
  volume={8},
  number={2},
  pages={5--21},
  year={1992},
  publisher={JSTOR}
}


% ---- VIS ---- %
@inproceedings{liu2018data-illustrator,
  title={{Data Illustrator}: Augmenting Vector Design Tools with Lazy Data Binding for Expressive Visualization Authoring},
  author={Liu, Zhicheng and Thompson, John and Wilson, Alan and Dontcheva, Mira and Delorey, James and Grigg, Sam and Kerr, Bernard and Stasko, John},
  booktitle={Proceedings of the 2018 CHI Conference on Human Factors in Computing Systems},
  pages={1--13},
  year={2018}
}

@article{ren2018charticulator,
  title={{Charticulator}: Interactive Construction of Bespoke Chart Layouts},
  author={Ren, Donghao and Lee, Bongshin and Brehmer, Matthew},
  journal={IEEE transactions on visualization and computer graphics},
  volume={25},
  number={1},
  pages={789--799},
  year={2018},
  publisher={IEEE}
}

@inproceedings{satyanarayan2014lyra,
  title={{Lyra}: An Interactive Visualization Design Environment},
  author={Satyanarayan, Arvind and Heer, Jeffrey},
  booktitle={Computer Graphics Forum},
  volume={33},
  number={3},
  pages={351--360},
  year={2014},
  organization={Wiley Online Library}
}

@inproceedings{satyanarayan2014ellipsis,
  title={Authoring Narrative Visualizations with {Ellipsis}},
  author={Satyanarayan, Arvind and Heer, Jeffrey},
  booktitle={Computer Graphics Forum},
  volume={33},
  number={3},
  pages={361--370},
  year={2014},
  organization={Wiley Online Library}
}

@inproceedings{conlen2018idyll,
  title={Idyll: A Markup Language for Authoring and Publishing Interactive Articles on the Web},
  author={Conlen, Matthew and Heer, Jeffrey},
  booktitle={Proceedings of the 31st Annual ACM Symposium on User Interface Software and Technology},
  pages={977--989},
  year={2018}
}

@inproceedings{heer2005prefuse,
  title={{prefuse}: A Toolkit for Interactive Information Visualization},
  author={Heer, Jeffrey and Card, Stuart K and Landay, James A},
  booktitle={Proceedings of the SIGCHI conference on Human factors in computing systems},
  pages={421--430},
  year={2005}
}

@misc{insight-machines-blog,
  title = {Insight Machines: The Past, Present, and Future of Visualization Recommendation},
  author={Doris Jung-Lin Lee},
  year = {2020},
  month = {February},
  day = {25},
}

@article{heer2019agency,
  title={Agency Plus Automation: Designing Artificial Intelligence Into Interactive Systems},
  author={Heer, Jeffrey},
  journal={Proceedings of the National Academy of Sciences},
  volume={116},
  number={6},
  pages={1844--1850},
  year={2019},
  publisher={National Acad Sciences}
}

@inproceedings{compassql,
  title={Towards a General-Purpose Query Language for Visualization Recommendation},
  author={Wongsuphasawat, Kanit and Moritz, Dominik and Anand, Anushka and Mackinlay, Jock and Howe, Bill and Heer, Jeffrey},
  booktitle={Proceedings of the Workshop on Human-In-the-Loop Data Analytics},
  pages={4},
  year={2016},
  organization={ACM}
}

@inproceedings{liu2018somewhere,
  title={Somewhere Over the Rainbow: An Empirical Assessment of Quantitative Colormaps},
  author={Liu, Yang and Heer, Jeffrey},
  booktitle={Proceedings of the 2018 CHI Conference on Human Factors in Computing Systems},
  pages={598},
  year={2018},
  organization={ACM}
}

@inproceedings{heer2012color,
  title={Color Naming Models for Color Selection, Image Editing and Palette Design},
  author={Heer, Jeffrey and Stone, Maureen},
  booktitle={Proceedings of the SIGCHI Conference on Human Factors in Computing Systems},
  pages={1007--1016},
  year={2012},
  organization={ACM}
}

@article{saket2018beyond,
  title={Beyond Heuristics: Learning Visualization Design},
  author={Saket, Bahador and Moritz, Dominik and Lin, Halden and Dibia, Victor and Demiralp, Cagatay and Heer, Jeffrey},
  journal={arXiv preprint arXiv:1807.06641},
  year={2018}
}

@inproceedings{kandel2011wrangler,
  title={Wrangler: Interactive Visual Specification of Data Transformation Scripts},
  author={Kandel, Sean and Paepcke, Andreas and Hellerstein, Joseph and Heer, Jeffrey},
  booktitle={Proceedings of the SIGCHI Conference on Human Factors in Computing Systems},
  pages={3363--3372},
  year={2011},
  organization={ACM}
}

@article{kandel2012enterprise,
  title={Enterprise Data Analysis and Visualization: An Interview Study},
  author={Kandel, Sean and Paepcke, Andreas and Hellerstein, Joseph M and Heer, Jeffrey},
  journal={IEEE Transactions on Visualization \& Computer Graphics},
  number={12},
  pages={2917--2926},
  year={2012},
  publisher={IEEE}
}

@article{satyanarayan2017vegalite,
  title={Vega-Lite: A Grammar of Interactive Graphics},
  author={Satyanarayan, Arvind and Moritz, Dominik and Wongsuphasawat, Kanit and Heer, Jeffrey},
  journal={IEEE transactions on visualization and computer graphics},
  volume={23},
  number={1},
  pages={341--350},
  year={2017},
  publisher={IEEE}
}

@article{2016-reactive-vega-architecture,
 title = {Reactive Vega: A Streaming Dataflow Architecture for Declarative Interactive Visualization},
 author = {Arvind Satyanarayan AND Ryan Russell AND Jane Hoffswell AND Jeffrey Heer},
 journal = {IEEE Trans. Visualization \& Comp. Graphics (Proc. InfoVis)},
 year = {2016},
 url = {http://idl.cs.washington.edu/papers/reactive-vega-architecture},
}

@inproceedings{satyanarayan2014declarative,
  title = {Declarative Interaction Design for Data Visualization},
  author = {Satyanarayan, Arvind and Wongsuphasawat, Kanit and Heer, Jeffrey},
  booktitle = {Proceedings of the 27th Annual ACM Symposium on User Interface Software and Technology},
  series = {UIST '14},
  year = {2014},
  isbn = {978-1-4503-3069-5},
  location = {Honolulu, Hawaii, USA},
  pages = {669--678},
  numpages = {10},
  doi = {10.1145/2642918.2647360},
  acmid = {2647360},
  publisher = {ACM},
  address = {New York, NY, USA},
  keywords = {declarative design, interaction design, toolkits, visualization},
} 

@inproceedings{kim2017graphscape,
  title={Graphscape: A Model for Automated Reasoning About Visualization Similarity and Sequencing},
  author={Kim, Younghoon and Wongsuphasawat, Kanit and Hullman, Jessica and Heer, Jeffrey},
  booktitle={Proceedings of the 2017 CHI Conference on Human Factors in Computing Systems},
  pages={2628--2638},
  year={2017},
  organization={ACM}
}

@article{hullman2013,
  title={A Deeper Understanding of Sequence in Narrative Visualization},
  author={Hullman, Jessica and Drucker, Steven and Riche, Nathalie Henry and Lee, Bongshin and Fisher, Daniel and Adar, Eytan},
  journal={IEEE TVCG},
  volume={19},
  number={12},
  pages={2406--2415},
  year={2013},
  publisher={IEEE}
}


% SAGE
@inproceedings{roth1994interactiveSAGEa,
  title={Interactive Graphic Design Using Automatic Presentation Knowledge},
  author={Roth, Steven F and Kolojejchick, John and Mattis, Joe and Goldstein, Jade},
  booktitle={Proceedings of the SIGCHI conference on Human Factors in Computing Systems},
  pages={112--117},
  year={1994}
}

@article{goldstein1994frameworkSAGEb,
  title={A Framework for Knowledge-based Interactive Data Exploration},
  author={Goldstein, Jade and Roth, Steven F and Kolojejchick, John and Mattis, Joe},
  journal={Journal of Visual Languages \& Computing},
  volume={5},
  number={4},
  pages={339--363},
  year={1994},
  publisher={Elsevier}
}

@article{mittal1998describingSAGEc,
  title={Describing Complex Charts in Natural Language: A Caption Generation System},
  author={Mittal, Vibhu O and Moore, Johanna D and Carenini, Giuseppe and Roth, Steven},
  journal={Computational Linguistics},
  volume={24},
  number={3},
  pages={431--467},
  year={1998}
}

% BOZ
@article{casner1991taskBOZ,
  title={Task-Analytic Approach to the Automated Design of Graphic Presentations},
  author={Casner, Stephen M},
  journal={ACM Transactions on Graphics (ToG)},
  volume={10},
  number={2},
  pages={111--151},
  year={1991},
  publisher={ACM}
}

@article{seo2005rankbyfeature,
  title={A Rank-by-Feature Framework for Interactive Exploration of Multidimensional Data},
  author={Seo, Jinwook and Shneiderman, Ben},
  journal={Information visualization},
  volume={4},
  number={2},
  pages={96--113},
  year={2005},
}

@article{mackinlay2007showme,
  title={{Show Me}: Automatic Presentation for Visual Analysis},
  author={Mackinlay, Jock and Hanrahan, Pat and Stolte, Chris},
  journal={IEEE transactions on visualization and computer graphics},
  volume={13},
  number={6},
  pages={1137--1144},
  year={2007},
  publisher={IEEE}
}


@inproceedings{key2012vizdeck,
  title={{VizDeck}: Self-Organizing Dashboards for Visual Analytics},
  author={Key, Alicia and Howe, Bill and Perry, Daniel and Aragon, Cecilia},
  booktitle={Proceedings of the 2012 ACM SIGMOD International Conference on Management of Data},
  pages={681--684},
  year={2012}
}


@inproceedings{van2013small,
  title={Small multiples, large singles: A new approach for visual data exploration},
  author={van den Elzen, Stef and van Wijk, Jarke J},
  booktitle={Computer Graphics Forum},
  volume={32},
  number={3pt2},
  pages={191--200},
  year={2013},
  organization={Wiley Online Library}
}


% Scagnostics, Scagexplorer
@inproceedings{wilkinson2005scagnostics,
  title={Graph-Theoretic Scagnostics},
  author={Wilkinson, Leland and Anand, Anushka and Grossman, Robert},
  booktitle={IEEE Symposium on Information Visualization, 2005. InfoVis 2005.},
  pages={157--164},
  year={2005},
  organization={IEEE}
}

@article{wilkinson2008scagnostics,
  title={Scagnostics Distributions},
  author={Wilkinson, Leland and Wills, Graham},
  journal={Journal of Computational and Graphical Statistics},
  volume={17},
  number={2},
  pages={473--491},
  year={2008},
  publisher={Taylor \& Francis}
}

@inproceedings{dang2014scagexplorer,
  title={{ScagExplorer}: Exploring Scatterplots by Their Scagnostics},
  author={Dang, Tuan Nhon and Wilkinson, Leland},
  booktitle={2014 IEEE Pacific visualization symposium},
  pages={73--80},
  year={2014},
  organization={IEEE}
}

% SeeDB
@inproceedings{vartak2015seedb,
  title={{SEEDB}: Efficient Data-Driven Visualization Recommendations to Support Visual Analytics},
  author={Vartak, Manasi and Rahman, Sajjadur and Madden, Samuel and Parameswaran, Aditya and Polyzotis, Neoklis},
  booktitle={Proceedings of the VLDB Endowment International Conference on Very Large Data Bases},
  volume={8},
  number={13},
  pages={2182},
  year={2015},
  organization={NIH Public Access}
}

% Voyager, Voyager2
@article{wongsuphasawat2016voyager,
  title={{Voyager}: Exploratory Analysis via Faceted Browsing of Visualization Recommendations},
  author={Wongsuphasawat, Kanit and Moritz, Dominik and Anand, Anushka and Mackinlay, Jock and Howe, Bill and Heer, Jeffrey},
  journal={IEEE transactions on visualization and computer graphics},
  volume={22},
  number={1},
  pages={649--658},
  year={2016},
  publisher={IEEE}
}

@inproceedings{wongsuphasawat2017voyager,
  title={Voyager 2: Augmenting visual analysis with partial view specifications},
  author={Wongsuphasawat, Kanit and Qu, Zening and Moritz, Dominik and Chang, Riley and Ouk, Felix and Anand, Anushka and Mackinlay, Jock and Howe, Bill and Heer, Jeffrey},
  booktitle={Proceedings of the 2017 chi conference on human factors in computing systems},
  pages={2648--2659},
  year={2017}
}

% ForeSight
@inproceedings{demiralp2017foresight-vldb,
  title={Foresight: Recommending Visual Insights},
  author={Demiralp, {\c{C}}a{\u{g}}atay and Haas, Peter J and Parthasarathy, Srinivasan and Pedapati, Tejaswini},
  booktitle={Proceedings of the VLDB Endowment International Conference on Very Large Data Bases},
  year={2017},
  volume={10},
  number={12},
}

@inproceedings{demiralp2017foresight-vis-dsia,
  title={Foresight: Rapid Data Exploration Through Guideposts},
  author={Demiralp, {\c{C}}a{\u{g}}atay and Haas, Peter J and Parthasarathy, Srinivasan and Pedapati, Tejaswini},
  booktitle = {Workshop on Data Systems for Interactive Analysis ({DSIA}) at {IEEE} {VIS} 2017},
  year = {2017},
  location = {Phoenix, AZ}
}

% DataSite
@article{cui2019datasite,
  title={Datasite: Proactive Visual Data Exploration With Computation of Insight-Based Recommendations},
  author={Cui, Zhe and Badam, Sriram Karthik and Yal{\c{c}}in, M Adil and Elmqvist, Niklas},
  journal={Information Visualization},
  volume={18},
  number={2},
  pages={251--267},
  year={2019},
  publisher={SAGE Publications Sage UK: London, England}
}


% VizML
@inproceedings{hu2019vizml,
  title={{VizML}: A Machine Learning Approach to Visualization Recommendation},
  author={Hu, Kevin and Bakker, Michiel A and Li, Stephen and Kraska, Tim and Hidalgo, C{\'e}sar},
  booktitle={Proceedings of the 2019 CHI Conference on Human Factors in Computing Systems},
  pages={1--12},
  year={2019}
}

% VisPilot
@inproceedings{lee2019vispilot,
  title={Avoiding Drill-Down Fallacies With {VisPilot}: Assisted Exploration of Data Subsets},
  author={Lee, Doris Jung-Lin and Dev, Himel and Hu, Huizi and Elmeleegy, Hazem and Parameswaran, Aditya},
  booktitle={Proceedings of the 24th International Conference on Intelligent User Interfaces},
  pages={186--196},
  year={2019}
}

% Zenvisage
@article{siddiqui2016zenvisage,
  title={Effortless Data Exploration With {zenvisage}: An Expressive and Interactive Visual Analytics System},
  author={Siddiqui, Tarique and Kim, Albert and Lee, John and Karahalios, Karrie and Parameswaran, Aditya},
  journal={arXiv preprint arXiv:1604.03583},
  year={2016}
}

% Dziban
@inproceedings{lin2020dziban,
  title={Dziban: Balancing Agency \& Automation in Visualization Design via Anchored Recommendations},
  author={Lin, Halden and Moritz, Dominik and Heer, Jeffrey},
  booktitle={Proceedings of the 2020 CHI Conference on Human Factors in Computing Systems},
  pages={1--12},
  year={2020}
}

% APEX
@article{feiner1985apex,
  title={{APEX}: An Experiment in the Automated Creation of Pictorial Explanations},
  author={Feiner, Steven},
  journal={IEEE Computer Graphics and Applications},
  volume={5},
  number={11},
  pages={29--37},
  year={1985},
  publisher={IEEE Computer Society Press Los Alamitos, CA, USA}
}

@article{bostock2009protovis,
  title={Protovis: A Graphical Toolkit for Visualization},
  author={Bostock, Michael and Heer, Jeffrey},
  journal={IEEE transactions on visualization and computer graphics},
  volume={15},
  number={6},
  year={2009},
  publisher={IEEE}
}

@article{bostock2011d3,
  title={{D3}: Data-Driven Documents},
  author={Bostock, Michael and Ogievetsky, Vadim and Heer, Jeffrey},
  journal={IEEE Transactions on Visualization \& Computer Graphics},
  number={12},
  pages={2301--2309},
  year={2011},
  publisher={IEEE}
}

@article{becker1996,
  title={The Visual Design and Control of Trellis Display},
  author={Becker, Richard A and Cleveland, William S and Shyu, Ming-Jen},
  journal={Journal of computational and Graphical Statistics},
  volume={5},
  number={2},
  pages={123--155},
  year={1996},
  publisher={Taylor \& Francis}
}

@article{gebser2011potassco,
  title={Potassco: The Potsdam Answer Set Solving Collection},
  author={Gebser, Martin and Kaufmann, Benjamin and Kaminski, Roland and Ostrowski, Max and Schaub, Torsten and Schneider, Marius},
  journal={Ai Communications},
  volume={24},
  number={2},
  pages={107--124},
  year={2011},
  publisher={Citeseer}
}

@article{gebser2014clingo,
  title={{Clingo} = {ASP} + {Control}: Preliminary Report},
  author={Gebser, Martin and Kaminski, Roland and Kaufmann, Benjamin and Schaub, Torsten},
  journal={arXiv preprint arXiv:1405.3694},
  year={2014}
}

@book{tufte2001visual,
  title={The Visual Display of Quantitative Information},
  author={Tufte, Edward R},
  volume={2},
  year={2001},
  publisher={Graphics press Cheshire, CT}
}

@article{tufte1991,
  title={Envisioning Information},
  author={Tufte, Edward R},
  journal={Optometry \& Vision Science},
  volume={68},
  number={4},
  pages={322--324},
  year={1991},
  publisher={LWW}
}

@inproceedings{chuah1995,
  title={{SDM}: Selective Dynamic Manipulation of Visualizations},
  author={Chuah, Mei C and Roth, Steven F and Mattis, Joe and Kolojejchick, John},
  booktitle={Proceedings of the 8th annual ACM symposium on User interface and software technology},
  pages={61--70},
  year={1995},
  organization={ACM}
}

@article{roth1997,
  title={Toward an Information Visualization Workspace: Combining Multiple Means of Expression},
  author={Roth, Steven F and Chuah, Mei C and Kerpedjiev, Stephan and Kolojejchick, John A and Lucas, Peter},
  journal={Human-computer interaction},
  volume={12},
  number={1},
  pages={131--185},
  year={1997},
  publisher={L. Erlbaum Associates Inc.}
}

@article{becker1987,
  title={Brushing Scatterplots},
  author={Becker, Richard A and Cleveland, William S},
  journal={Technometrics},
  volume={29},
  number={2},
  pages={127--142},
  year={1987},
  publisher={Taylor \& Francis Group}
}

@article{sarikaya2018we,
  title={What Do We Talk About When We Talk About Dashboards?},
  author={Sarikaya, Alper and Correll, Michael and Bartram, Lyn and Tory, Melanie and Fisher, Danyel},
  journal={IEEE transactions on visualization and computer graphics},
  year={2018},
  publisher={IEEE}
}

@inproceedings{stone2014engineering,
  title={An Engineering Model for Color Difference as a Function of Size},
  author={Stone, Maureen and Szafir, Danielle Albers and Setlur, Vidya},
  booktitle={Color and Imaging Conference},
  volume={2014},
  number={2014},
  pages={253--258},
  year={2014},
  organization={Society for Imaging Science and Technology}
}

@article{szafir2018modeling,
  title={Modeling Color Difference for Visualization Design},
  author={Szafir, Danielle Albers},
  journal={IEEE transactions on visualization and computer graphics},
  volume={24},
  number={1},
  pages={392--401},
  year={2018},
  publisher={IEEE}
}

@article{harrower2003colorbrewer,
  title={{ColorBrewer.org}: An Online Tool for Selecting Colour Schemes for Maps},
  author={Harrower, Mark and Brewer, Cynthia A},
  journal={The Cartographic Journal},
  volume={40},
  number={1},
  pages={27--37},
  year={2003},
  publisher={Taylor \& Francis}
}

@article{wickham2010layered,
  title={A Layered Grammar of Graphics},
  author={Wickham, Hadley},
  journal={Journal of Computational and Graphical Statistics},
  volume={19},
  number={1},
  pages={3--28},
  year={2010},
  publisher={Taylor \& Francis}
}

@inproceedings{horvitz1999principles,
  title={Principles of Mixed-Initiative User Interfaces},
  author={Horvitz, Eric},
  booktitle={Proceedings of the SIGCHI conference on Human Factors in Computing Systems},
  pages={159--166},
  year={1999},
  organization={ACM}
}


@inproceedings{roth1990data,
  title={Data Characterization for Intelligent Graphics Presentation},
  author={Roth, Steven F and Mattis, Joe},
  booktitle={Proceedings of the SIGCHI Conference on Human Factors in Computing Systems},
  pages={193--200},
  year={1990},
  organization={ACM}
}

@article{russell1995modern,
  title={Artificial Intelligence: A Modern Approach},
  author={Russell, Stuart and Norvig, Peter},
  journal={Prentice-Hall, Egnlewood Cliffs},
  volume={25},
  pages={27},
  year={1995}
}

@inproceedings{roberts2007,
  title={State of the Art: Coordinated \& Multiple Views in Exploratory Visualization},
  author={Roberts, Jonathan C},
  booktitle={Coordinated and Multiple Views in Exploratory Visualization, 2007. CMV'07. Fifth International Conference on},
  pages={61--71},
  year={2007},
  organization={IEEE}
}

@inproceedings{baldonado2000,
  title={Guidelines for Using Multiple Views in Information Visualization},
  author={Wang Baldonado, Michelle Q and Woodruff, Allison and Kuchinsky, Allan},
  booktitle={Proceedings of the working conference on Advanced visual interfaces},
  pages={110--119},
  year={2000},
  organization={ACM}
}

@book{tukey1977exploratory,
  title={Exploratory Data Analysis},
  author={Tukey, John W},
  volume={2},
  year={1977},
  publisher={Reading, Mass.}
}

@ARTICLE{InteractionTaxonomy, 
  Title={Toward a Deeper Understanding of the Role of Interaction in Information Visualization},
  author={Ji Soo Yi and Youn ah Kang and Stasko, J.T. and Jacko, J.A.}, 
  journal={Visualization and Computer Graphics, IEEE Transactions on}, 
  year={2007}, 
  month={Nov}, 
  volume={13}, 
  number={6}, 
  pages={1224-1231}, 
  keywords={data visualisation;human computer interaction;Infovis community;Infovis interaction techniques;Infovis systems;information visualization;taxonomy;Computer displays;Computer graphics;Conference proceedings;Data visualization;Filters;Human computer interaction;Rendering (computer graphics);Research and development;Taxonomy;Visual analytics;Information visualization;interaction;interaction techniques;taxonomy;visual analytics}, 
  doi={10.1109/TVCG.2007.70515}, 
  ISSN={1077-2626}
}

@article{TopicModels,
  title = {Differentiating Language Usage Through Topic Models},
  journal = {Poetics},
  volume = {41},
  number = {6},
  pages = {607 - 625},
  year = {2013},
  note = {Topic Models and the Cultural Sciences },
  issn = {0304-422X},
  doi = {http://dx.doi.org/10.1016/j.poetic.2013.06.004},
  url = {http://www.sciencedirect.com/science/article/pii/S0304422X13000442},
  author = {Daniel A. McFarland and Daniel Ramage and Jason Chuang and Jeffrey Heer and Christopher D. Manning and Daniel Jurafsky},
  keywords = {Topic models},
  keywords = {Language differentiation},
  keywords = {Text},
  keywords = {Domains},
  keywords = {Culture},
  keywords = {Sociology}
}

@article{cox2001multimodalNLI,
  title={A Multi-Modal Natural Language Interface to an Information Visualization Environment},
  author={Cox, Kenneth and Grinter, Rebecca E and Hibino, Stacie L and Jagadeesan, Lalita Jategaonkar and Mantilla, David},
  journal={International Journal of Speech Technology},
  volume={4},
  number={3-4},
  pages={297--314},
  year={2001},
  publisher={Springer}
}

% Articulate
@inproceedings{sun2010articulate,
  title={\emph{{Articulate}}: A Semi-Automated Model for Translating Natural Language Queries Into Meaningful Visualizations},
  author={Sun, Yiwen and Leigh, Jason and Johnson, Andrew and Lee, Sangyoon},
  booktitle={International Symposium on Smart Graphics},
  pages={184--195},
  year={2010},
  organization={Springer}
}

% Articulate 2
@inproceedings{kumar2016articulate2,
  title={Towards a Dialogue System That Supports Rich Visualizations of Data},
  author={Kumar, Abhinav and Aurisano, Jillian and Di Eugenio, Barbara and Johnson, Andrew and Gonzalez, Alberto and Leigh, Jason},
  booktitle={Proceedings of the 17th Annual Meeting of the Special Interest Group on Discourse and Dialogue},
  pages={304--309},
  year={2016}
}

% DataTone
@misc{datatone-blog,
  title = {Analytics as Simple as Asking a Question},
  author={Adobe Blog},
  url = {https://theblog.adobe.com/datatone/},
  year = {2015},
  month = {March},
  day = {31},
}

@inproceedings{gao2015datatone,
  title={{DataTone}: Managing Ambiguity in Natural Language Interfaces for Data Visualization},
  author={Gao, Tong and Dontcheva, Mira and Adar, Eytan and Liu, Zhicheng and Karahalios, Karrie G},
  booktitle={Proceedings of the 28th Annual ACM Symposium on User Interface Software \& Technology},
  pages={489--500},
  year={2015}
}

% NL4DV
@article{narechania2020nl4dv,
  title={{NL4DV}: A Toolkit for Generating Analytic Specifications for Data Visualization from Natural Language Queries},
  author={Narechania, Arpit and Srinivasan, Arjun and Stasko, John},
  journal={IEEE transactions on visualization and computer graphics},
  year={2020},
}

% Eviza
@inproceedings{setlur2016eviza,
  title={{Eviza}: A Natural Language Interface for Visual Analysis},
  author={Setlur, Vidya and Battersby, Sarah E and Tory, Melanie and Gossweiler, Rich and Chang, Angel X},
  booktitle={Proceedings of the 29th Annual Symposium on User Interface Software and Technology},
  pages={365--377},
  year={2016}
}

% Analyza
@inproceedings{dhamdhere2017analyza,
  title={{Analyza}: Exploring Data With Conversation},
  author={Dhamdhere, Kedar and McCurley, Kevin S and Nahmias, Ralfi and Sundararajan, Mukund and Yan, Qiqi},
  booktitle={Proceedings of the 22nd International Conference on Intelligent User Interfaces},
  pages={493--504},
  year={2017}
}

% Arjun's NLI VIS survey
@inproceedings{srinivasan2017NLIsurvey,
  title={Natural language interfaces for data analysis with visualization: Considering what has and could be asked},
  author={Srinivasan, Arjun and Stasko, John},
  booktitle={Proceedings of the Eurographics/IEEE VGTC Conference on Visualization: Short Papers},
  pages={55--59},
  year={2017}
}

% Orko
@article{srinivasan2017orko,
  title={{Orko}: Facilitating Multimodal Interaction for Visual Exploration and Analysis of Networks},
  author={Srinivasan, Arjun and Stasko, John},
  journal={IEEE transactions on visualization and computer graphics},
  volume={24},
  number={1},
  pages={511--521},
  year={2017},
  publisher={IEEE}
}

% Iris
@inproceedings{fast2018iris,
  title={Iris: A Conversational Agent for Complex Tasks},
  author={Fast, Ethan and Chen, Binbin and Mendelsohn, Julia and Bassen, Jonathan and Bernstein, Michael S},
  booktitle={Proceedings of the 2018 CHI Conference on Human Factors in Computing Systems},
  pages={1--12},
  year={2018}
}

% Evizeon (pragmatics paper)
@article{hoque2017pragmaticsEvizeon,
  title={Applying Pragmatics Principles for Interaction With Visual Analytics},
  author={Hoque, Enamul and Setlur, Vidya and Tory, Melanie and Dykeman, Isaac},
  journal={IEEE transactions on visualization and computer graphics},
  volume={24},
  number={1},
  pages={309--318},
  year={2017},
  publisher={IEEE}
}

% FlowSense
@article{yu2019flowsense,
  title={{FlowSense}: A Natural Language Interface for Visual Data Exploration within a Dataflow System},
  author={Yu, Bowen and Silva, Cl{\'a}udio T},
  journal={IEEE transactions on visualization and computer graphics},
  volume={26},
  number={1},
  pages={1--11},
  year={2019},
  publisher={IEEE}
}

% Text-to-Viz
@article{cui2019text2viz,
  title={{Text-to-Viz}: Automatic Generation of Infographics From Proportion-Related Natural Language Statements},
  author={Cui, Weiwei and Zhang, Xiaoyu and Wang, Yun and Huang, He and Chen, Bei and Fang, Lei and Zhang, Haidong and Lou, Jian-Guan and Zhang, Dongmei},
  journal={IEEE transactions on visualization and computer graphics},
  volume={26},
  number={1},
  pages={906--916},
  year={2019},
  publisher={IEEE}
}


@misc{tableau-ask-data-blog,
  title = {{Ask Data}: Simplifying Analytics with Natural Language},
  author={Ruhaab Markas},
  url = {https://www.tableau.com/about/blog/2018/11/ask-data-simplifying-analytics-natural-language-98655},
  year = {2018},
  month = {November},
  day = {26},
}

@misc{tableau-rec-data-table-joins,
  title = {Introducing Recommended Tables and Smart Joins in {Tableau} 10.3},
  author={Graeme Britz},
  url = {https://www.tableau.com/about/blog/2017/4/introducing-recommended-tables-and-smart-joins-in-Tableau-103},
  year = {2017},
  month = {April},
  day = {13},
}

@inproceedings{tableau-ask-data-paper,
  title={Inferencing Underspecified Natural Language Utterances in Visual Analysis},
  author={Setlur, Vidya and Tory, Melanie and Djalali, Alex},
  booktitle={Proceedings of the 24th International Conference on Intelligent User Interfaces},
  pages={40--51},
  year={2019}
}


@article{lee2015more,
  title={More Than Telling a Story: Transforming Data into Visually Shared Stories},
  author={Lee, Bongshin and Riche, Nathalie Henry and Isenberg, Petra and Carpendale, Sheelagh},
  journal={IEEE computer graphics and applications},
  volume={35},
  number={5},
  pages={84--90},
  year={2015},
  publisher={IEEE}
}

@misc{adobe-query-service,
  title = {Unravel Customer Insights Using SQL and BI Tools with Query Service},
  author={Saurabh Mahapatra},
  url = {https://www.adobe.com/summit/2020/adobe-experience-platform-query-service-clarifies-insights.html},
  year = {2020}
}

@inproceedings{chan2020real,
  title={Real-Time Clustering for Large Sparse Online Visitor Data},
  author={Chan, Gromit Yeuk-Yin and Du, Fan and Rossi, Ryan A and Rao, Anup B and Koh, Eunyee and Silva, Cl{\'a}udio T and Freire, Juliana},
  booktitle={Proceedings of The Web Conference 2020},
  pages={1049--1059},
  year={2020}
}

@inproceedings{nambhi2019stuck,
  title={Stuck? No worries! Task-aware Command Recommendation and Proactive Help for Analysts},
  author={Nambhi, Aadhavan M and Reddy, Bhanu Prakash and Agarwal, Aarsh Prakash and Verma, Gaurav and Singh, Harvineet and Burhanuddin, Iftikhar Ahamath},
  booktitle={Proceedings of the 27th ACM Conference on User Modeling, Adaptation and Personalization},
  pages={271--275},
  year={2019}
}

@misc{vega-tooltip,
  title = {{vega-tooltip}},
  url = {https://github.com/vega/vega-tooltip},
  note = {Date accessed: 2019-12-07}
}
