@misc{CPLEX,
  author = "IBM",
  title = "IBM® Decision Optimization CPLEX® Modeling for Python",
  howpublished = "\url{https://ibmdecisionoptimization.github.io/docplex-doc/}",
  note = "Online; accessed 24-February-2025"
}

@misc{CPLEXBnB,
  author = "IBM",
  title = "Tutorial: Beyond Linear Programming, (CPLEX Part2)",
  howpublished = "\url{https://ibmdecisionoptimization.github.io/tutorials/html/Beyond_Linear_Programming.html}",
  note = "Online; accessed 24-February-2025"
}

@misc{EnvDesign,
      title={The EnvDesign Model: A Method to Solve the Environment Design Problem}, 
      author={Akshay Sathiya and Rohit Pandey},
      year={2024},
      eprint={2412.18109},
      archivePrefix={arXiv},
      primaryClass={cs.DM},
      url={https://arxiv.org/abs/2412.18109},
      note = "\url{https://arxiv.org/abs/2412.18109}"
}

@misc{OptimSAR, 
  author = "The R Foundation",
  title = "Flexible Optimization with Simulated Annealing",
  howpublished = "\url{https://search.r-project.org/CRAN/refmans/optimization/html/optim_sa.html}",
  note = "Online; accessed 3-January-2023"
}

@misc{PyBnB, 
  author = "G. A. Hackebeil",
  title = "Welcome to PyBnb - 0.6.2",
  howpublished = "\url{https://pybnb.readthedocs.io/en/stable/}",
  note = "Online; accessed 25-March-2023"
}

@misc{SciPyAnneal, 
  author = "SciPy",
  title = "scipy.optimize.anneal",
  month = "May",
  day = "11",
  year = "2014",
  howpublished = "\url{https://docs.scipy.org/doc/scipy-0.14.0/reference/generated/scipy.optimize.anneal.html}",
  note = "Online; accessed 3-January-2023"
}

@misc{SciPyBasinHopping, 
  author = "SciPy",
  title = "scipy/scipy/optimize/\_basinhopping.py",
  month = "December",
  day = "10",
  year = "2022",
  howpublished = "\url{https://github.com/scipy/scipy/blob/890a1f2129313454e21280f5237ecb681f3127df/scipy/optimize/_basinhopping.py#L362}",
  note = "Online; accessed 3-January-2023"
}

@misc{SciPyDualAnnealing, 
  author = "SciPy",
  title = "scipy.optimize.dual\_annealing",
  year = "2023",
  howpublished = "\url{https://docs.scipy.org/doc/scipy/reference/generated/scipy.optimize.dual_annealing.html}",
  note = "Online; accessed 3-January-2023"
}

