@misc{BranchAndBound1,
  author = "J. Clausen",
  title = "Branch and Bound Algorithms - Principles and Examples.",
  month = "March",
  day = "12",
  year = "1999",
  howpublished = "\url{https://imada.sdu.dk/u/jbj/heuristikker/TSPtext.pdf}",
  note = "Online; accessed 16-December-2022"
}

@misc{BranchAndBound2,
  author = "Abdul Bari",
  title = "7.2 0/1 Knapsack using Branch and Bound",
  month = "February",
  day = "26",
  year = "2018",
  howpublished = "\url{https://www.youtube.com/watch?v=yV1d-b_NeK8}",
  note = "Online; accessed 16-December-2022"
}

@misc{SciPyAnneal, 
  author = "SciPy",
  title = "scipy.optimize.anneal",
  month = "May",
  day = "11",
  year = "2014",
  howpublished = "\url{https://docs.scipy.org/doc/scipy-0.14.0/reference/generated/scipy.optimize.anneal.html}",
  note = "Online; accessed 3-January-2023"
}

@misc{SciPyBasinHopping, 
  author = "SciPy",
  title = "scipy/scipy/optimize/\_basinhopping.py",
  month = "December",
  day = "10",
  year = "2022",
  howpublished = "\url{https://github.com/scipy/scipy/blob/890a1f2129313454e21280f5237ecb681f3127df/scipy/optimize/_basinhopping.py#L362}",
  note = "Online; accessed 3-January-2023"
}

@misc{OptimSAR, 
  author = "The R Foundation",
  title = "Flexible Optimization with Simulated Annealing",
  howpublished = "\url{https://search.r-project.org/CRAN/refmans/optimization/html/optim_sa.html}",
  note = "Online; accessed 3-January-2023"
}

@misc{SciPyDualAnnealing, 
  author = "SciPy",
  title = "scipy.optimize.dual\_annealing",
  year = "2023",
  howpublished = "\url{https://docs.scipy.org/doc/scipy/reference/generated/scipy.optimize.dual_annealing.html}",
  note = "Online; accessed 3-January-2023"
}

@misc{PyBnB, 
  author = "G. A. Hackebeil",
  title = "Welcome to PyBnb - 0.6.2",
  howpublished = "\url{https://pybnb.readthedocs.io/en/stable/}",
  note = "Online; accessed 25-March-2023"
}

@misc{CPLEX,
  author = "IBM",
  title = "IBM® Decision Optimization CPLEX® Modeling for Python",
  howpublished = "\url{https://ibmdecisionoptimization.github.io/docplex-doc/}",
  note = "Online; accessed 24-February-2025"
}

@misc{CPLEXBnB,
  author = "IBM",
  title = "Tutorial: Beyond Linear Programming, (CPLEX Part2)",
  howpublished = "\url{https://ibmdecisionoptimization.github.io/tutorials/html/Beyond_Linear_Programming.html}",
  note = "Online; accessed 24-February-2025"
}

@misc{SimulatedAnnealing1,
  author = "T. W. Schneider",
  title = "The Traveling Salesman with Simulated Annealing, R, and Shiny",
  month = "September",
  day = "17",
  year = "2014",
  howpublished = "\url{https://toddwschneider.com/posts/traveling-salesman-with-simulated-annealing-r-and-shiny/}",
  note = "Online; accessed 8-January-2023"
}

@misc{SimulatedAnnealing2, 
  author = "T. W. Schneider",
  title = "shiny-salesman/helpers.R",
  month = "October",
  day = "1",
  year = "2014",
  howpublished = "\url{https://github.com/toddwschneider/shiny-salesman/blob/master/helpers.R}",
  note = "Online; accessed 8-January-2023"
}

@misc{Sigmoid, 
  author = "M. Saeed",
  title = "A Gentle Introduction To Sigmoid Function",
  month = "August",
  day = "25",
  year = "2021",
  howpublished = "\url{https://machinelearningmastery.com/a-gentle-introduction-to-sigmoid-function/}",
  note = "Online; accessed 25-March-2023"
}

@misc{PythonTSPSimAnneal,
  author = "F. Goulart and T. Frick and Luan",
  title = "fillipe-gsm/python-tsppython-tsp/python\_tsp/heuristics/simulated\_annealing.py",
  howpublished = "\url{https://github.com/fillipe-gsm/python-tsp/blob/master/python_tsp/heuristics/simulated_annealing.py}",
  note = "Online; accessed 27-March-20243"
}

@misc{PythonTSPBnB,
  author = "Luan",
  title = "python-tsp/python\_tsp/exact/branch\_and\_bound/solver.py",
  howpublished = "\url{https://github.com/fillipe-gsm/python-tsp/blob/master/python_tsp/exact/branch_and_bound/solver.py}",
  note = "Online; accessed 7-March-2024"
}

@misc{EnvDesign,
      title={The EnvDesign Model: A Method to Solve the Environment Design Problem}, 
      author={Akshay Sathiya and Rohit Pandey},
      year={2024},
      eprint={2412.18109},
      archivePrefix={arXiv},
      primaryClass={cs.DM},
      url={https://arxiv.org/abs/2412.18109},
      note = "\url{https://arxiv.org/abs/2412.18109}"
}

@article{NearestNeighborAlg, 
  author = "Daniel J. Rosenkrantz and Richard E. Stearns and Philip M. Lewis II",
  title = "An Analysis of Several Heuristics for the Traveling Salesman Problem",
  journal = "SIAM Journal on Computing",
  month = "September",
  year    = 1977,
  volume  = "6",
  number  = "3",
  pages   = "564--565",
  doi = {10.1137/0206041},
  note = "\url{https://www.researchgate.net/publication/220616869_An_Analysis_of_Several_Heuristics_for_the_Traveling_Salesman_Problem}. Online; accessed 2021"
}

@book{CLR4,
  title     = "Introduction to Algorithms",
  author    = "Thomas H. Cormen and Charles E. Leiserson and Ronald L. Rivest and CLifford Stein",
  year      = 2022,
  publisher = "The MIT Press",
  address   = "Cambridge, Massachusetts",
  edition   = "4",
  note      = "\url{https://a.co/d/eWV8aFt}"
}

@article{SimAnnealOverview, 
  author = "Rob A. Rutenbar",
  title = "Simulated Annealing Algorithms: An Overview",
  journal = "IEEE Circuits and Devices Magazine",
  month = "January",
  year    = 1989,
  volume  = "5",
  number  = "1",
  pages   = "19--26",
  note    = "\url{https://www.cs.amherst.edu/~ccmcgeoch/cs34/papers/rutenbar.pdf}. Online; accessed 8-January-2024"
}
