@article{FCS2024_Survey-Agent,
  author       = {Lei Wang and
                  Chen Ma and
                  Xueyang Feng and
                  Zeyu Zhang and
                  Hao Yang and
                  Jingsen Zhang and
                  Zhiyuan Chen and
                  Jiakai Tang and
                  Xu Chen and
                  Yankai Lin and
                  Wayne Xin Zhao and
                  Zhewei Wei and
                  Ji{-}Rong Wen},
  title        = {A Survey on Large Language Model based Autonomous Agents},
  journal      = {Front. Comput. Sci.},
  volume       = {18},
  year         = {2024}
}

@inproceedings{NeurIPS2023camel,
  author       = {Guohao Li and
                  Hasan Hammoud and
                  Hani Itani and
                  Dmitrii Khizbullin and
                  Bernard Ghanem},
  title        = {{CAMEL:} Communicative Agents for "Mind" Exploration of Large Language Model Society},
  booktitle    = {NeurIPS},
  year         = {2023}
}

@article{arXiv2023_Dynamic-LLM-Agent,
  author       = {Zijun Liu and
                  Yanzhe Zhang and
                  Peng Li and
                  Yang Liu and
                  Diyi Yang},
  title        = {Dynamic LLM-Agent Network: An LLM-agent Collaboration Framework with Agent Team Optimization},
  journal      = {CoRR},
  volume       = {abs/2310.02170},
  year         = {2023}
}

@article{arXiv2023_MultiAgent-Debate,
  author       = {Yilun Du and
                  Shuang Li and
                  Antonio Torralba and
                  Joshua B. Tenenbaum and
                  Igor Mordatch},
  title        = {Improving Factuality and Reasoning in Language Models through Multiagent Debate},
  journal      = {CoRR},
  volume       = {abs/2305.14325},
  year         = {2023}
}

@misc{autogen,
   author = {Wu, Qingyun and Bansal, Gagan and Zhang, Jieyu and Wu, Yiran and Zhang, Shaokun and Zhu, Erkang and Li, Beibin and Jiang, Li and Zhang, Xiaoyun and Wang, Chi},
   title = {AutoGen: Enabling Next-Gen LLM Applications via Multi-Agent Conversation Framework},
   journal = {arXiv:2308.08155},
   month = {August 01, 2023},
   year = {2023}
}

@misc{autogpt,
  author = {Toran Bruce Richards and et al.},
  title = {Auto-GPT: An Autonomous GPT-4 Experiment},
  year = {2023},
  publisher = {GitHub},
  journal = {GitHub repository},
  howpublished = {\url{https://github.com/Significant-Gravitas/Auto-GPT}}
}

@misc{babyagi,
  author = {Yohei Nakajima},
  title = {BabyAGI},
  year = {2023},
  publisher = {GitHub},
  journal = {GitHub repository},
  howpublished = {\url{https://github.com/yoheinakajima/babyagi}}
}

@inproceedings{cetnarowicz1996application,
  title={The application of evolution process in multi-agent world to the prediction system},
  author={Cetnarowicz, Krzysztof and Kisiel-Dorohinicki, Marek and Nawarecki, Edward},
  booktitle={Proceedings of the Second International Conference on Multi-Agent Systems, ICMAS},
  volume={96},
  pages={26--32},
  year={1996}
}

@misc{chen2023agentverse,
      title={AgentVerse: Facilitating Multi-Agent Collaboration and Exploring Emergent Behaviors in Agents}, 
      author={Weize Chen and Yusheng Su and Jingwei Zuo and Cheng Yang and Chenfei Yuan and Chen Qian and Chi-Min Chan and Yujia Qin and Yaxi Lu and Ruobing Xie and Zhiyuan Liu and Maosong Sun and Jie Zhou},
      year={2023},
      eprint={2308.10848},
      archivePrefix={arXiv}
}

@article{fernando2023promptbreeder,
  title={Promptbreeder: Self-referential self-improvement via prompt evolution},
  author={Fernando, Chrisantha and Banarse, Dylan and Michalewski, Henryk and Osindero, Simon and Rockt{\"a}schel, Tim},
  journal={arXiv preprint arXiv:2309.16797},
  year={2023}
}

@article{guo2023evoprompt,
  title={Connecting large language models with evolutionary algorithms yields powerful prompt optimizers},
  author={Guo, Qingyan and Wang, Rui and Guo, Junliang and Li, Bei and Song, Kaitao and Tan, Xu and Liu, Guoqing and Bian, Jiang and Yang, Yujiu},
  journal={arXiv preprint arXiv:2309.08532},
  year={2023}
}

@inproceedings{he2023lego,
  title={LEGO: A Multi-agent Collaborative Framework with Role-playing and Iterative Feedback for Causality Explanation Generation},
  author={He, Zhitao and Cao, Pengfei and Chen, Yubo and Liu, Kang and Li, Ruopeng and Sun, Mengshu and Zhao, Jun},
  booktitle={Findings of the Association for Computational Linguistics: EMNLP 2023},
  pages={9142--9163},
  year={2023}
}

@article{hu2024adas,
  title={Automated design of agentic systems},
  author={Hu, Shengran and Lu, Cong and Clune, Jeff},
  journal={arXiv preprint arXiv:2408.08435},
  year={2024}
}

@article{hu2024evomac,
  title={Self-Evolving Multi-Agent Collaboration Networks for Software Development},
  author={Hu, Yue and Cai, Yuzhu and Du, Yaxin and Zhu, Xinyu and Liu, Xiangrui and Yu, Zijie and Hou, Yuchen and Tang, Shuo and Chen, Siheng},
  journal={arXiv preprint arXiv:2410.16946},
  year={2024}
}

@article{khattab2023dspy,
  title={Dspy: Compiling declarative language model calls into self-improving pipelines},
  author={Khattab, Omar and Singhvi, Arnav and Maheshwari, Paridhi and Zhang, Zhiyuan and Santhanam, Keshav and Vardhamanan, Sri and Haq, Saiful and Sharma, Ashutosh and Joshi, Thomas T and Moazam, Hanna and others},
  journal={arXiv preprint arXiv:2310.03714},
  year={2023}
}

@article{lee2025evolving-deepmind,
  title={Evolving Deeper LLM Thinking},
  author={Lee, Kuang-Huei and Fischer, Ian and Wu, Yueh-Hua and Marwood, Dave and Baluja, Shumeet and Schuurmans, Dale and Chen, Xinyun},
  journal={arXiv preprint arXiv:2501.09891},
  year={2025}
}

@article{li2016multi,
  title={A multi-agent genetic algorithm for community detection in complex networks},
  author={Li, Zhangtao and Liu, Jing},
  journal={Physica A: Statistical Mechanics and its Applications},
  volume={449},
  pages={336--347},
  year={2016},
  publisher={Elsevier}
}

@inproceedings{liu2020mapper,
  title={Mapper: Multi-agent path planning with evolutionary reinforcement learning in mixed dynamic environments},
  author={Liu, Zuxin and Chen, Baiming and Zhou, Hongyi and Koushik, Guru and Hebert, Martial and Zhao, Ding},
  booktitle={2020 IEEE/RSJ International Conference on Intelligent Robots and Systems (IROS)},
  pages={11748--11754},
  year={2020},
  organization={IEEE}
}

@misc{openai2023gpt4,
      title={GPT-4 Technical Report}, 
      author={OpenAI},
      year={2023},
      eprint={2303.08774},
      archivePrefix={arXiv},
      primaryClass={cs.CL}
}

@article{romera2024mathematical,
  title={Mathematical discoveries from program search with large language models},
  author={Romera-Paredes, Bernardino and Barekatain, Mohammadamin and Novikov, Alexander and Balog, Matej and Kumar, M Pawan and Dupont, Emilien and Ruiz, Francisco JR and Ellenberg, Jordan S and Wang, Pengming and Fawzi, Omar and others},
  journal={Nature},
  volume={625},
  number={7995},
  pages={468--475},
  year={2024},
  publisher={Nature Publishing Group UK London}
}

@article{shang2024agentsquare,
  title={AgentSquare: Automatic LLM Agent Search in Modular Design Space},
  author={Shang, Yu and Li, Yu and Zhao, Keyu and Ma, Likai and Liu, Jiahe and Xu, Fengli and Li, Yong},
  journal={arXiv preprint arXiv:2410.06153},
  year={2024}
}

@article{shen2024hugginggpt,
  title={Hugginggpt: Solving ai tasks with chatgpt and its friends in hugging face},
  author={Shen, Yongliang and Song, Kaitao and Tan, Xu and Li, Dongsheng and Lu, Weiming and Zhuang, Yueting},
  journal={Advances in Neural Information Processing Systems},
  volume={36},
  year={2024}
}

@article{shi2024red,
  title={Red teaming language model detectors with language models},
  author={Shi, Zhouxing and Wang, Yihan and Yin, Fan and Chen, Xiangning and Chang, Kai-Wei and Hsieh, Cho-Jui},
  journal={Transactions of the Association for Computational Linguistics},
  volume={12},
  pages={174--189},
  year={2024},
  publisher={MIT Press One Broadway, 12th Floor, Cambridge, Massachusetts 02142, USA~â€¦}
}

@inproceedings{tao2023program,
  title={Program synthesis with generative pre-trained transformers and grammar-guided genetic programming grammar},
  author={Tao, Ning and Ventresque, Anthony and Saber, Takfarinas},
  booktitle={2023 IEEE Latin American Conference on Computational Intelligence (LA-CCI)},
  pages={1--6},
  year={2023},
  organization={IEEE}
}

@article{team2023gemini,
  title={Gemini: a family of highly capable multimodal models},
  author={Team, Gemini and Anil, Rohan and Borgeaud, Sebastian and Alayrac, Jean-Baptiste and Yu, Jiahui and Soricut, Radu and Schalkwyk, Johan and Dai, Andrew M and Hauth, Anja and Millican, Katie and others},
  journal={arXiv preprint arXiv:2312.11805},
  year={2023}
}

@article{xu2022gps,
  title={GPS: Genetic prompt search for efficient few-shot learning},
  author={Xu, Hanwei and Chen, Yujun and Du, Yulun and Shao, Nan and Wang, Yanggang and Li, Haiyu and Yang, Zhilin},
  journal={arXiv preprint arXiv:2210.17041},
  year={2022}
}

@article{yuan2024evoagent,
  title={EvoAgent: Towards Automatic Multi-Agent Generation via Evolutionary Algorithms},
  author={Yuan, Siyu and Song, Kaitao and Chen, Jiangjie and Tan, Xu and Li, Dongsheng and Yang, Deqing},
  journal={arXiv preprint arXiv:2406.14228},
  year={2024}
}

@article{zhang2024aflow,
  title={Aflow: Automating agentic workflow generation},
  author={Zhang, Jiayi and Xiang, Jinyu and Yu, Zhaoyang and Teng, Fengwei and Chen, Xionghui and Chen, Jiaqi and Zhuge, Mingchen and Cheng, Xin and Hong, Sirui and Wang, Jinlin and others},
  journal={arXiv preprint arXiv:2410.10762},
  year={2024}
}

@article{zhang2024gdesigner,
  title={G-designer: Architecting multi-agent communication topologies via graph neural networks},
  author={Zhang, Guibin and Yue, Yanwei and Sun, Xiangguo and Wan, Guancheng and Yu, Miao and Fang, Junfeng and Wang, Kun and Cheng, Dawei},
  journal={arXiv preprint arXiv:2410.11782},
  year={2024}
}

@inproceedings{zhong2024memorybank,
  title={Memorybank: Enhancing large language models with long-term memory},
  author={Zhong, Wanjun and Guo, Lianghong and Gao, Qiqi and Ye, He and Wang, Yanlin},
  booktitle={Proceedings of the AAAI Conference on Artificial Intelligence},
  volume={38},
  number={17},
  pages={19724--19731},
  year={2024}
}

@article{zhu2024knowagent,
  title={Knowagent: Knowledge-augmented planning for llm-based agents},
  author={Zhu, Yuqi and Qiao, Shuofei and Ou, Yixin and Deng, Shumin and Zhang, Ningyu and Lyu, Shiwei and Shen, Yue and Liang, Lei and Gu, Jinjie and Chen, Huajun},
  journal={arXiv preprint arXiv:2403.03101},
  year={2024}
}

@inproceedings{zhuge2024gptswarm,
  title={GPTSwarm: Language Agents as Optimizable Graphs},
  author={Zhuge, Mingchen and Wang, Wenyi and Kirsch, Louis and Faccio, Francesco and Khizbullin, Dmitrii and Schmidhuber, J{\"u}rgen},
  booktitle={Forty-first International Conference on Machine Learning},
year={2024}
}

