@inproceedings{Qu_2024COLT, series={CIKM ’24},
   title={Towards Completeness-Oriented Tool Retrieval for Large Language Models},
   booktitle={Proceedings of the 33rd ACM International Conference on Information and Knowledge Management},
   publisher={ACM},
   author={Qu, Changle and Dai, Sunhao and Wei, Xiaochi and Cai, Hengyi and Wang, Shuaiqiang and Yin, Dawei and Xu, Jun and Wen, Ji-Rong},
   year={2024},
   month=oct, pages={1930–1940},
   collection={CIKM ’24} 
}

@article{cai2023large,
  title={Large language models as tool makers},
  author={Cai, Tianle and Wang, Xuezhi and Ma, Tengyu and Chen, Xinyun and Zhou, Denny},
  journal={arXiv preprint arXiv:2305.17126},
  year={2023}
}

@article{chen2022program,
  title={Program of thoughts prompting: Disentangling computation from reasoning for numerical reasoning tasks},
  author={Chen, Wenhu and Ma, Xueguang and Wang, Xinyi and Cohen, William W},
  journal={arXiv preprint arXiv:2211.12588},
  year={2022}
}

@misc{chen2024reinvoketool,
      title={Re-Invoke: Tool Invocation Rewriting for Zero-Shot Tool Retrieval}, 
      author={Yanfei Chen and Jinsung Yoon and Devendra Singh Sachan and Qingze Wang and Vincent Cohen-Addad and Mohammadhossein Bateni and Chen-Yu Lee and Tomas Pfister},
      year={2024},
      journal={arXiv preprint arXiv:2408.01875},
}

@article{choudhury2023zero,
  title={Zero-shot video question answering with procedural programs},
  author={Choudhury, Rohan and Niinuma, Koichiro and Kitani, Kris M and Jeni, L{\'a}szl{\'o} A},
  journal={arXiv preprint arXiv:2312.00937},
  year={2023}
}

@article{gou2023tora,
  title={Tora: A tool-integrated reasoning agent for mathematical problem solving},
  author={Gou, Zhibin and Shao, Zhihong and Gong, Yeyun and Shen, Yelong and Yang, Yujiu and Huang, Minlie and Duan, Nan and Chen, Weizhu},
  journal={arXiv preprint arXiv:2309.17452},
  year={2023}
}

@inproceedings{gupta2023visual,
  title={Visual programming: Compositional visual reasoning without training},
  author={Gupta, Tanmay and Kembhavi, Aniruddha},
  booktitle={Proceedings of the IEEE/CVF Conference on Computer Vision and Pattern Recognition},
  pages={14953--14962},
  year={2023}
}

@misc{liu2023heterogeneousembodiedmultiagentcollaboration,
      title={Heterogeneous Embodied Multi-Agent Collaboration}, 
      author={Xinzhu Liu and Di Guo and Huaping Liu},
      year={2023},
      eprint={2307.13957},
      archivePrefix={arXiv},
      primaryClass={cs.CV},
      url={https://arxiv.org/abs/2307.13957}, 
}

@article{lu2024chameleon,
  title={Chameleon: Plug-and-play compositional reasoning with large language models},
  author={Lu, Pan and Peng, Baolin and Cheng, Hao and Galley, Michel and Chang, Kai-Wei and Wu, Ying Nian and Zhu, Song-Chun and Gao, Jianfeng},
  journal={Advances in Neural Information Processing Systems},
  volume={36},
  year={2024}
}

@article{lyu2023faithful,
  title={Faithful chain-of-thought reasoning},
  author={Lyu, Qing and Havaldar, Shreya and Stein, Adam and Zhang, Li and Rao, Delip and Wong, Eric and Apidianaki, Marianna and Callison-Burch, Chris},
  journal={arXiv preprint arXiv:2301.13379},
  year={2023}
}

@article{qian2023creator,
  title={Creator: Tool creation for disentangling abstract and concrete reasoning of large language models},
  author={Qian, Cheng and Han, Chi and Fung, Yi R and Qin, Yujia and Liu, Zhiyuan and Ji, Heng},
  journal={arXiv preprint arXiv:2305.14318},
  year={2023}
}

@misc{qu2024DAFT,
      title={From Exploration to Mastery: Enabling LLMs to Master Tools via Self-Driven Interactions}, 
      author={Changle Qu and Sunhao Dai and Xiaochi Wei and Hengyi Cai and Shuaiqiang Wang and Dawei Yin and Jun Xu and Ji-Rong Wen},
      year={2024},
      journal={arXiv preprint arXiv:2410.08197},
}

@article{stengel2024regal,
  title={Regal: Refactoring programs to discover generalizable abstractions},
  author={Stengel-Eskin, Elias and Prasad, Archiki and Bansal, Mohit},
  journal={arXiv preprint arXiv:2401.16467},
  year={2024}
}

@inproceedings{suris2023vipergpt,
  title={Vipergpt: Visual inference via python execution for reasoning},
  author={Sur{\'\i}s, D{\'\i}dac and Menon, Sachit and Vondrick, Carl},
  booktitle={Proceedings of the IEEE/CVF International Conference on Computer Vision},
  pages={11888--11898},
  year={2023}
}

@misc{talebirad2023multiagentcollaborationharnessingpower,
      title={Multi-Agent Collaboration: Harnessing the Power of Intelligent LLM Agents}, 
      author={Yashar Talebirad and Amirhossein Nadiri},
      year={2023},
      eprint={2306.03314},
      archivePrefix={arXiv},
      primaryClass={cs.AI},
      url={https://arxiv.org/abs/2306.03314}, 
}

@misc{tang2024decentralizedlifelongadaptivemultiagentcollaborative,
      title={Decentralized and Lifelong-Adaptive Multi-Agent Collaborative Learning}, 
      author={Shuo Tang and Rui Ye and Chenxin Xu and Xiaowen Dong and Siheng Chen and Yanfeng Wang},
      year={2024},
      eprint={2403.06535},
      archivePrefix={arXiv},
      primaryClass={cs.LG},
      url={https://arxiv.org/abs/2403.06535}, 
}

@article{wang2023mathcoder,
  title={Mathcoder: Seamless code integration in llms for enhanced mathematical reasoning},
  author={Wang, Ke and Ren, Houxing and Zhou, Aojun and Lu, Zimu and Luo, Sichun and Shi, Weikang and Zhang, Renrui and Song, Linqi and Zhan, Mingjie and Li, Hongsheng},
  journal={arXiv preprint arXiv:2310.03731},
  year={2023}
}

@article{wang2024executable,
  title={Executable code actions elicit better llm agents},
  author={Wang, Xingyao and Chen, Yangyi and Yuan, Lifan and Zhang, Yizhe and Li, Yunzhu and Peng, Hao and Ji, Heng},
  journal={arXiv preprint arXiv:2402.01030},
  year={2024}
}

@article{wang2024trove,
  title={Trove: Inducing verifiable and efficient toolboxes for solving programmatic tasks},
  author={Wang, Zhiruo and Fried, Daniel and Neubig, Graham},
  journal={arXiv preprint arXiv:2401.12869},
  year={2024}
}

@article{wu2023autogen,
  title={Autogen: Enabling next-gen llm applications via multi-agent conversation framework},
  author={Wu, Qingyun and Bansal, Gagan and Zhang, Jieyu and Wu, Yiran and Zhang, Shaokun and Zhu, Erkang and Li, Beibin and Jiang, Li and Zhang, Xiaoyun and Wang, Chi},
  journal={arXiv preprint arXiv:2308.08155},
  year={2023}
}

@misc{wu2024avataroptimizingllmagents,
      title={AvaTaR: Optimizing LLM Agents for Tool Usage via Contrastive Reasoning}, 
      author={Shirley Wu and Shiyu Zhao and Qian Huang and Kexin Huang and Michihiro Yasunaga and Kaidi Cao and Vassilis N. Ioannidis and Karthik Subbian and Jure Leskovec and James Zou},
      year={2024},
      journal={arXiv preprint arXiv:2406.11200}
}

@article{yuan2023craft,
  title={Craft: Customizing llms by creating and retrieving from specialized toolsets},
  author={Yuan, Lifan and Chen, Yangyi and Wang, Xingyao and Fung, Yi R and Peng, Hao and Ji, Heng},
  journal={arXiv preprint arXiv:2309.17428},
  year={2023}
}

@misc{zhang2020multiagentcollaborationrewardattribution,
      title={Multi-Agent Collaboration via Reward Attribution Decomposition}, 
      author={Tianjun Zhang and Huazhe Xu and Xiaolong Wang and Yi Wu and Kurt Keutzer and Joseph E. Gonzalez and Yuandong Tian},
      year={2020},
      eprint={2010.08531},
      archivePrefix={arXiv},
      primaryClass={cs.LG},
      url={https://arxiv.org/abs/2010.08531}, 
}

@misc{zheng2024toolrerank,
      title={ToolRerank: Adaptive and Hierarchy-Aware Reranking for Tool Retrieval}, 
      author={Yuanhang Zheng and Peng Li and Wei Liu and Yang Liu and Jian Luan and Bin Wang},
      year={2024},
      journal={arXiv preprint arXiv:2403.06551},
}

@article{zhou2023solving,
  title={Solving challenging math word problems using gpt-4 code interpreter with code-based self-verification},
  author={Zhou, Aojun and Wang, Ke and Lu, Zimu and Shi, Weikang and Luo, Sichun and Qin, Zipeng and Lu, Shaoqing and Jia, Anya and Song, Linqi and Zhan, Mingjie and others},
  journal={arXiv preprint arXiv:2308.07921},
  year={2023}
}

