@article{cassano2023type,
  title={Type Prediction With Program Decomposition and Fill-in-the-Type Training},
  author={Cassano, Federico and Yee, Ming-Ho and Shinn, Noah and Guha, Arjun and Holtzen, Steven},
  journal={arXiv preprint arXiv:2305.17145},
  year={2023}
}


@article{li2023starcoder,
  title={Starcoder: may the source be with you!},
  author={Li, Raymond and Allal, Loubna Ben and Zi, Yangtian and Muennighoff, Niklas and Kocetkov, Denis and Mou, Chenghao and Marone, Marc and Akiki, Christopher and Li, Jia and Chim, Jenny and others},
  journal={arXiv preprint arXiv:2305.06161},
  year={2023}
}


@article{roziere2023code,
  title={Code llama: Open foundation models for code},
  author={Roziere, Baptiste and Gehring, Jonas and Gloeckle, Fabian and Sootla, Sten and Gat, Itai and Tan, Xiaoqing Ellen and Adi, Yossi and Liu, Jingyu and Sauvestre, Romain and Remez, Tal and others},
  journal={arXiv preprint arXiv:2308.12950},
  year={2023}
}


@article{wu2023autogen,
  title={Autogen: Enabling next-gen llm applications via multi-agent conversation framework},
  author={Wu, Qingyun and Bansal, Gagan and Zhang, Jieyu and Wu, Yiran and Zhang, Shaokun and Zhu, Erkang and Li, Beibin and Jiang, Li and Zhang, Xiaoyun and Wang, Chi},
  journal={arXiv preprint arXiv:2308.08155},
  year={2023}
}


@article{wang2024executable,
  title={Executable code actions elicit better llm agents},
  author={Wang, Xingyao and Chen, Yangyi and Yuan, Lifan and Zhang, Yizhe and Li, Yunzhu and Peng, Hao and Ji, Heng},
  journal={arXiv preprint arXiv:2402.01030},
  year={2024}
}


@article{zhou2023solving,
  title={Solving challenging math word problems using gpt-4 code interpreter with code-based self-verification},
  author={Zhou, Aojun and Wang, Ke and Lu, Zimu and Shi, Weikang and Luo, Sichun and Qin, Zipeng and Lu, Shaoqing and Jia, Anya and Song, Linqi and Zhan, Mingjie and others},
  journal={arXiv preprint arXiv:2308.07921},
  year={2023}
}


@article{wang2023mathcoder,
  title={Mathcoder: Seamless code integration in llms for enhanced mathematical reasoning},
  author={Wang, Ke and Ren, Houxing and Zhou, Aojun and Lu, Zimu and Luo, Sichun and Shi, Weikang and Zhang, Renrui and Song, Linqi and Zhan, Mingjie and Li, Hongsheng},
  journal={arXiv preprint arXiv:2310.03731},
  year={2023}
}


@inproceedings{suris2023vipergpt,
  title={Vipergpt: Visual inference via python execution for reasoning},
  author={Sur{\'\i}s, D{\'\i}dac and Menon, Sachit and Vondrick, Carl},
  booktitle={Proceedings of the IEEE/CVF International Conference on Computer Vision},
  pages={11888--11898},
  year={2023}
}


@article{choudhury2023zero,
  title={Zero-shot video question answering with procedural programs},
  author={Choudhury, Rohan and Niinuma, Koichiro and Kitani, Kris M and Jeni, L{\'a}szl{\'o} A},
  journal={arXiv preprint arXiv:2312.00937},
  year={2023}
}



@article{qian2023creator,
  title={Creator: Tool creation for disentangling abstract and concrete reasoning of large language models},
  author={Qian, Cheng and Han, Chi and Fung, Yi R and Qin, Yujia and Liu, Zhiyuan and Ji, Heng},
  journal={arXiv preprint arXiv:2305.14318},
  year={2023}
}


@article{cai2023large,
  title={Large language models as tool makers},
  author={Cai, Tianle and Wang, Xuezhi and Ma, Tengyu and Chen, Xinyun and Zhou, Denny},
  journal={arXiv preprint arXiv:2305.17126},
  year={2023}
}


@article{yuan2023craft,
  title={Craft: Customizing llms by creating and retrieving from specialized toolsets},
  author={Yuan, Lifan and Chen, Yangyi and Wang, Xingyao and Fung, Yi R and Peng, Hao and Ji, Heng},
  journal={arXiv preprint arXiv:2309.17428},
  year={2023}
}

@article{wang2024trove,
  title={Trove: Inducing verifiable and efficient toolboxes for solving programmatic tasks},
  author={Wang, Zhiruo and Fried, Daniel and Neubig, Graham},
  journal={arXiv preprint arXiv:2401.12869},
  year={2024}
}

@article{smith1981identification,
  title={Identification of common molecular subsequences},
  author={Smith, Temple F and Waterman, Michael S and others},
  journal={Journal of molecular biology},
  volume={147},
  number={1},
  pages={195--197},
  year={1981},
  publisher={Elsevier Science}
}
@article{stengel2024regal,
  title={Regal: Refactoring programs to discover generalizable abstractions},
  author={Stengel-Eskin, Elias and Prasad, Archiki and Bansal, Mohit},
  journal={arXiv preprint arXiv:2401.16467},
  year={2024}
}

@inproceedings{xing2004weighted,
  title={Weighted pagerank algorithm},
  author={Xing, Wenpu and Ghorbani, Ali},
  booktitle={Proceedings. Second Annual Conference on Communication Networks and Services Research, 2004.},
  pages={305--314},
  year={2004},
  organization={IEEE}
}


@article{shin2021few,
  title={Few-shot semantic parsing with language models trained on code},
  author={Shin, Richard and Van Durme, Benjamin},
  journal={arXiv preprint arXiv:2112.08696},
  year={2021}
}

@article{bogin2023leveraging,
  title={Leveraging code to improve in-context learning for semantic parsing},
  author={Bogin, Ben and Gupta, Shivanshu and Clark, Peter and Sabharwal, Ashish},
  journal={arXiv preprint arXiv:2311.09519},
  year={2023}
}

@article{yasunaga2023large,
  title={Large language models as analogical reasoners},
  author={Yasunaga, Michihiro and Chen, Xinyun and Li, Yujia and Pasupat, Panupong and Leskovec, Jure and Liang, Percy and Chi, Ed H and Zhou, Denny},
  journal={arXiv preprint arXiv:2310.01714},
  year={2023}
}

@article{wang2023voyager,
  title={Voyager: An open-ended embodied agent with large language models},
  author={Wang, Guanzhi and Xie, Yuqi and Jiang, Yunfan and Mandlekar, Ajay and Xiao, Chaowei and Zhu, Yuke and Fan, Linxi and Anandkumar, Anima},
  journal={arXiv preprint arXiv:2305.16291},
  year={2023}
}

@article{fan2022minedojo,
  title={Minedojo: Building open-ended embodied agents with internet-scale knowledge},
  author={Fan, Linxi and Wang, Guanzhi and Jiang, Yunfan and Mandlekar, Ajay and Yang, Yuncong and Zhu, Haoyi and Tang, Andrew and Huang, De-An and Zhu, Yuke and Anandkumar, Anima},
  journal={Advances in Neural Information Processing Systems},
  volume={35},
  pages={18343--18362},
  year={2022}
}

@misc{PrismarineJS2013,
  author = {{PrismarineJS}},
  title = {Prismarinejs/mineflayer: Create Minecraft bots with a powerful, stable, and high-level JavaScript API},
  year = {2013},
  howpublished = {\url{https://github.com/PrismarineJS/mineflayer}},
  note = {Accessed: 2025-01-08}
}

@article{futuyma1988evolution,
  title={The evolution of ecological specialization},
  author={Futuyma, Douglas J and Moreno, Gabriel},
  journal={Annual review of Ecology and Systematics},
  pages={207--233},
  year={1988},
  publisher={JSTOR}
}

@article{prasad2023adapt,
  title={Adapt: As-needed decomposition and planning with language models},
  author={Prasad, Archiki and Koller, Alexander and Hartmann, Mareike and Clark, Peter and Sabharwal, Ashish and Bansal, Mohit and Khot, Tushar},
  journal={arXiv preprint arXiv:2311.05772},
  year={2023}
}

@inproceedings{cote2019textworld,
  title={Textworld: A learning environment for text-based games},
  author={C{\^o}t{\'e}, Marc-Alexandre and K{\'a}d{\'a}r, Akos and Yuan, Xingdi and Kybartas, Ben and Barnes, Tavian and Fine, Emery and Moore, James and Hausknecht, Matthew and El Asri, Layla and Adada, Mahmoud and others},
  booktitle={Computer Games: 7th Workshop, CGW 2018, Held in Conjunction with the 27th International Conference on Artificial Intelligence, IJCAI 2018, Stockholm, Sweden, July 13, 2018, Revised Selected Papers 7},
  pages={41--75},
  year={2019},
  organization={Springer}
}

@article{hu2024infiagent,
  title={Infiagent-dabench: Evaluating agents on data analysis tasks},
  author={Hu, Xueyu and Zhao, Ziyu and Wei, Shuang and Chai, Ziwei and Ma, Qianli and Wang, Guoyin and Wang, Xuwu and Su, Jing and Xu, Jingjing and Zhu, Ming and others},
  journal={arXiv preprint arXiv:2401.05507},
  year={2024}
}

@article{hendrycks2021measuring,
  title={Measuring mathematical problem solving with the math dataset},
  author={Hendrycks, Dan and Burns, Collin and Kadavath, Saurav and Arora, Akul and Basart, Steven and Tang, Eric and Song, Dawn and Steinhardt, Jacob},
  journal={arXiv preprint arXiv:2103.03874},
  year={2021}
}

@article{srivastava2022beyond,
  title={Beyond the imitation game: Quantifying and extrapolating the capabilities of language models},
  author={Srivastava, Aarohi and Rastogi, Abhinav and Rao, Abhishek and Shoeb, Abu Awal Md and Abid, Abubakar and Fisch, Adam and Brown, Adam R and Santoro, Adam and Gupta, Aditya and Garriga-Alonso, Adri{\`a} and others},
  journal={arXiv preprint arXiv:2206.04615},
  year={2022}
}


@inproceedings{grand2023learning,
  title={Learning Interpretable Libraries by Compressing and Documenting Code},
  author={Grand, Gabriel and Wong, Lionel and Bowers, Matthew and Olausson, Theo X and Liu, Muxin and Tenenbaum, Joshua B and Andreas, Jacob},
  booktitle={Intrinsically-Motivated and Open-Ended Learning Workshop@ NeurIPS2023},
  year={2023}
}

@article{yao2022react,
  title={React: Synergizing reasoning and acting in language models},
  author={Yao, Shunyu and Zhao, Jeffrey and Yu, Dian and Du, Nan and Shafran, Izhak and Narasimhan, Karthik and Cao, Yuan},
  journal={arXiv preprint arXiv:2210.03629},
  year={2022}
}


@article{wei2022chain,
  title={Chain-of-thought prompting elicits reasoning in large language models},
  author={Wei, Jason and Wang, Xuezhi and Schuurmans, Dale and Bosma, Maarten and Xia, Fei and Chi, Ed and Le, Quoc V and Zhou, Denny and others},
  journal={Advances in neural information processing systems},
  volume={35},
  pages={24824--24837},
  year={2022}
}


@misc{tang2024decentralizedlifelongadaptivemultiagentcollaborative,
      title={Decentralized and Lifelong-Adaptive Multi-Agent Collaborative Learning}, 
      author={Shuo Tang and Rui Ye and Chenxin Xu and Xiaowen Dong and Siheng Chen and Yanfeng Wang},
      year={2024},
      eprint={2403.06535},
      archivePrefix={arXiv},
      primaryClass={cs.LG},
      url={https://arxiv.org/abs/2403.06535}, 
}
@misc{liu2023heterogeneousembodiedmultiagentcollaboration,
      title={Heterogeneous Embodied Multi-Agent Collaboration}, 
      author={Xinzhu Liu and Di Guo and Huaping Liu},
      year={2023},
      eprint={2307.13957},
      archivePrefix={arXiv},
      primaryClass={cs.CV},
      url={https://arxiv.org/abs/2307.13957}, 
}
@misc{zhang2020multiagentcollaborationrewardattribution,
      title={Multi-Agent Collaboration via Reward Attribution Decomposition}, 
      author={Tianjun Zhang and Huazhe Xu and Xiaolong Wang and Yi Wu and Kurt Keutzer and Joseph E. Gonzalez and Yuandong Tian},
      year={2020},
      eprint={2010.08531},
      archivePrefix={arXiv},
      primaryClass={cs.LG},
      url={https://arxiv.org/abs/2010.08531}, 
}
@misc{talebirad2023multiagentcollaborationharnessingpower,
      title={Multi-Agent Collaboration: Harnessing the Power of Intelligent LLM Agents}, 
      author={Yashar Talebirad and Amirhossein Nadiri},
      year={2023},
      eprint={2306.03314},
      archivePrefix={arXiv},
      primaryClass={cs.AI},
      url={https://arxiv.org/abs/2306.03314}, 
}


@inproceedings{wang-etal-2023-plan,
    title = "Plan-and-Solve Prompting: Improving Zero-Shot Chain-of-Thought Reasoning by Large Language Models",
    author = "Wang, Lei  and
      Xu, Wanyu  and
      Lan, Yihuai  and
      Hu, Zhiqiang  and
      Lan, Yunshi  and
      Lee, Roy Ka-Wei  and
      Lim, Ee-Peng",
    booktitle = "Proceedings of the 61st Annual Meeting of the Association for Computational Linguistics (Volume 1: Long Papers)",
    month = jul,
    year = "2023",
    address = "Toronto, Canada",
    publisher = "Association for Computational Linguistics",
    pages = "2609--2634",
}

@misc{yang2023intercode,
      title={InterCode: Standardizing and Benchmarking Interactive Coding with Execution Feedback}, 
      author={John Yang and Akshara Prabhakar and Karthik Narasimhan and Shunyu Yao},
      year={2023},
      journal={arXiv preprint arXiv:2306.14898},
}



@misc{zheng2024toolrerank,
      title={ToolRerank: Adaptive and Hierarchy-Aware Reranking for Tool Retrieval}, 
      author={Yuanhang Zheng and Peng Li and Wei Liu and Yang Liu and Jian Luan and Bin Wang},
      year={2024},
      journal={arXiv preprint arXiv:2403.06551},
}

@misc{chen2024reinvoketool,
      title={Re-Invoke: Tool Invocation Rewriting for Zero-Shot Tool Retrieval}, 
      author={Yanfei Chen and Jinsung Yoon and Devendra Singh Sachan and Qingze Wang and Vincent Cohen-Addad and Mohammadhossein Bateni and Chen-Yu Lee and Tomas Pfister},
      year={2024},
      journal={arXiv preprint arXiv:2408.01875},
}

@inproceedings{Qu_2024COLT, series={CIKM ’24},
   title={Towards Completeness-Oriented Tool Retrieval for Large Language Models},
   booktitle={Proceedings of the 33rd ACM International Conference on Information and Knowledge Management},
   publisher={ACM},
   author={Qu, Changle and Dai, Sunhao and Wei, Xiaochi and Cai, Hengyi and Wang, Shuaiqiang and Yin, Dawei and Xu, Jun and Wen, Ji-Rong},
   year={2024},
   month=oct, pages={1930–1940},
   collection={CIKM ’24} 
}

@misc{wu2024avataroptimizingllmagents,
      title={AvaTaR: Optimizing LLM Agents for Tool Usage via Contrastive Reasoning}, 
      author={Shirley Wu and Shiyu Zhao and Qian Huang and Kexin Huang and Michihiro Yasunaga and Kaidi Cao and Vassilis N. Ioannidis and Karthik Subbian and Jure Leskovec and James Zou},
      year={2024},
      journal={arXiv preprint arXiv:2406.11200}
}

@misc{qu2024DAFT,
      title={From Exploration to Mastery: Enabling LLMs to Master Tools via Self-Driven Interactions}, 
      author={Changle Qu and Sunhao Dai and Xiaochi Wei and Hengyi Cai and Shuaiqiang Wang and Dawei Yin and Jun Xu and Ji-Rong Wen},
      year={2024},
      journal={arXiv preprint arXiv:2410.08197},
}

@inproceedings{shridhar2020alfred,
  title={Alfred: A benchmark for interpreting grounded instructions for everyday tasks},
  author={Shridhar, Mohit and Thomason, Jesse and Gordon, Daniel and Bisk, Yonatan and Han, Winson and Mottaghi, Roozbeh and Zettlemoyer, Luke and Fox, Dieter},
  booktitle={Proceedings of the IEEE/CVF conference on computer vision and pattern recognition},
  pages={10740--10749},
  year={2020}
}

@article{shridhar2023art,
  title={The art of llm refinement: Ask, refine, and trust},
  author={Shridhar, Kumar and Sinha, Koustuv and Cohen, Andrew and Wang, Tianlu and Yu, Ping and Pasunuru, Ram and Sachan, Mrinmaya and Weston, Jason and Celikyilmaz, Asli},
  journal={arXiv preprint arXiv:2311.07961},
  year={2023}
}

@article{richardssignificant,
  title={Significant-gravitas/autogpt: An experimental open-source attempt to make gpt-4 fully autonomous., 2023},
  author={Richards, Toran Bruce},
  journal={URL https://github. com/Significant-Gravitas/AutoGPT}
}

@article{chen2022program,
  title={Program of thoughts prompting: Disentangling computation from reasoning for numerical reasoning tasks},
  author={Chen, Wenhu and Ma, Xueguang and Wang, Xinyi and Cohen, William W},
  journal={arXiv preprint arXiv:2211.12588},
  year={2022}
}

@article{shinn2023reflexion,
  title={Reflexion: an autonomous agent with dynamic memory and self-reflection},
  author={Shinn, Noah and Labash, Beck and Gopinath, Ashwin},
  journal={arXiv preprint arXiv:2303.11366},
  volume={2},
  number={5},
  pages={9},
  year={2023}
}

@article{lyu2023faithful,
  title={Faithful chain-of-thought reasoning},
  author={Lyu, Qing and Havaldar, Shreya and Stein, Adam and Zhang, Li and Rao, Delip and Wong, Eric and Apidianaki, Marianna and Callison-Burch, Chris},
  journal={arXiv preprint arXiv:2301.13379},
  year={2023}
}

@article{gou2023tora,
  title={Tora: A tool-integrated reasoning agent for mathematical problem solving},
  author={Gou, Zhibin and Shao, Zhihong and Gong, Yeyun and Shen, Yelong and Yang, Yujiu and Huang, Minlie and Duan, Nan and Chen, Weizhu},
  journal={arXiv preprint arXiv:2309.17452},
  year={2023}
}

@article{lu2024chameleon,
  title={Chameleon: Plug-and-play compositional reasoning with large language models},
  author={Lu, Pan and Peng, Baolin and Cheng, Hao and Galley, Michel and Chang, Kai-Wei and Wu, Ying Nian and Zhu, Song-Chun and Gao, Jianfeng},
  journal={Advances in Neural Information Processing Systems},
  volume={36},
  year={2024}
}

@inproceedings{gupta2023visual,
  title={Visual programming: Compositional visual reasoning without training},
  author={Gupta, Tanmay and Kembhavi, Aniruddha},
  booktitle={Proceedings of the IEEE/CVF Conference on Computer Vision and Pattern Recognition},
  pages={14953--14962},
  year={2023}
}

@misc{openai2022textembeddingada002,
  author       = {OpenAI},
  title        = {Text-Embedding-Ada-002: New and Improved Embedding Model},
  year         = {2022},
  url          = {https://openai.com},
  note         = {Accessed: 2025-02-11}
}

@misc{mineflayer,
  author = {PrismarineJS},
  title = {Prismarinejs/mineflayer: Create Minecraft bots with a powerful, stable, and high-level JavaScript API},
  year = {2013},
  howpublished = {\url{https://github.com/PrismarineJS/mineflayer}},
  note = {Accessed: 2025-02-15}
}

@article{guo2024deepseek,
  title={DeepSeek-Coder: When the Large Language Model Meets Programming--The Rise of Code Intelligence},
  author={Guo, Daya and Zhu, Qihao and Yang, Dejian and Xie, Zhenda and Dong, Kai and Zhang, Wentao and Chen, Guanting and Bi, Xiao and Wu, Yu and Li, YK and others},
  journal={arXiv preprint arXiv:2401.14196},
  year={2024}
}

@article{yang2024qwen2,
  title={Qwen2. 5 technical report},
  author={Yang, An and Yang, Baosong and Zhang, Beichen and Hui, Binyuan and Zheng, Bo and Yu, Bowen and Li, Chengyuan and Liu, Dayiheng and Huang, Fei and Wei, Haoran and others},
  journal={arXiv preprint arXiv:2412.15115},
  year={2024}
}

@article{hui2024qwen2,
  title={Qwen2. 5-coder technical report},
  author={Hui, Binyuan and Yang, Jian and Cui, Zeyu and Yang, Jiaxi and Liu, Dayiheng and Zhang, Lei and Liu, Tianyu and Zhang, Jiajun and Yu, Bowen and Lu, Keming and others},
  journal={arXiv preprint arXiv:2409.12186},
  year={2024}
}