@inproceedings{AmanatidisBM17,
  author       = {Georgios Amanatidis and
                  Georgios Birmpas and
                  Evangelos Markakis},
  title        = {On Budget-Feasible Mechanism Design for Symmetric Submodular Objectives},
  booktitle    = {Proc. of the 13th Conference on Web and Internet Economics ({WINE}~2017)},
  series       = {Lecture Notes in Computer Science},
  volume       = {10660},
  pages        = {1--15},
  publisher    = {Springer},
  year         = {2017},
}

@article{AmanatidisKS22,
  author       = {Georgios Amanatidis and
                  Pieter Kleer and
                  Guido Sch{\"{a}}fer},
  title        = {Budget-Feasible Mechanism Design for Non-monotone Submodular Objectives:
                  Offline and Online},
  journal      = {Mathematics of Operations Research},
  volume       = {47},
  number       = {3},
  pages        = {2286--2309},
  year         = {2022},
}

@inproceedings{AnariGN2014,
  author       = {Nima Anari and
                  Gagan Goel and
                  Afshin Nikzad},
  title        = {Mechanism Design for Crowdsourcing: An Optimal $1-1/e$ Competitive Budget-Feasible
                  Mechanism for Large Markets},
  booktitle    = {Proc. of the 55th {IEEE} Symposium on Foundations of Computer Science ({FOCS}~2014)},
  pages        = {266--275},
  publisher    = {{IEEE} Computer Society},
  year         = {2014},
}

@inproceedings{Bada2012,
  author       = {Ashwinkumar Badanidiyuru and                   Robert Kleinberg and Yaron Singer},
  title        = {Learning on a budget: posted price mechanisms for online procurement},
  booktitle    = {Proc.  of the 13th {ACM} Conference on Electronic Commerce ({EC}~2012)},
  pages        = {128--145},
  publisher    = {{ACM}},
  year         = {2012},
}

@article{BadaDO19,
  author       = {Ashwinkumar Badanidiyuru and
                  Shahar Dobzinski and
                  Sigal Oren},
  title        = {Optimization with Demand Oracles},
  journal      = {Algorithmica},
  volume       = {81},
  number       = {6},
  pages        = {2244--2269},
  year         = {2019},
 }

@inproceedings{BalkHart16,
  author       = {Eric Balkanski and
                  Jason D. Hartline},
  title        = {Bayesian Budget Feasibility with Posted Pricing},
  booktitle    = {Proc. of the 25th Conference on World Wide Web ({WWW}~2016)},
  pages        = {189--203},
  publisher    = {{ACM}},
  year         = {2016},
 }

@inproceedings{BalkanskiGGST2022,
  author       = {Eric Balkanski and
                  Pranav Garimidi and
                  Vasilis Gkatzelis and
                  Daniel Schoepflin and
                  Xizhi Tan},
  title        = {Deterministic Budget-Feasible Clock Auctions},
  booktitle    = {Proce. of the 2022 {ACM-SIAM} Symposium on Discrete Algorithms ({SODA}~2022)},
  pages        = {2940--2963},
  publisher    = {{SIAM}},
  year         = {2022},
}

@article{BateniHZ13,
  author       = {MohammadHossein Bateni and
                  Mohammad Taghi Hajiaghayi and
                  Morteza Zadimoghaddam},
  title        = {Submodular secretary problem and extensions},
  journal      = {{ACM} Transactions on Algorithms},
  volume       = {9},
  number       = {4},
  pages        = {32:1--32:23},
  year         = {2013},
}

@inproceedings{BeiCGL2012,
  author       = {Xiaohui Bei and
                  Ning Chen and
                  Nick Gravin and
                  Pinyan Lu},
  title        = {Budget feasible mechanism design: from prior-free to bayesian},
  booktitle    = {Proc. of the 44th Symposium on Theory of Computing Conference ({STOC}~2012)},
  pages        = {449--458},
  publisher    = {{ACM}},
  year         = {2012},
}

@inproceedings{ChenGL2011,
  author       = {Ning Chen and
                  Nick Gravin and
                  Pinyan Lu},
  title        = {On the Approximability of Budget Feasible Mechanisms},
  booktitle    = {Proc. of the 22nd {ACM-SIAM} Symposium on Discrete Algorithms ({SODA}~2011)},
  pages        = {685--699},
  publisher    = {{SIAM}},
  year         = {2011},
}

@inproceedings{DobzinskiPS11,
  author       = {Shahar Dobzinski and
                  Christos H. Papadimitriou and
                  Yaron Singer},
  title        = {Mechanisms for complement-free procurement},
  booktitle    = {Proc. of the 12th {ACM} Conference on Electronic Commerce ({EC}~2011)},
  pages        = {273--282},
  publisher    = {{ACM}},
  year         = {2011},
}

@inproceedings{FeldmanNS11,
  author       = {Moran Feldman and
                  Joseph Naor and
                  Roy Schwartz},
  title        = {Improved Competitive Ratios for Submodular Secretary Problems (Extended
                  Abstract)},
  booktitle    = {Proc. of the 14th Conference on Approximation Algorithms for Combinatorial Optimization Problems ({APPROX}~2011) and of the 15th Conference on on Randomization and Computation ({RANDOM}~2011)}, 
  series       = {Lecture Notes in Computer Science},
  volume       = {6845},
  pages        = {218--229},
  publisher    = {Springer},
  year         = {2011},
 }

@article{GravinJLZ2020,
  author       = {Nick Gravin and
                  Yaonan Jin and
                  Pinyan Lu and
                  Chenhao Zhang},
  title        = {Optimal Budget-Feasible Mechanisms for Additive Valuations},
  journal      = {{ACM} Transactions on Economics and Computation},
  volume       = {8},
  number       = {4},
  pages        = {21:1--21:15},
  year         = {2020},
}

@inproceedings{HanWHC23,
  author       = {Kai Han and
                  You Wu and
                  He Huang and
                  Shuang Cui},
  title        = {Triple Eagle: Simple, Fast and Practical Budget-Feasible Mechanisms},
  booktitle    = {Proc. of the 37th Conference on Neural Information Processing Systems ({NeurIPS}~2023)},
  year         = {2023},
  numpages     = {18},
}

@inproceedings{HuangHC023,
  author       = {He Huang and
                  Kai Han and
                  Shuang Cui and
                  Jing Tang},
  title        = {Randomized Pricing with Deferred Acceptance for Revenue Maximization
                  with Submodular Objectives},
  booktitle    = {Proc. of the 32nd {ACM} Web Conference 2023, ({WWW}~2023)},
  pages        = {3530--3540},
  publisher    = {{ACM}},
  year         = {2023},
}

@article{JalalyT2021,
  author       = {Pooya Jalaly and
                  {\'{E}}va Tardos},
  title        = {Simple and Efficient Budget Feasible Mechanisms for Monotone Submodular Valuations},
  journal      = {{ACM} Transactions on Economics and Computation},
  volume       = {9},
  number       = {1},
  pages        = {4:1--4:20},
  year         = {2021},
 }

@inproceedings{KesselheimT17,
  author       = {Thomas Kesselheim and
                  Andreas T{\"{o}}nnis},
  title        = {Submodular Secretary Problems: Cardinality, Matching, and Linear Constraints},
  booktitle    = {Proc. of the 20th Conference on Approximation Algorithms for Combinatorial Optimization Problems ({APPROX}~2017) and of the 21st Conference on on Randomization and Computation ({RANDOM}~2017)}, 
  series       = {LIPIcs},
  volume       = {81},
  pages        = {16:1--16:22},
  publisher    = {Schloss Dagstuhl - Leibniz-Zentrum f{\"{u}}r Informatik},
  year         = {2017},
 }

@article{KhullerMN99,
  author       = {Samir Khuller and Anna Moss and Joseph Naor},
  title        = {The Budgeted Maximum Coverage Problem},
  journal      = {Information Processing Letters},
  volume       = {70},
  number       = {1},
  pages        = {39--45},
  year         = {1999},
}

@inproceedings{LCLW2024_survey,
  author       = {Xiang Liu and
                  Hau Chan and
                  Minming Li and
                  Weiwei Wu},
  title        = {Budget Feasible Mechanisms: {A} Survey},
  booktitle    = {Proc. of the 33rd International Joint Conference on Artificial Intelligence ({IJCAI}~2024)},
  pages        = {8132--8141},
  publisher    = {ijcai.org},
  year         = {2024},
}

@article{NemhauserWF78,
  author       = {George L. Nemhauser and
                  Laurence A. Wolsey and
                  Marshall L. Fisher},
  title        = {An analysis of approximations for maximizing submodular set functions
                  - {I}},
  journal      = {Mathematical Programing},
  volume       = {14},
  number       = {1},
  pages        = {265--294},
  year         = {1978},
 }

@inproceedings{Singer10,
  author       = {Yaron Singer},
  title        = {Budget Feasible Mechanisms},
  booktitle    = {Proc. of the 51th {IEEE} Symposium on Foundations of Computer Science ({FOCS}~2010)}, 
  pages        = {765--774},
  publisher    = {{IEEE} Computer Society},
  year         = {2010},
}

@article{Singer13,
  author       = {Yaron Singer},
  title        = {Budget feasible mechanism design},
  journal      = {SIGecom Exchanges},
  volume       = {12},
  number       = {2},
  pages        = {24--31},
  year         = {2013},
}

@inproceedings{SingerM13,
  author       = {Yaron Singer and
                  Manas Mittal},
  title        = {Pricing mechanisms for crowdsourcing markets},
  booktitle    = {Proc. of the 22nd International World Wide Web Conference ({WWW}~2013)}, 
  pages        = {1157--1166},
  publisher    = {{ACM}},
  year         = {2013},
}

@article{Sviri04,
  author       = {Maxim Sviridenko},
  title        = {A note on maximizing a submodular set function subject to a knapsack constraint},
  journal      = {Operations Research Letters},
  volume       = {32},
  number       = {1},
  pages        = {41--43},
  year         = {2004},
}

