@article{arias2020perturbation,
  author  = {Arias-Castro, Ery and Javanmard, Adel and Pelletier, Bruno},
  journal = {Journal of Machine Learning Research},
  number  = {15},
  pages   = {1--37},
  title   = {Perturbation bounds for {P}rocrustes, classical scaling, and trilateration, with applications to manifold learning},
  volume  = {21},
  year    = {2020}
}

@article{chatterjee2015matrix,
  author  = {Chatterjee, Sourav},
  journal = {The Annals of Statistics},
  number  = {1},
  pages   = {177--214},
  title   = {Matrix Estimation By Universal Singular Value Thresholding},
  volume  = {43},
  year    = {2015}
}

@techreport{de2004sparse,
  author      = {De Silva, Vin and Tenenbaum, Joshua B},
  institution = {Stanford University},
  title       = {Sparse multidimensional scaling using landmark points},
  year        = {2004}
}

@article{javanmard2013localization,
  author    = {Javanmard, Adel and Montanari, Andrea},
  journal   = {Foundations of Computational Mathematics},
  pages     = {297--345},
  publisher = {Springer},
  title     = {Localization from incomplete noisy distance measurements},
  volume    = {13},
  year      = {2013}
}

@article{li2020central,
  author  = {Li, Gongkai and Tang, Minh and Charon, Nicolas and Priebe, Carey},
  journal = {Electronic Journal of Statistics},
  pages   = {2362--2394},
  title   = {Central limit theorems for classical multidimensional scaling},
  volume  = {14},
  year    = {2020}
}

@article{little2023analysis,
  author    = {Little, Anna and Xie, Yuying and Sun, Qiang},
  journal   = {Information and Inference: A Journal of the IMA},
  number    = {1},
  pages     = {72--112},
  publisher = {Oxford University Press},
  title     = {An analysis of classical multidimensional scaling with applications to clustering},
  volume    = {12},
  year      = {2023}
}

@article{peterfreund2021multidimensional,
  author    = {Peterfreund, Erez and Gavish, Matan},
  journal   = {Applied and Computational Harmonic Analysis},
  pages     = {333--373},
  publisher = {Elsevier},
  title     = {Multidimensional scaling of noisy high dimensional data},
  volume    = {51},
  year      = {2021}
}

@article{sibson1978studies,
  author    = {Sibson, Robin},
  journal   = {Journal of the Royal Statistical Society: Series B (Methodological)},
  number    = {2},
  pages     = {234--238},
  publisher = {Wiley Online Library},
  title     = {Studies in the robustness of multidimensional scaling: Procrustes statistics},
  volume    = {40},
  year      = {1978}
}

@article{sibson1979studies,
  author    = {Sibson, Robin},
  journal   = {Journal of the Royal Statistical Society: Series B (Methodological)},
  number    = {2},
  pages     = {217--229},
  publisher = {Wiley Online Library},
  title     = {Studies in the robustness of multidimensional scaling: {P}erturbational analysis of classical scaling},
  volume    = {41},
  year      = {1979}
}

@article{sibson1981studies,
  author    = {Sibson, Robin and Bowyer, Adrian and Osmond, Clive},
  journal   = {Journal of Statistical Computation and Simulation},
  number    = {3-4},
  pages     = {273--296},
  publisher = {Taylor \& Francis},
  title     = {Studies in the robustness of multidimensional scaling: Euclidean models and simulation studies},
  volume    = {13},
  year      = {1981}
}

@article{zhang2016distance,
  author    = {Zhang, Luwan and Wahba, Grace and Yuan, Ming},
  journal   = {Journal of the Royal Statistical Society Series B: Statistical Methodology},
  number    = {4},
  pages     = {849--867},
  publisher = {Oxford University Press},
  title     = {Distance shrinkage and {E}uclidean embedding via regularized kernel estimation},
  volume    = {78},
  year      = {2016}
}

