@article{adams2020multidimensional,
  author  = {Adams, Henry and Blumstein, Mark and Kassab, Lara},
  journal = {Rocky Mountain Journal of Mathematics},
  number  = {2},
  title   = {Multidimensional scaling on metric measure spaces},
  volume  = {50},
  year    = {2020}
}
@article{agterberg2020nonparametric,
  author  = {Agterberg, Joshua and Tang, Minh and Priebe, Carey},
  journal = {arXiv preprint arXiv:2012.09828},
  title   = {Nonparametric two-sample hypothesis testing for random graphs with negative and repeated eigenvalues},
  year    = {2020}
}
@inproceedings{alvarez2019towards,
  author       = {Alvarez-Melis, David and Jegelka, Stefanie and Jaakkola, Tommi S},
  booktitle    = {The 22nd International Conference on Artificial Intelligence and Statistics},
  organization = {PMLR},
  pages        = {1870--1879},
  title        = {Towards optimal transport with global invariances},
  year         = {2019}
}
@article{arcones1992bootstrap,
  author    = {Arcones, Miguel A and Gine, Evarist},
  journal   = {The Annals of Statistics},
  pages     = {655--674},
  publisher = {JSTOR},
  title     = {On the bootstrap of U and V statistics},
  year      = {1992}
}
@article{arcones1993limit,
  author    = {Arcones, Miguel A and Gin{\'e}, Evarist},
  journal   = {The Annals of Probability},
  pages     = {1494--1542},
  publisher = {JSTOR},
  title     = {Limit theorems for {U}-processes},
  year      = {1993}
}
@article{arias2020perturbation,
  author  = {Arias-Castro, Ery and Javanmard, Adel and Pelletier, Bruno},
  journal = {Journal of Machine Learning Research},
  number  = {15},
  pages   = {1--37},
  title   = {Perturbation bounds for {P}rocrustes, classical scaling, and trilateration, with applications to manifold learning},
  volume  = {21},
  year    = {2020}
}
@article{bai1988note,
  title={A note on the largest eigenvalue of a large dimensional sample covariance matrix},
  author={Bai, Zhidong D and Silverstein, Jack W and Yin, Yong Q},
  journal={Journal of Multivariate Analysis},
  volume={26},
  number={2},
  pages={166--168},
  year={1988},
  publisher={Elsevier}
}
@article{bakhshizadeh2023sharp,
  author    = {Bakhshizadeh, Milad and Maleki, Arian and De La Pena, Victor H},
  journal   = {Information and Inference: A Journal of the IMA},
  number    = {3},
  pages     = {1655--1685},
  publisher = {Oxford University Press},
  title     = {Sharp concentration results for heavy-tailed distributions},
  volume    = {12},
  year      = {2023}
}

@article{bandeira2016sharp,
  author    = {Bandeira, Afonso S and van Handel, Ramon},
  journal   = {Annals of Probability},
  number    = {4},
  pages     = {2479--2506},
  publisher = {Institute of Mathematical Statistics},
  title     = {Sharp nonasymptotic bounds on the norm of random matrices with independent entries},
  volume    = {44},
  year      = {2016}
}
@article{baraud2002non,
  author  = {Baraud, Yannick},
  journal = {Bernoulli},
  number  = {5},
  pages   = {577--606},
  title   = {Non-asymptotic minimax rates of testing in signal detection},
  volume  = {8},
  year    = {2002}
}
@book{bhatia2013matrix,
  author    = {Bhatia, Rajendra},
  publisher = {Springer Science \& Business Media},
  title     = {Matrix Analysis},
  volume    = {169},
  year      = {2013}
}
@book{borg2007modern,
  author    = {Borg, Ingwer and Groenen, Patrick JF},
  publisher = {Springer Science \& Business Media},
  title     = {Modern Multidimensional Scaling: Theory And Applications},
  year      = {2007}
}

@article{buja1994inequalities,
  author    = {Buja, Andreas and Logan, BF and Reeds, JA and Shepp, LA},
  journal   = {The Annals of Statistics},
  pages     = {406--438},
  publisher = {JSTOR},
  title     = {Inequalities and positive-definite functions arising from a problem in multidimensional scaling},
  year      = {1994}
}

@article{cai2016estimating,
  author = {Cai, T Tony and Ren, Zhao and Zhou, Harrison H},
  title  = {Estimating structured high-dimensional covariance and precision matrices: Optimal rates and adaptive estimation},
  year   = {2016}
}

@article{cape2019two,
  author  = {Cape, Joshua and Tang, Minh and Priebe, Carey E},
  journal = {The Annals of Statistics},
  number  = {5},
  pages   = {2405--2439},
  title   = {The Two-To-Infinity Norm And Singular Subspace Geometry With Applications To High-Dimensional Statistics},
  volume  = {47},
  year    = {2019}
}

@book{casella2002statistical,
  author    = {Casella, George and Berger, Roger},
  edition   = {2nd},
  publisher = {CRC Press},
  title     = {Statistical Inference},
  year      = {2002}
}

@inproceedings{cayton2006robust,
  author    = {Cayton, Lawrence and Dasgupta, Sanjoy},
  booktitle = {Proceedings of the 23rd international conference on machine learning},
  pages     = {169--176},
  title     = {Robust euclidean embedding},
  year      = {2006}
}

@article{chatterjee2015matrix,
  author  = {Chatterjee, Sourav},
  journal = {The Annals of Statistics},
  number  = {1},
  pages   = {177--214},
  title   = {Matrix Estimation By Universal Singular Value Thresholding},
  volume  = {43},
  year    = {2015}
}

@inproceedings{chazal2014convergence,
  author       = {Chazal, Fr{\'e}d{\'e}ric and Glisse, Marc and Labru{\`e}re, Catherine and Michel, Bertrand},
  booktitle    = {International Conference on Machine Learning},
  organization = {PMLR},
  pages        = {163--171},
  title        = {Convergence rates for persistence diagram estimation in topological data analysis},
  year         = {2014}
}

@article{chazal2014persistence,
  author    = {Chazal, Fr{\'e}d{\'e}ric and De Silva, Vin and Oudot, Steve},
  journal   = {Geometriae Dedicata},
  number    = {1},
  pages     = {193--214},
  publisher = {Springer},
  title     = {Persistence stability for geometric complexes},
  volume    = {173},
  year      = {2014}
}

@article{chazal2021introduction,
  author    = {Chazal, Fr{\'e}d{\'e}ric and Michel, Bertrand},
  journal   = {Frontiers in artificial intelligence},
  pages     = {667963},
  publisher = {Frontiers},
  title     = {An introduction to topological data analysis: fundamental and practical aspects for data scientists},
  volume    = {4},
  year      = {2021}
}
@inproceedings{cohen2005stability,
  author    = {Cohen-Steiner, David and Edelsbrunner, Herbert and Harer, John},
  booktitle = {Proceedings of the twenty-first annual symposium on Computational geometry},
  pages     = {263--271},
  title     = {Stability of persistence diagrams},
  year      = {2005}
}

@article{cuevas2004boundary,
  author    = {Cuevas, Antonio and Rodr{\'i}guez-Casal, Alberto},
  journal   = {Advances in Applied Probability},
  number    = {2},
  pages     = {340--354},
  publisher = {Cambridge University Press},
  title     = {On boundary estimation},
  volume    = {36},
  year      = {2004}
}

@book{dattorro2010convex,
  author    = {Dattorro, Jon},
  edition   = {2019.10.28},
  publisher = {$\mathcal{M}\varepsilon\beta oo$},
  title     = {Convex Optimization $\dagger$ Euclidean Distance Geometry},
  year      = {2005}
}

@article{de198213,
  author    = {de Leeuw, Jan and Heiser, Willem},
  journal   = {Handbook of statistics},
  pages     = {285--316},
  publisher = {Elsevier},
  title     = {Chapter 13: {T}heory of multidimensional scaling},
  volume    = {2},
  year      = {1982}
}

@article{de1995decoupling,
  author    = {de la Pe\~{n}a, Victor H and Montgomery-Smith, S. J.},
  journal   = {The Annals of Probability},
  number    = {2},
  pages     = {806--816},
  publisher = {Institute of Mathematical Statistics},
  title     = {Decoupling Inequalities for the Tail Probabilities of Multivariate {$U$}-Statistics},
  volume    = {23},
  year      = {1995}
}

@techreport{de2004sparse,
  author      = {De Silva, Vin and Tenenbaum, Joshua B},
  institution = {Stanford University},
  title       = {Sparse multidimensional scaling using landmark points},
  year        = {2004}
}

@article{de2007coverage,
  author    = {De Silva, Vin and Ghrist, Robert},
  journal   = {Algebraic \& Geometric Topology},
  number    = {1},
  pages     = {339--358},
  publisher = {Mathematical Sciences Publishers},
  title     = {Coverage in sensor networks via persistent homology},
  volume    = {7},
  year      = {2007}
}

@book{ding2018fundamentals,
  author    = {Ding, Cody S},
  publisher = {Springer},
  title     = {Fundamentals Of Applied Multidimensional Scaling For Educational And Psychological Research},
  year      = {2018}
}

@book{dryden2016statistical,
  author    = {Dryden, Ian L and Mardia, Kanti V},
  publisher = {John Wiley \& Sons},
  title     = {Statistical Shape Analysis: {W}ith applications in {R}},
  year      = {2016}
}

@book{edelsbrunner2022computational,
  author    = {Edelsbrunner, Herbert and Harer, John L},
  publisher = {American Mathematical Society},
  title     = {Computational topology: an introduction},
  year      = {2022}
}

@article{fan2018principal,
  author  = {Fan, Jianqing and Sun, Qiang and Zhou, Wen-Xin and Zhu, Ziwei},
  journal = {arXiv preprint arXiv:1801.01602},
  title   = {Principal component analysis for big data},
  year    = {2018}
}

@article{fasy2018robust,
  author  = {Chazal, Fr{\'e}d{\'e}ric and Fasy, Brittany and Lecci, Fabrizio and Michel, Bertrand and Rinaldo, Alessandro and Wasserman, Larry},
  journal = {Journal of Machine Learning Research},
  number  = {159},
  pages   = {1--40},
  title   = {Robust topological inference: Distance to a measure and kernel distance},
  volume  = {18},
  year    = {2018}
}

@article{fournier2015rate,
  author    = {Fournier, Nicolas and Guillin, Arnaud},
  journal   = {Probability theory and related fields},
  number    = {3},
  pages     = {707--738},
  publisher = {Springer},
  title     = {On the rate of convergence in Wasserstein distance of the empirical measure},
  volume    = {162},
  year      = {2015}
}

@inproceedings{gine2002rates,
  author       = {Gin{\'e}, Evarist and Guillou, Armelle},
  booktitle    = {Annales de l'Institut Henri Poincare (B) Probability and Statistics},
  number       = {6},
  organization = {Elsevier},
  pages        = {907--921},
  title        = {Rates of strong uniform consistency for multivariate kernel density estimators},
  volume       = {38},
  year         = {2002}
}

@article{gower1966some,
  author    = {Gower, John C},
  journal   = {Biometrika},
  number    = {3-4},
  pages     = {325--338},
  publisher = {Oxford University Press},
  title     = {Some distance properties of latent root and vector methods used in multivariate analysis},
  volume    = {53},
  year      = {1966}
}

@article{gower1968adding,
  author    = {Gower, John Clifford},
  journal   = {Biometrika},
  number    = {3},
  pages     = {582--585},
  publisher = {Oxford University Press},
  title     = {Adding a point to vector diagrams in multivariate analysis},
  volume    = {55},
  year      = {1968}
}

@article{gower1975generalized,
  author    = {Gower, John C.},
  journal   = {Psychometrika},
  number    = {1},
  pages     = {33--51},
  publisher = {ERIC},
  title     = {Generalized {P}rocrustes Analysis},
  volume    = {40},
  year      = {1975}
}

@article{gower1982euclidean,
  author  = {Gower, John Clifford},
  journal = {Mathematical Scientist},
  pages   = {1--14},
  title   = {Euclidean Distance geometry},
  volume  = {7},
  year    = {1982}
}

@inproceedings{grave2019unsupervised,
  author       = {Grave, Edouard and Joulin, Armand and Berthet, Quentin},
  booktitle    = {The 22nd International Conference on Artificial Intelligence and Statistics},
  organization = {PMLR},
  pages        = {1880--1890},
  title        = {Unsupervised alignment of embeddings with wasserstein procrustes},
  year         = {2019}
}

@article{gretton2012kernel,
  author    = {Gretton, Arthur and Borgwardt, Karsten M and Rasch, Malte J and Sch{\"o}lkopf, Bernhard and Smola, Alexander},
  journal   = {The Journal of Machine Learning Research},
  number    = {1},
  pages     = {723--773},
  publisher = {JMLR. org},
  title     = {A kernel two-sample test},
  volume    = {13},
  year      = {2012}
}

@article{hoeffding1948class,
  author    = {Hoeffding, Wassily},
  journal   = {The Annals of Mathematical Statistics},
  number    = {3},
  pages     = {293--325},
  publisher = {Institute of Mathematical Statistics},
  title     = {A Class of Statistics with Asymptotically Normal Distribution},
  volume    = {19},
  year      = {1948}
}

@book{horn2012matrix,
  author    = {Horn, Roger A and Johnson, Charles R},
  publisher = {Cambridge university press},
  title     = {Matrix analysis},
  year      = {2012}
}

@article{ingster1993asymptotically,
  author  = {Ingster, Yuri. I.},
  journal = {Mathematical Methods of Statistics},
  number  = {2},
  pages   = {85--114, 171--189, 249--268},
  title   = {Asymptotically minimax hypothesis testing for
             nonparametric alternatives. {I, II, III}},
  volume  = {2},
  year    = {1993}
}

@article{javanmard2013localization,
  author    = {Javanmard, Adel and Montanari, Andrea},
  journal   = {Foundations of Computational Mathematics},
  pages     = {297--345},
  publisher = {Springer},
  title     = {Localization from incomplete noisy distance measurements},
  volume    = {13},
  year      = {2013}
}

@article{jin2019short,
  author  = {Jin, Chi and Netrapalli, Praneeth and Ge, Rong and Kakade, Sham M and Jordan, Michael I},
  journal = {arXiv preprint arXiv:1902.03736},
  title   = {A short note on concentration inequalities for random vectors with sub{G}aussian norm},
  year    = {2019}
}

@article{kereta2021estimating,
  author  = {Kereta, Zeljko and Klock, Timo},
  journal = {Electronic Journal of Statistics},
  pages   = {554--588},
  title   = {Estimating covariance and precision matrices along subspaces},
  volume  = {15},
  year    = {2021}
}

@article{kim2015tight,
  author  = {Kim, Arlene KH and Zhou, Harrison H},
  journal = {Electronic Journal of Statistics},
  pages   = {1562--1582},
  title   = {Tight minimax rates for manifold estimation under Hausdorff loss},
  volume  = {9},
  year    = {2015}
}

@article{klochkov2020uniform,
  author  = {Klochkov, Yegor and Zhivotovskiy, Nikita},
  journal = {Electron. J. Probab},
  number  = {22},
  pages   = {1--30},
  title   = {Uniform {H}anson-{W}right type concentration inequalities for unbounded entries via the entropy method},
  volume  = {25},
  year    = {2020}
}

@article{kroshnin2022infinite,
  author    = {Kroshnin, Alexey and Stepanov, Eugene and Trevisan, Dario},
  journal   = {ESAIM: Control, Optimisation and Calculus of Variations},
  pages     = {58},
  publisher = {EDP Sciences},
  title     = {Infinite multidimensional scaling for metric measure spaces},
  volume    = {28},
  year      = {2022}
}

@article{kuchibhotla2022least,
  author    = {Kuchibhotla, Arun K and Patra, Rohit K},
  journal   = {The Annals of Statistics},
  number    = {1},
  pages     = {277--302},
  publisher = {Institute of Mathematical Statistics},
  title     = {On least squares estimation under heteroscedastic and heavy-tailed errors},
  volume    = {50},
  year      = {2022}
}

@article{kuchibhotla2022moving,
  author    = {Kuchibhotla, Arun Kumar and Chakrabortty, Abhishek},
  journal   = {Information and Inference: A Journal of the IMA},
  number    = {4},
  pages     = {1389--1456},
  publisher = {Oxford University Press},
  title     = {Moving beyond sub-{G}aussianity in high-dimensional statistics: Applications in covariance estimation and linear regression},
  volume    = {11},
  year      = {2022}
}

@article{latala2005some,
  author  = {Lata{\l}a, Rafa{\l}},
  journal = {Proceedings of the American Mathematical Society},
  number  = {5},
  pages   = {1273--1282},
  title   = {Some estimates of norms of random matrices},
  volume  = {133},
  year    = {2005}
}

@article{lei2021network,
  author  = {Lei, Jing},
  journal = {The Annals of Statistics},
  number  = {2},
  pages   = {745--768},
  title   = {Network Representation Using Graph Root Distributions},
  volume  = {49},
  year    = {2021}
}

@article{levin2019bootstrapping,
  author  = {Levin, Keith and Levina, Elizaveta},
  journal = {arXiv preprint arXiv:1907.10821},
  title   = {Bootstrapping networks with latent space structure},
  year    = {2019}
}

@article{li2020central,
  author  = {Li, Gongkai and Tang, Minh and Charon, Nicolas and Priebe, Carey},
  journal = {Electronic Journal of Statistics},
  pages   = {2362--2394},
  title   = {Central limit theorems for classical multidimensional scaling},
  volume  = {14},
  year    = {2020}
}

@article{lim2024classical,
  author    = {Lim, Sunhyuk and Memoli, Facundo},
  journal   = {Information and Inference: A Journal of the IMA},
  number    = {2},
  pages     = {iaae007},
  publisher = {Oxford University Press},
  title     = {Classical multidimensional scaling on metric measure spaces},
  volume    = {13},
  year      = {2024}
}

@article{little2023analysis,
  author    = {Little, Anna and Xie, Yuying and Sun, Qiang},
  journal   = {Information and Inference: A Journal of the IMA},
  number    = {1},
  pages     = {72--112},
  publisher = {Oxford University Press},
  title     = {An analysis of classical multidimensional scaling with applications to clustering},
  volume    = {12},
  year      = {2023}
}

@article{mandanas2016robust,
  author    = {Mandanas, Fotios D and Kotropoulos, Constantine L},
  journal   = {IEEE Transactions on Signal Processing},
  number    = {4},
  pages     = {919--932},
  publisher = {IEEE},
  title     = {Robust multidimensional scaling using a maximum correntropy criterion},
  volume    = {65},
  year      = {2016}
}

@article{maurer2021concentration,
  author  = {Maurer, Andreas and Pontil, Massimiliano},
  journal = {Advances in Neural Information Processing Systems},
  pages   = {7588--7597},
  title   = {Concentration inequalities under sub-{G}aussian and sub-{e}xponential conditions},
  volume  = {34},
  year    = {2021}
}

@article{mendelson2012generic,
  author    = {Mendelson, Shahar and Paouris, Grigoris},
  journal   = {Journal of Functional Analysis},
  number    = {9},
  pages     = {3775--3811},
  publisher = {Elsevier},
  title     = {On generic chaining and the smallest singular value of random matrices with heavy tails},
  volume    = {262},
  year      = {2012}
}

@article{minsker2017some,
  author    = {Minsker, Stanislav},
  journal   = {Statistics \& Probability Letters},
  pages     = {111--119},
  publisher = {Elsevier},
  title     = {On some extensions of Bernstein’s inequality for self-adjoint operators},
  volume    = {127},
  year      = {2017}
}

@article{muandet2017kernel,
  author    = {Muandet, Krikamol and Fukumizu, Kenji and Sriperumbudur, Bharath and Sch{\"o}lkopf, Bernhard},
  journal   = {Foundations and Trends{\textregistered} in Machine Learning},
  number    = {1-2},
  pages     = {1--141},
  publisher = {Now Publishers, Inc.},
  title     = {Kernel mean embedding of distributions: {A} review and beyond},
  volume    = {10},
  year      = {2017}
}

@article{nagaev1979large,
  author    = {Nagaev, Sergey V},
  journal   = {The Annals of Probability},
  pages     = {745--789},
  publisher = {JSTOR},
  title     = {Large deviations of sums of independent random variables},
  year      = {1979}
}

@article{nolan1988functional,
  author    = {Nolan, Deborah and Pollard, David},
  journal   = {The Annals of Probability},
  number    = {3},
  pages     = {1291--1298},
  publisher = {Institute of Mathematical Statistics},
  title     = {Functional Limit Theorems for $ U $-Processes},
  volume    = {16},
  year      = {1988}
}

@article{park1991parallel,
  author    = {Park, Haesun},
  journal   = {Parallel Computing},
  number    = {8},
  pages     = {913--923},
  publisher = {Elsevier},
  title     = {A parallel algorithm for the unbalanced orthogonal Procrustes problem},
  volume    = {17},
  year      = {1991}
}

@article{peterfreund2021multidimensional,
  author    = {Peterfreund, Erez and Gavish, Matan},
  journal   = {Applied and Computational Harmonic Analysis},
  pages     = {333--373},
  publisher = {Elsevier},
  title     = {Multidimensional scaling of noisy high dimensional data},
  volume    = {51},
  year      = {2021}
}

@article{peyre2019computational,
  author    = {Peyr{\'e}, Gabriel and Cuturi, Marco},
  journal   = {Foundations and Trends{\textregistered} in Machine Learning},
  number    = {5-6},
  pages     = {355--607},
  publisher = {Now Publishers, Inc.},
  title     = {Computational optimal transport: With applications to data science},
  volume    = {11},
  year      = {2019}
}

@article{schoenberg1935remarks,
  author    = {Schoenberg, Isaac J.},
  journal   = {Annals of Mathematics},
  number    = {3},
  pages     = {724--732},
  publisher = {JSTOR},
  title     = {Remarks to {M}aurice {F}r\'{e}chet's article ``{S}ur la definition axiomatique d'une classe d'espace distances vectoriellement applicable sur l'espace de {H}ilbert''},
  volume    = {36},
  year      = {1935}
}

@article{serfling1980approximation,
  author    = {Serfling, Robert J},
  journal   = {Wiley Series in Probability and Statistics},
  publisher = {Wiley},
  title     = {Approximation Theorems of Mathematical Statistics},
  year      = {1980}
}

@article{serfling1984generalized,
  author    = {Serfling, Robert J},
  journal   = {The Annals of Statistics},
  pages     = {76--86},
  publisher = {JSTOR},
  title     = {Generalized l-, m-, and r-statistics},
  year      = {1984}
}

@article{shekhar2022permutation,
  author  = {Shekhar, Shubhanshu and Kim, Ilmun and Ramdas, Aaditya},
  journal = {Advances in Neural Information Processing Systems},
  pages   = {18168--18180},
  title   = {A permutation-free kernel two-sample test},
  volume  = {35},
  year    = {2022}
}

@article{sibson1978studies,
  author    = {Sibson, Robin},
  journal   = {Journal of the Royal Statistical Society: Series B (Methodological)},
  number    = {2},
  pages     = {234--238},
  publisher = {Wiley Online Library},
  title     = {Studies in the robustness of multidimensional scaling: Procrustes statistics},
  volume    = {40},
  year      = {1978}
}

@article{sibson1979studies,
  author    = {Sibson, Robin},
  journal   = {Journal of the Royal Statistical Society: Series B (Methodological)},
  number    = {2},
  pages     = {217--229},
  publisher = {Wiley Online Library},
  title     = {Studies in the robustness of multidimensional scaling: {P}erturbational analysis of classical scaling},
  volume    = {41},
  year      = {1979}
}

@article{sibson1981studies,
  author    = {Sibson, Robin and Bowyer, Adrian and Osmond, Clive},
  journal   = {Journal of Statistical Computation and Simulation},
  number    = {3-4},
  pages     = {273--296},
  publisher = {Taylor \& Francis},
  title     = {Studies in the robustness of multidimensional scaling: Euclidean models and simulation studies},
  volume    = {13},
  year      = {1981}
}

@article{silverstein1989weak,
  author    = {Silverstein, Jack W},
  journal   = {Journal of Multivariate Analysis},
  number    = {2},
  pages     = {307--311},
  publisher = {Elsevier},
  title     = {On the weak limit of the largest eigenvalue of a large dimensional sample covariance matrix},
  volume    = {30},
  year      = {1989}
}

@inproceedings{smola2007hilbert,
  author       = {Smola, Alex and Gretton, Arthur and Song, Le and Sch{\"o}lkopf, Bernhard},
  booktitle    = {International conference on algorithmic learning theory},
  organization = {Springer},
  pages        = {13--31},
  title        = {A Hilbert space embedding for distributions},
  year         = {2007}
}

@article{sonthalia2021can,
  author  = {Sonthalia, Rishi and Van Buskirk, Greg and Raichel, Benjamin and Gilbert, Anna},
  journal = {Advances in Neural Information Processing Systems},
  pages   = {12304--12315},
  title   = {How can classical multidimensional scaling go wrong?},
  volume  = {34},
  year    = {2021}
}

@article{sriperumbudur2011universality,
  author  = {Sriperumbudur, Bharath K and Fukumizu, Kenji and Lanckriet, Gert RG},
  journal = {Journal of Machine Learning Research},
  number  = {7},
  title   = {Universality, Characteristic Kernels and {RKHS} Embedding of Measures},
  volume  = {12},
  year    = {2011}
}

@article{szekely2014partial,
  author    = {Sz{\'e}kely, G{\'a}bor J and Rizzo, Maria L},
  journal   = {The Annals of Statistics},
  number    = {6},
  pages     = {2382},
  publisher = {Institute of Mathematical Statistics},
  title     = {Partial distance correlation with methods for dissimilarities},
  volume    = {42},
  year      = {2014}
}

@article{tang2017nonparametric,
  author  = {Tang, Minh And Athreya, Avanti And Sussman, Daniel L And Lyzinski, Vince And Priebe, Carey E},
  journal = {Bernoulli},
  number  = {3},
  pages   = {1599--1630},
  title   = {A nonparametric two-sample hypothesis testing problem for random graphs},
  volume  = {23},
  year    = {2017}
}


@article{tenenbaum2000global,
  author    = {Tenenbaum, Joshua B and Silva, Vin de and Langford, John C},
  journal   = {science},
  number    = {5500},
  pages     = {2319--2323},
  publisher = {American Association for the Advancement of Science},
  title     = {A global geometric framework for nonlinear dimensionality reduction},
  volume    = {290},
  year      = {2000}
}

@article{torgerson1952multidimensional,
  author    = {Torgerson, Warren S},
  journal   = {Psychometrika},
  number    = {4},
  pages     = {401--419},
  publisher = {Springer},
  title     = {Multidimensional scaling: I. Theory and method},
  volume    = {17},
  year      = {1952}
}

@book{torgerson1958theory,
  author    = {Torgerson, Warren S},
  publisher = {Johhn Wiley \& Sons},
  title     = {Theory and Methods of Scaling},
  year      = {1958}
}

@book{tsybakov2008nonparametric,
  author    = {Tsybakov, Alexandre B.},
  edition   = {1st},
  isbn      = {0387790519},
  publisher = {Springer Publishing Company, Incorporated},
  title     = {Introduction to Nonparametric Estimation},
  year      = {2008}
}

@book{van2000asymptotic,
  author    = {van der Vaart, Aad W},
  publisher = {Cambridge University Press},
  title     = {Asymptotic Statistics},
  volume    = {3},
  year      = {2000}
}

@article{van2013bernstein,
  author    = {van de Geer, Sara and Lederer, Johannes},
  journal   = {Probability theory and related fields},
  number    = {1},
  pages     = {225--250},
  publisher = {Springer},
  title     = {The Bernstein--Orlicz norm and deviation inequalities},
  volume    = {157},
  year      = {2013}
}

@book{van2023weak,
  author    = {van der Vaart, Aad W. and Wellner, Jon A.},
  publisher = {Springer Nature},
  title     = {Weak Convergence and Empirical Processes: With Applications to Statistics},
  year      = {2023}
}

@book{vershynin2018high,
  author    = {Vershynin, Roman},
  publisher = {Cambridge university press},
  title     = {High-dimensional Probability: An introduction with applications in data science},
  volume    = {47},
  year      = {2018}
}

@book{villani2009optimal,
  author    = {Villani, C{\'e}dric},
  publisher = {Springer},
  title     = {Optimal transport: old and new},
  volume    = {338},
  year      = {2009}
}

@article{vladimirova2020sub,
  author    = {Vladimirova, Mariia and Girard, St{\'e}phane and Nguyen, Hien and Arbel, Julyan},
  journal   = {Stat},
  number    = {1},
  pages     = {e318},
  publisher = {Wiley Online Library},
  title     = {Sub-Weibull distributions: Generalizing sub-Gaussian and sub-Exponential properties to heavier tailed distributions},
  volume    = {9},
  year      = {2020}
}

@article{wasserman2018topological,
  author    = {Wasserman, Larry},
  journal   = {Annual Review of Statistics and Its Application},
  number    = {1},
  pages     = {501--532},
  publisher = {Annual Reviews},
  title     = {Topological data analysis},
  volume    = {5},
  year      = {2018}
}

@article{weinberger2006graph,
  author  = {Weinberger, Kilian Q and Sha, Fei and Zhu, Qihui and Saul, Lawrence},
  journal = {Advances in neural information processing systems},
  title   = {Graph {L}aplacian regularization for large-scale semidefinite programming},
  volume  = {19},
  year    = {2006}
}

@article{xie2020optimal,
  author    = {Xie, Fangzheng and Xu, Yanxun},
  journal   = {Biometrika},
  number    = {4},
  pages     = {875--889},
  publisher = {Oxford University Press},
  title     = {Optimal {B}ayesian estimation for random dot product graphs},
  volume    = {107},
  year      = {2020}
}

@article{young1938discussion,
  author    = {Young, Gale and Householder, Aiston S},
  journal   = {Psychometrika},
  number    = {1},
  pages     = {19--22},
  publisher = {Springer},
  title     = {Discussion of a set of points in terms of their mutual distances},
  volume    = {3},
  year      = {1938}
}

@incollection{yu1997assouad,
  author    = {Yu, Bin},
  booktitle = {Festschrift for Lucien Le Cam: research papers in probability and statistics},
  pages     = {423--435},
  publisher = {Springer},
  title     = {Assouad, fano, and le cam},
  year      = {1997}
}

@article{yu2015useful,
  author    = {Yu, Yi and Wang, Tengyao and Samworth, Richard J},
  journal   = {Biometrika},
  number    = {2},
  pages     = {315--323},
  publisher = {Oxford University Press},
  title     = {A useful variant of the {D}avis--{K}ahan theorem for statisticians},
  volume    = {102},
  year      = {2015}
}

@article{zhang2007conditions,
  author    = {Zhang, Zhenyue and Qiu, Yuyang and Du, Keqin},
  journal   = {Journal of Computational Mathematics},
  pages     = {661--671},
  publisher = {JSTOR},
  title     = {Conditions for optimal solutions of unbalanced Procrustes problem on Stiefel manifold},
  year      = {2007}
}

@article{zhang2016distance,
  author    = {Zhang, Luwan and Wahba, Grace and Yuan, Ming},
  journal   = {Journal of the Royal Statistical Society Series B: Statistical Methodology},
  number    = {4},
  pages     = {849--867},
  publisher = {Oxford University Press},
  title     = {Distance shrinkage and {E}uclidean embedding via regularized kernel estimation},
  volume    = {78},
  year      = {2016}
}
@inproceedings{zhang2017earth,
  author    = {Zhang, Meng and Liu, Yang and Luan, Huanbo and Sun, Maosong},
  booktitle = {Proceedings of the 2017 Conference on Empirical Methods in Natural Language Processing},
  pages     = {1934--1945},
  title     = {Earth mover's distance minimization for unsupervised bilingual lexicon induction},
  year      = {2017}
}
@article{zhou2008derivative,
  author    = {Zhou, Ding-Xuan},
  journal   = {Journal of computational and Applied Mathematics},
  number    = {1-2},
  pages     = {456--463},
  publisher = {Elsevier},
  title     = {Derivative reproducing properties for kernel methods in learning theory},
  volume    = {220},
  year      = {2008}
}

@article{gine1984some,
  author    = {Gin{\'e}, Evarist and Zinn, Joel},
  journal   = {The Annals of Probability},
  pages     = {929--989},
  title     = {Some Limit Theorems For Empirical Processes},
  year      = {1984}
}

@book{gine2016mathematical,
  author    = {Gin{\'e}, Evarist and Nickl, Richard},
  publisher = {Cambridge University Press},
  title     = {Mathematical Foundations Of Infinite-Dimensional Statistical Models},
  volume    = {40},
  year      = {2016}
}

@article{adamczak2024norms,
  author    = {Adamczak, Rados{\l}aw and Prochno, Joscha and Strzelecka, Marta and Strzelecki, Micha{\l}},
  journal   = {Mathematische Annalen},
  number    = {4},
  pages     = {3463--3527},
  publisher = {Springer},
  title     = {Norms Of Structured Random Matrices},
  volume    = {388},
  year      = {2024}
}

@article{tao2010random,
  author  = {Tao, Terence and Vu, Van},
  journal = {arXiv preprint arXiv:1005.2901},
  title   = {Random matrices: {L}ocalization of the eigenvalues and the necessity of four moments},
  year    = {2010}
}

@article{edelman1998geometry,
  author    = {Edelman, Alan and Arias, Tom{\'a}s A and Smith, Steven T},
  journal   = {SIAM journal on Matrix Analysis and Applications},
  number    = {2},
  pages     = {303--353},
  publisher = {SIAM},
  title     = {The geometry of algorithms with orthogonality constraints},
  volume    = {20},
  year      = {1998}
}