@String(PAMI = {IEEE Trans. Pattern Anal. Mach. Intell.})
@String(IJCV = {Int. J. Comput. Vis.})
@String(CVPR= {IEEE Conf. Comput. Vis. Pattern Recog.})
@String(ICCV= {Int. Conf. Comput. Vis.})
@String(ECCV= {Eur. Conf. Comput. Vis.})
@String(NIPS= {Adv. Neural Inform. Process. Syst.})
@String(ICPR = {Int. Conf. Pattern Recog.})
@String(BMVC= {Brit. Mach. Vis. Conf.})
@String(TOG= {ACM Trans. Graph.})
@String(TIP  = {IEEE Trans. Image Process.})
@String(TVCG  = {IEEE Trans. Vis. Comput. Graph.})
@String(TMM  = {IEEE Trans. Multimedia})
@String(ACMMM= {ACM Int. Conf. Multimedia})
@String(ICME = {Int. Conf. Multimedia and Expo})
@String(ICASSP=	{ICASSP})
@String(ICIP = {IEEE Int. Conf. Image Process.})
@String(ACCV  = {ACCV})
@String(ICLR = {Int. Conf. Learn. Represent.})
@String(IJCAI = {IJCAI})
@String(PR   = {Pattern Recognition})
@String(AAAI = {AAAI})
@String(CVPRW= {IEEE Conf. Comput. Vis. Pattern Recog. Worksh.})
@String(CSVT = {IEEE Trans. Circuit Syst. Video Technol.})

@String(SPL	= {IEEE Sign. Process. Letters})
@String(VR   = {Vis. Res.})
@String(JOV	 = {J. Vis.})
@String(TVC  = {The Vis. Comput.})
@String(JCST  = {J. Comput. Sci. Tech.})
@String(CGF  = {Comput. Graph. Forum})
@String(CVM = {Computational Visual Media})


@String(PAMI  = {IEEE TPAMI})
@String(IJCV  = {IJCV})
@String(CVPR  = {CVPR})
@String(ICCV  = {ICCV})
@String(ECCV  = {ECCV})
@String(NIPS  = {NeurIPS})
@String(ICPR  = {ICPR})
@String(BMVC  =	{BMVC})
@String(TOG   = {ACM TOG})
@String(TIP   = {IEEE TIP})
@String(TVCG  = {IEEE TVCG})
@String(TCSVT = {IEEE TCSVT})
@String(TMM   =	{IEEE TMM})
@String(ACMMM = {ACM MM})
@String(ICME  =	{ICME})
@String(ICASSP=	{ICASSP})
@String(ICIP  = {ICIP})
@String(ACCV  = {ACCV})
@String(ICLR  = {ICLR})
@String(IJCAI = {IJCAI})
@String(PR = {PR})
@String(AAAI = {AAAI})
@String(CVPRW= {CVPRW})
@String(CSVT = {IEEE TCSVT})



@misc{Authors14,
 author = {FirstName LastName},
 title = {The frobnicatable foo filter},
 note = {Face and Gesture submission ID 324. Supplied as supplemental material {\tt fg324.pdf}},
 year = 2014
}

@misc{Authors14b,
 author = {FirstName LastName},
 title = {Frobnication tutorial},
 note = {Supplied as supplemental material {\tt tr.pdf}},
 year = 2014
}

@article{Alpher02,
author = {FirstName Alpher},
title = {Frobnication},
journal = PAMI,
volume = 12,
number = 1,
pages = {234--778},
year = 2002
}

@article{Alpher03,
author = {FirstName Alpher and  FirstName Fotheringham-Smythe},
title = {Frobnication revisited},
journal = {Journal of Foo},
volume = 13,
number = 1,
pages = {234--778},
year = 2003
}

@article{Alpher04,
author = {FirstName Alpher and FirstName Fotheringham-Smythe and FirstName Gamow},
title = {Can a machine frobnicate?},
journal = {Journal of Foo},
volume = 14,
number = 1,
pages = {234--778},
year = 2004
}

@inproceedings{Alpher05,
author = {FirstName Alpher and FirstName Gamow},
title = {Can a computer frobnicate?},
booktitle = CVPR,
pages = {234--778},
year = 2005
}


@incollection{Bengio+chapter2007,
author = {Bengio, Yoshua and LeCun, Yann},
booktitle = {Large Scale Kernel Machines},
publisher = {MIT Press},
title = {Scaling Learning Algorithms Towards {AI}},
year = {2007}
}

@article{Hinton06,
author = {Hinton, Geoffrey E. and Osindero, Simon and Teh, Yee Whye},
journal = {Neural Computation},
pages = {1527--1554},
title = {A Fast Learning Algorithm for Deep Belief Nets},
volume = {18},
year = {2006}
}

@book{goodfellow2016deep,
title={Deep learning},
author={Goodfellow, Ian and Bengio, Yoshua and Courville, Aaron and Bengio, Yoshua},
volume={1},
year={2016},
publisher={MIT Press}
}

@String(PAMI = {IEEE Trans. Pattern Anal. Mach. Intell.})
@String(IJCV = {Int. J. Comput. Vis.})
@String(CVPR= {IEEE Conf. Comput. Vis. Pattern Recog.})
@String(ICCV= {Int. Conf. Comput. Vis.})
@String(ECCV= {Eur. Conf. Comput. Vis.})
@String(NIPS= {Adv. Neural Inform. Process. Syst.})
@String(ICPR = {Int. Conf. Pattern Recog.})
@String(BMVC= {Brit. Mach. Vis. Conf.})
@String(TOG= {ACM Trans. Graph.})
@String(TIP  = {IEEE Trans. Image Process.})
@String(TVCG  = {IEEE Trans. Vis. Comput. Graph.})
@String(TMM  = {IEEE Trans. Multimedia})
@String(ACMMM= {ACM Int. Conf. Multimedia})
@String(ICME = {Int. Conf. Multimedia and Expo})
@String(ICASSP=	{ICASSP})
@String(ICIP = {IEEE Int. Conf. Image Process.})
@String(ACCV  = {ACCV})
@String(ICLR = {Int. Conf. Learn. Represent.})
@String(IJCAI = {IJCAI})
@String(PR   = {Pattern Recognition})
@String(AAAI = {AAAI})
@String(CVPRW= {IEEE Conf. Comput. Vis. Pattern Recog. Worksh.})
@String(CSVT = {IEEE Trans. Circuit Syst. Video Technol.})

@String(SPL	= {IEEE Sign. Process. Letters})
@String(VR   = {Vis. Res.})
@String(JOV	 = {J. Vis.})
@String(TVC  = {The Vis. Comput.})
@String(JCST  = {J. Comput. Sci. Tech.})
@String(CGF  = {Comput. Graph. Forum})
@String(CVM = {Computational Visual Media})


@String(PAMI  = {IEEE TPAMI})
@String(IJCV  = {IJCV})
@String(CVPR  = {CVPR})
@String(ICCV  = {ICCV})
@String(ECCV  = {ECCV})
@String(NIPS  = {NeurIPS})
@String(ICPR  = {ICPR})
@String(BMVC  =	{BMVC})
@String(TOG   = {ACM TOG})
@String(TIP   = {IEEE TIP})
@String(TVCG  = {IEEE TVCG})
@String(TCSVT = {IEEE TCSVT})
@String(TMM   =	{IEEE TMM})
@String(ACMMM = {ACM MM})
@String(ICME  =	{ICME})
@String(ICASSP=	{ICASSP})
@String(ICIP  = {ICIP})
@String(ACCV  = {ACCV})
@String(ICLR  = {ICLR})
@String(IJCAI = {IJCAI})
@String(PR = {PR})
@String(AAAI = {AAAI})
@String(CVPRW= {CVPRW})
@String(CSVT = {IEEE TCSVT})



@inproceedings{huang2022multi,
  title={{Multi-View Transformer for 3D Visual Grounding}},
  author={Huang, Shijia and Chen, Yilun and Jia, Jiaya and Wang, Liwei},
  booktitle={CVPR},
  year={2022}
}

@inproceedings{bakr2022look,
  title={{Look Around and Refer: 2D Synthetic Semantics Knowledge Distillation for 3D Visual Grounding}},
  author={Bakr, Eslam and Alsaedy, Yasmeen and Elhoseiny, Mohamed},
  booktitle={NeurIPS},
  volume={35},
  pages={37146--37158},
  year={2022}
}

@inproceedings{hsu2023ns3d,
  title={{NS3D: Neuro-Symbolic Grounding of 3D Objects and Relations}},
  author={Hsu, Joy and Mao, Jiayuan and Wu, Jiajun},
  booktitle={CVPR},
  pages={2614--2623},
  year={2023}
}

@inproceedings{NSCL,
  title={{The Neuro-Symbolic Concept Learner: Interpreting Scenes, Words, and Sentences From Natural Supervision}},
  author={Mao, Jiayuan and Gan, Chuang and Kohli, Pushmeet and Tenenbaum, Joshua B and Wu, Jiajun},
  booktitle={ICLR},
  year={2019}
}

@article{endo2023motion,
  title={Motion Question Answering via Modular Motion Programs},
  author={Endo, Mark and Hsu, Joy and Li, Jiaman and Wu, Jiajun},
  journal={ICML},
  year={2023}
}

@inproceedings{achlioptas2020referit3d,
  title={{ReferIt3D: Neural Listeners for Fine-grained 3D Object Identification in Real-world Scenes}},
  author={Achlioptas, Panos and Abdelreheem, Ahmed and Xia, Fei and Elhoseiny, Mohamed and Guibas, Leonidas},
  booktitle={ECCV},
  pages={422--440},
  year={2020},
  organization={Springer}
}

@inproceedings{dai2017scannet,
  title={{ScanNet: Richly-Annotated 3D Reconstructions of Indoor Scenes}},
  author={Dai, Angela and Chang, Angel X and Savva, Manolis and Halber, Maciej and Funkhouser, Thomas and Nie{\ss}ner, Matthias},
  booktitle={CVPR},
  pages={5828--5839},
  year={2017}
}

@article{brown2020language,
  title={{Language Models are Few-Shot Learners}},
  author={Brown, Tom and Mann, Benjamin and Ryder, Nick and Subbiah, Melanie and Kaplan, Jared D and Dhariwal, Prafulla and Neelakantan, Arvind and Shyam, Pranav and Sastry, Girish and Askell, Amanda and others},
  journal={NeurIPS},
  volume={33},
  pages={1877--1901},
  year={2020}
}

@inproceedings{qi2019deep,
  title={{Deep Hough Voting for 3D Object Detection in Point Clouds}},
  author={Qi, Charles R and Litany, Or and He, Kaiming and Guibas, Leonidas J},
  booktitle={CVPR},
  pages={9277--9286},
  year={2019}
}

@inproceedings{jain2022bottom,
  title={{Bottom Up Top Down Detection Transformers for Language Grounding in Images and Point Clouds}},
  author={Jain, Ayush and Gkanatsios, Nikolaos and Mediratta, Ishita and Fragkiadaki, Katerina},
  booktitle={ECCV},
  pages={417--433},
  year={2022},
  organization={Springer}
}

@inproceedings{chen2020scanrefer,
  title={{ScanRefer: 3D Object Localization in RGB-D Scans using Natural Language}},
  author={Chen, Dave Zhenyu and Chang, Angel X and Nie{\ss}ner, Matthias},
  booktitle={ECCV},
  pages={202--221},
  year={2020},
  organization={Springer}
}

@article{qi2017pointnet++,
  title={{PointNet++: Deep Hierarchical Feature Learning on Point Sets in a Metric Space}},
  author={Qi, Charles Ruizhongtai and Yi, Li and Su, Hao and Guibas, Leonidas J},
  journal={NeurIPS},
  volume={30},
  year={2017}
}

@article{wong2023word,
  title={{From Word Models to World Models: Translating from Natural Language to the Probabilistic Language of Thought}},
  author={Wong, Lionel and Grand, Gabriel and Lew, Alexander K and Goodman, Noah D and Mansinghka, Vikash K and Andreas, Jacob and Tenenbaum, Joshua B},
  journal={arXiv preprint arXiv:2306.12672},
  year={2023}
}

@article{hsu2023s,
  title={{What's Left? Concept Grounding with Logic-Enhanced Foundation Models}},
  author={Hsu, Joy and Mao, Jiayuan and Tenenbaum, Joshua B and Wu, Jiajun},
  journal={NeurIPS},
  year={2023}
}

@inproceedings{devlin2018bert,
  title={{BERT: Pre-training of Deep Bidirectional Transformers for Language Understanding}},
  author={Devlin, Jacob and Chang, Ming-Wei and Lee, Kenton and Toutanova, Kristina},
  booktitle={ACL},
  year={2019}
}

@inproceedings{dailan2018transref,
  title={{TransRefer3D: Entity-and-Relation Aware Transformer for Fine-Grained 3D Visual Grounding}},
  author={He, Dailan and Zhao, Yusheng and Luo, Junyu and Hui, Tianrui and Huang, Shaofei and Zhang, Aixi and Liu, Si},
  booktitle={ACM International Conference on Multimedia},
  pages={2344--2352},
  year={2021}
}

@inproceedings{junha2021lanref,
  title={{LanguageRefer: Spatial-Language Model for 3D Visual Grounding}},
  author={Roh, Junha and Desingh, Karthik and Farhadi, Ali and Fox, Dieter},
  booktitle={CoRL},
  pages={1046--1056},
  year={2022},
  organization={PMLR}
}

@inproceedings{yi2018neural,
  title={{Neural-Symbolic VQA: Disentangling Reasoning from Vision and Language Understanding}},
  author={Yi, Kexin and Wu, Jiajun and Gan, Chuang and Torralba, Antonio and Kohli, Pushmeet and Tenenbaum, Josh},
  booktitle={NeurIPS},
  year={2018}
}

@inproceedings{andreas2016learning,
  title={{Learning to Compose Neural Networks for Question Answering}},
  author={Andreas, Jacob and Rohrbach, Marcus and Darrell, Trevor and Klein, Dan},
  booktitle={NAACL-HLT},
  year={2016}
}

@inproceedings{johnson2017inferring,
  title={{Inferring and Executing Programs for Visual Reasoning}},
  author={Johnson, Justin and Hariharan, Bharath and Van Der Maaten, Laurens and Hoffman, Judy and Fei-Fei, Li and Lawrence Zitnick, C and Girshick, Ross},
  booktitle={ICCV},
  year={2017}
}

@inproceedings{han2019visual,
  title={{Visual Concept-Metaconcept Learning}},
  author={Han, Chi and Mao, Jiayuan and Gan, Chuang and Tenenbaum, Josh and Wu, Jiajun},
  booktitle={NeurIPS},
  year={2019}
}

@inproceedings{hudson2019learning,
  title={{Learning by Abstraction: The Neural State Machine}},
  author={Hudson, Drew and Manning, Christopher D},
  booktitle={NeurIPS},
  year={2019}
}

@inproceedings{li2020closed,
  title={{Closed Loop Neural-Symbolic Learning via Integrating Neural Perception, Grammar Parsing, and Symbolic Reasoning}},
  author={Li, Qing and Huang, Siyuan and Hong, Yining and Chen, Yixin and Wu, Ying Nian and Zhu, Song-Chun},
  booktitle={ICML},
  year={2020},
}

@inproceedings{chen2021grounding,
  title={{Grounding Physical Concepts of Objects and Events Through Dynamic Visual Reasoning}},
  author={Chen, Zhenfang and Mao, Jiayuan and Wu, Jiajun and Wong, Kwan-Yee Kenneth and Tenenbaum, Joshua B and Gan, Chuang},
  booktitle={ICLR},
  year={2021}
}

@inproceedings{wang2023programmatically,
  title={{Programmatically Grounded, Compositionally Generalizable Robotic Manipulation}},
  author={Wang, Renhao and Mao, Jiayuan and Hsu, Joy and Zhao, Hang and Wu, Jiajun and Gao, Yang},
  booktitle={ICLR},
  year={2023}
}

@inproceedings{Mao2022PDSketch,
	title={{PDSketch: Integrated Domain Programming, Learning, and Planning}},
	author={Mao, Jiayuan and Lozano-Perez, Tomas and Tenenbaum, Joshua B. and Leslie Pack Kaelbing},
	booktitle={NeurIPS},
	year={2022}
}


@inproceedings{yang2017differentiable,
  title={{Differentiable Learning of Logical Rules for Knowledge Base Reasoning}},
  author={Yang, Fan and Yang, Zhilin and Cohen, William W},
  booktitle={NeurIPS},
  year={2017}
}

@inproceedings{guo2016jointly,
  title={{Jointly Embedding Knowledge Graphs and Logical Rules}},
  author={Guo, Shu and Wang, Quan and Wang, Lihong and Wang, Bin and Guo, Li},
  booktitle={EMNLP},
  year={2016}
}

@inproceedings{hu2016harnessing,
  title={{Harnessing Deep Neural Networks with Logic Rules}},
  author={Hu, Zhiting and Ma, Xuezhe and Liu, Zhengzhong and Hovy, Eduard and Xing, Eric},
  booktitle={ACL},
  year={2016}
}

@inproceedings{cheng2022binding,
  title={{Binding Language Models in Symbolic Languages}},
  author={Cheng, Zhoujun and Xie, Tianbao and Shi, Peng and Li, Chengzu and Nadkarni, Rahul and Hu, Yushi and Xiong, Caiming and Radev, Dragomir and Ostendorf, Mari and Zettlemoyer, Luke and others},
  booktitle={ICLR},
  year={2023}
}

@inproceedings{dohan2022language,
  title={{Language Model Cascades}},
  author={Dohan, David and Xu, Winnie and Lewkowycz, Aitor and Austin, Jacob and Bieber, David and Lopes, Raphael Gontijo and Wu, Yuhuai and Michalewski, Henryk and Saurous, Rif A and Sohl-Dickstein, Jascha and others},
  booktitle={ICML Workshop},
  year={2022}
}

@inproceedings{beurer2022prompting,
  title={{Prompting Is Programming: A Query Language for Large Language Models}},
  author={Beurer-Kellner, Luca and Fischer, Marc and Vechev, Martin},
  booktitle={PLDI},
  year={2023}
}

@article{zelikman2023parsel,
  title={{Parsel: A (De-)compositional Framework for Algorithmic Reasoning with Language Models}},
  author={Zelikman, Eric and Huang, Qian and Poesia, Gabriel and Goodman, Noah D and Haber, Nick},
  journal={arXiv:2212.10561},
  year={2023}
}

@inproceedings{suris2023vipergpt,
  title={{ViperGPT: Visual Inference via Python Execution for Reasoning}},
  author={Sur{\'\i}s, D{\'\i}dac and Menon, Sachit and Vondrick, Carl},
  booktitle={ICCV},
  year={2023}
}

@inproceedings{gupta2022visual,
  title={{Visual Programming: Compositional Visual Reasoning without Training}},
  author={Gupta, Tanmay and Kembhavi, Aniruddha},
  booktitle={CVPR},
  year={2023}
}

@inproceedings{sbr,
    author={Diligenti, Michelangelo and Gori, Marco and Saccà, Claudio},
    title={{Semantic-based Regularization for Learning and Inference}},
    booktitle={Artificial Intelligence 244 (2017) 143–165},
    year={2015}
}

@inproceedings{sl,
    author={Xu, Jingyi and zhang, Zilu and Friedman, Tal and Liang, Yitao and den Broeck, Guy Van},
    title={{A Semantic Loss Function for Deep Learning with Symbolic Knowledge}},
    booktitle={ICML},
    year={2018}
}

@inproceedings{lensr,
    author={Xie, Yaqi and Xu, Ziwei and S. Kankanhalli , Mohan and S. Meel, Kuldeep and Soh, Harold
},
    title={{Embedding Symbolic Knowledge into Deep Networks}},
    booktitle={NeurIPS},
    year={2019}
}

@article{kukavcka2017regularization,
  title={{Regularization for Deep Learning: A Taxonomy}},
  author={Kuka{\v{c}}ka, Jan and Golkov, Vladimir and Cremers, Daniel},
  journal={arXiv preprint arXiv:1710.10686},
  year={2017}
}

@inproceedings{cai20223djcg,
  title={{3DJCG: A Unified Framework for Joint Dense Captioning and Visual Grounding on 3D Point Clouds}},
  author={Cai, Daigang and Zhao, Lichen and Zhang, Jing and Sheng, Lu and Xu, Dong},
  booktitle={CVPR},
  pages={16464--16473},
  year={2022}
}

@inproceedings{luo20223d,
  title={{3D-SPS: Single-stage 3D Visual Grounding via Referred Point Progressive Selection}},
  author={Luo, Junyu and Fu, Jiahui and Kong, Xianghao and Gao, Chen and Ren, Haibing and Shen, Hao and Xia, Huaxia and Liu, Si},
  booktitle={CVPR},
  pages={16454--16463},
  year={2022}
}

@article{chen2022ham,
  title={{HAM: Hierarchical Attention Model with High Performance for 3D Visual Grounding}},
  author={Chen, Jiaming and Luo, Weixin and Wei, Xiaolin and Ma, Lin and Zhang, Wei},
  journal={arXiv preprint arXiv:2210.12513},
  year={2022}
}

@misc{chen2021d3net,
    title={{D3Net: A Speaker-listener Architecture for Semi-supervised Dense Captioning and Visual Grounding in RGB-D Scans}}, 
    author={Dave Zhenyu Chen and Qirui Wu and Matthias Nießner and Angel X. Chang},
    year={2021},
    eprint={2112.01551},
    archivePrefix={arXiv},
    primaryClass={cs.CV}
}

@article{vaswani2017attention,
  title={{Attention is All You Need}},
  author={Vaswani, Ashish and Shazeer, Noam and Parmar, Niki and Uszkoreit, Jakob and Jones, Llion and Gomez, Aidan N and Kaiser, {\L}ukasz and Polosukhin, Illia},
  journal={NeurIPS},
  volume={30},
  year={2017}
}

@inproceedings{abdelreheem20223dreftransformer,
  title={{3DRefTransformer: Fine-grained Object Identification in Real-world Scenes Using Natural Language}},
  author={Abdelreheem, Ahmed and Upadhyay, Ujjwal and Skorokhodov, Ivan and Al Yahya, Rawan and Chen, Jun and Elhoseiny, Mohamed},
  booktitle={WACV},
  pages={3941--3950},
  year={2022}
}

@inproceedings{yang2021sat,
  title={{SAT: 2D Semantics Assisted Training for 3D Visual Grounding}},
  author={Yang, Zhengyuan and Zhang, Songyang and Wang, Liwei and Luo, Jiebo},
  booktitle={ICCV},
  pages={1856--1866},
  year={2021}
}

@inproceedings{huang2021text,
  title={{Text-guided Graph Neural Networks for Referring 3D Instance Segmentation}},
  author={Huang, Pin-Hao and Lee, Han-Hung and Chen, Hwann-Tzong and Liu, Tyng-Luh},
  booktitle={AAAI},
  pages={1610--1618},
  year={2021}
}

@inproceedings{yuan2021instancerefer,
  title={{InstanceRefer: Cooperative Holistic Understanding for Visual Grounding on Point Clouds through Instance Multi-level Contextual Referring}},
  author={Yuan, Zhihao and Yan, Xu and Liao, Yinghong and Zhang, Ruimao and Wang, Sheng and Li, Zhen and Cui, Shuguang},
  booktitle={ICCV},
  pages={1791--1800},
  year={2021}
}

@inproceedings{zhao20213dvg,
  title={{3DVG-Transformer: Relation Modeling for Visual Grounding on Point Clouds}},
  author={Zhao, Lichen and Cai, Daigang and Sheng, Lu and Xu, Dong},
  booktitle={ICCV},
  pages={2928--2937},
  year={2021}
}

@article{sanh2019distilbert,
  title={{DistilBERT, a Distilled Version of BERT: Smaller, Faster, Cheaper and Lighter}},
  author={Sanh, Victor and Debut, Lysandre and Chaumond, Julien and Wolf, Thomas},
  journal={arXiv preprint arXiv:1910.01108},
  year={2019}
}

@article{li2019augmenting,
  title={{Augmenting Neural Networks with First-Order Logic}},
  author={Li, Tao and Srikumar, Vivek},
  journal={ACL},
  year={2019}
}

@article{giunchiglia2021multi,
  title={{Multi-label Classification Neural Networks with Hard Logical Constraints}},
  author={Giunchiglia, Eleonora and Lukasiewicz, Thomas},
  journal={Journal of Artificial Intelligence Research},
  volume={72},
  pages={759--818},
  year={2021}
}

@inproceedings{hoernle2022multiplexnet,
  title={{MultiplexNet: Towards Fully Satisfied Logical Constraints in Neural Networks}},
  author={Hoernle, Nick and Karampatsis, Rafael Michael and Belle, Vaishak and Gal, Kobi},
  booktitle={AAAI},
  volume={36},
  number={5},
  pages={5700--5709},
  year={2022}
}

@article{van2020analyzing,
  title={{Analyzing Differentiable Fuzzy Implications}},
  author={van Krieken, Emile and Acar, Erman and van Harmelen, Frank},
  journal={arXiv preprint arXiv:2006.03472},
  year={2020}
}

@article{tibshirani1996regression,
  title={{Regression Shrinkage and Selection via the Lasso}},
  author={Tibshirani, Robert},
  journal={Journal of the Royal Statistical Society Series B: Statistical Methodology},
  volume={58},
  number={1},
  pages={267--288},
  year={1996},
  publisher={Oxford University Press}
}

@article{hoerl1970ridge,
  title={{Ridge Regression: Biased Estimation for Nonorthogonal Problems}},
  author={Hoerl, Arthur E and Kennard, Robert W},
  journal={Technometrics},
  volume={12},
  number={1},
  pages={55--67},
  year={1970},
  publisher={Taylor \& Francis}
}

@article{srivastava2014dropout,
  title={{Dropout: a Simple Way to Prevent Neural Networks from Overfitting}},
  author={Srivastava, Nitish and Hinton, Geoffrey and Krizhevsky, Alex and Sutskever, Ilya and Salakhutdinov, Ruslan},
  journal={The Journal of Machine Learning Research},
  volume={15},
  number={1},
  pages={1929--1958},
  year={2014},
  publisher={JMLR. org}
}

@inproceedings{wan2013regularization,
  title={{Regularization of Neural Networks using DropConnect}},
  author={Wan, Li and Zeiler, Matthew and Zhang, Sixin and Le Cun, Yann and Fergus, Rob},
  booktitle={ICML},
  pages={1058--1066},
  year={2013},
  organization={PMLR}
}

% incorporating prior knowledge
@article{von2021informed,
  title={Informed Machine Learning--A Taxonomy and Survey of Integrating Prior Knowledge into Learning Systems},
  author={Von Rueden, Laura and Mayer, Sebastian and Beckh, Katharina and Georgiev, Bogdan and Giesselbach, Sven and Heese, Raoul and Kirsch, Birgit and Pfrommer, Julius and Pick, Annika and Ramamurthy, Rajkumar and others},
  journal={Transactions on Knowledge and Data Engineering},
  volume={35},
  number={1},
  pages={614--633},
  year={2021},
  publisher={IEEE}
}

@article{deng2020integrating,
  title={Integrating Machine Learning with Human Knowledge},
  author={Deng, Changyu and Ji, Xunbi and Rainey, Colton and Zhang, Jianyu and Lu, Wei},
  journal={Iscience},
  volume={23},
  number={11},
  year={2020},
  publisher={Elsevier}
}

@inproceedings{giunchiglia2022deep,
  title={Deep Learning with Logical Constraints},
  author={Giunchiglia, Eleonora and Stoian, Mihaela Catalina and Lukasiewicz, Thomas},
  booktitle={IJCAI},
  year={2022}
}

@article{dash2022review,
  title={A Review of Some Techniques for Inclusion of Domain-Knowledge into Deep Neural Networks},
  author={Dash, Tirtharaj and Chitlangia, Sharad and Ahuja, Aditya and Srinivasan, Ashwin},
  journal={Scientific Reports},
  volume={12},
  number={1},
  pages={1040},
  year={2022},
  publisher={Nature Publishing Group UK London}
}

@inproceedings{marra2020relational,
  title={Relational Neural Machines},
  author={Marra, Giuseppe and Diligenti, Michelangelo and Giannini, Francesco and Gori, Marco and Maggini, Marco},
  booktitle={ECAI},
  year={2020}
}

@article{towell1994knowledge,
  title={Knowledge-Based Artificial Neural Networks},
  author={Towell, Geoffrey G and Shavlik, Jude W},
  journal={Artificial intelligence},
  volume={70},
  number={1-2},
  pages={119--165},
  year={1994},
  publisher={Elsevier}
}

@article{francca2014fast,
  title={Fast Relational Learning using Bottom Clause Propositionalization with Artificial Neural Networks},
  author={Fran{\c{c}}a, Manoel VM and Zaverucha, Gerson and d’Avila Garcez, Artur S},
  journal={Machine learning},
  volume={94},
  pages={81--104},
  year={2014},
  publisher={Springer}
}

@article{richardson2006markov,
  title={Markov Logic Networks},
  author={Richardson, Matthew and Domingos, Pedro},
  journal={Machine learning},
  volume={62},
  pages={107--136},
  year={2006},
  publisher={Springer}
}

@inproceedings{kimmig2012short,
  title={A Short Introduction to Probabilistic Soft Logic},
  author={Kimmig, Angelika and Bach, Stephen and Broecheler, Matthias and Huang, Bert and Getoor, Lise},
  booktitle={Proceedings of the NIPS workshop on probabilistic programming: foundations and applications},
  pages={1--4},
  year={2012}
}

@inproceedings{stewart2017label,
  title={Label-Free Supervision of Neural Networks with Physics and Domain Knowledge},
  author={Stewart, Russell and Ermon, Stefano},
  booktitle={Proceedings of the AAAI Conference on Artificial Intelligence},
  volume={31},
  number={1},
  year={2017}
}

@inproceedings{diligenti2017integrating,
  title={Integrating Prior Knowledge into Deep Learning},
  author={Diligenti, Michelangelo and Roychowdhury, Soumali and Gori, Marco},
  booktitle={International Conference on Machine Learning and Applications},
  year={2017},
}

@inproceedings{allamanis2017learning,
  title={Learning Continuous Semantic Representations of Symbolic Expressions},
  author={Allamanis, Miltiadis and Chanthirasegaran, Pankajan and Kohli, Pushmeet and Sutton, Charles},
  booktitle={ICML},
  year={2017},
}

@article{gleitman1996similar,
  title={Similar, and similar concepts},
  author={Gleitman, Lila R and Gleitman, Henry and Miller, Carol and Ostrin, Ruth},
  journal={Cognition},
  volume={58},
  number={3},
  pages={321--376},
  year={1996},
  publisher={Elsevier}
}

@article{markman1988children,
  title={Children's use of mutual exclusivity to constrain the meanings of words},
  author={Markman, Ellen M and Wachtel, Gwyn F},
  journal={Cognitive psychology},
  volume={20},
  number={2},
  pages={121--157},
  year={1988},
  publisher={Elsevier}
}

@article{miller1995wordnet,
  title={WordNet: a lexical database for English},
  author={Miller, George A},
  journal={Communications of the ACM},
  volume={38},
  number={11},
  pages={39--41},
  year={1995},
  publisher={ACM New York, NY, USA}
}

@inproceedings{3dvista,
    title={3D-VisTA: Pre-trained Transformer for 3D Vision and Text Alignment},
    author={Ziyu, Zhu and Xiaojian, Ma and Yixin, Chen and Zhidong, Deng and Siyuan, Huang and Qing, Li},
    booktitle={ICCV},
    year={2023}
}

@inproceedings{yuan2024visual,
  title={Visual programming for zero-shot open-vocabulary 3d visual grounding},
  author={Yuan, Zhihao and Ren, Jinke and Feng, Chun-Mei and Zhao, Hengshuang and Cui, Shuguang and Li, Zhen},
  booktitle={Proceedings of the IEEE/CVF Conference on Computer Vision and Pattern Recognition},
  pages={20623--20633},
  year={2024}
}

@inproceedings{feng2024naturally,
  title={Naturally supervised 3d visual grounding with language-regularized concept learners},
  author={Feng, Chun and Hsu, Joy and Liu, Weiyu and Wu, Jiajun},
  booktitle={Proceedings of the IEEE/CVF Conference on Computer Vision and Pattern Recognition},
  pages={13269--13278},
  year={2024}
}

@article{fang2024transcrib3d,
  title={Transcrib3D: 3D Referring Expression Resolution through Large Language Models},
  author={Fang, Jiading and Tan, Xiangshan and Lin, Shengjie and Vasiljevic, Igor and Guizilini, Vitor and Mei, Hongyuan and Ambrus, Rares and Shakhnarovich, Gregory and Walter, Matthew R},
  journal={arXiv preprint arXiv:2404.19221},
  year={2024}
}

@inproceedings{yang2024llm,
  title={Llm-grounder: Open-vocabulary 3d visual grounding with large language model as an agent},
  author={Yang, Jianing and Chen, Xuweiyi and Qian, Shengyi and Madaan, Nikhil and Iyengar, Madhavan and Fouhey, David F and Chai, Joyce},
  booktitle={2024 IEEE International Conference on Robotics and Automation (ICRA)},
  pages={7694--7701},
  year={2024},
  organization={IEEE}
}

@inproceedings{xuvlm,
  title={VLM-Grounder: A VLM Agent for Zero-Shot 3D Visual Grounding},
  author={Xu, Runsen and Huang, Zhiwei and Wang, Tai and Chen, Yilun and Pang, Jiangmiao and Lin, Dahua},
  booktitle={8th Annual Conference on Robot Learning}
}

@article{Gupta2022VisProg,
  title={Visual Programming: Compositional visual reasoning without training},
  author={Tanmay Gupta and Aniruddha Kembhavi},
  journal={ArXiv},
  year={2022},
  volume={abs/2211.11559}
}

@article{roziere2023code,
  title={Code llama: Open foundation models for code},
  author={Roziere, Baptiste and Gehring, Jonas and Gloeckle, Fabian and Sootla, Sten and Gat, Itai and Tan, Xiaoqing Ellen and Adi, Yossi and Liu, Jingyu and Sauvestre, Romain and Remez, Tal and others},
  journal={arXiv preprint arXiv:2308.12950},
  year={2023}
}

@article{zhu2024deepseek,
  title={DeepSeek-Coder-V2: Breaking the Barrier of Closed-Source Models in Code Intelligence},
  author={Zhu, Qihao and Guo, Daya and Shao, Zhihong and Yang, Dejian and Wang, Peiyi and Xu, Runxin and Wu, Y and Li, Yukun and Gao, Huazuo and Ma, Shirong and others},
  journal={arXiv preprint arXiv:2406.11931},
  year={2024}
}

@article{li2024r2g,
  title={R2G: Reasoning to Ground in 3D Scenes},
  author={Li, Yixuan and Wang, Zan and Liang, Wei},
  journal={arXiv preprint arXiv:2408.13499},
  year={2024}
}

@misc{gpt4o,
  title        = {{Hello GPT-4o
}},
  author       = {{OpenAI}},
  year         = 2024,
  howpublished = {\url{https://openai.com/index/hello-gpt-4o/}}
}

@article{madaan2024self,
  title={Self-refine: Iterative refinement with self-feedback},
  author={Madaan, Aman and Tandon, Niket and Gupta, Prakhar and Hallinan, Skyler and Gao, Luyu and Wiegreffe, Sarah and Alon, Uri and Dziri, Nouha and Prabhumoye, Shrimai and Yang, Yiming and others},
  journal={Advances in Neural Information Processing Systems},
  volume={36},
  year={2024}
}

@inproceedings{olausson2023self,
  title={Is Self-Repair a Silver Bullet for Code Generation?},
  author={Olausson, Theo X and Inala, Jeevana Priya and Wang, Chenglong and Gao, Jianfeng and Solar-Lezama, Armando},
  booktitle={The Twelfth International Conference on Learning Representations},
  year={2023}
}


@article{li2023scallop,
  title={Scallop: A language for neurosymbolic programming},
  author={Li, Ziyang and Huang, Jiani and Naik, Mayur},
  journal={Proceedings of the ACM on Programming Languages},
  volume={7},
  number={PLDI},
  pages={1463--1487},
  year={2023},
  publisher={ACM New York, NY, USA}
}


@article{li2023chain,
  title={Chain of code: Reasoning with a language model-augmented code emulator},
  author={Li, Chengshu and Liang, Jacky and Zeng, Andy and Chen, Xinyun and Hausman, Karol and Sadigh, Dorsa and Levine, Sergey and Fei-Fei, Li and Xia, Fei and Ichter, Brian},
  journal={arXiv preprint arXiv:2312.04474},
  year={2023}
}

@inproceedings{liang2023code,
  title={Code as policies: Language model programs for embodied control},
  author={Liang, Jacky and Huang, Wenlong and Xia, Fei and Xu, Peng and Hausman, Karol and Ichter, Brian and Florence, Pete and Zeng, Andy},
  booktitle={2023 IEEE International Conference on Robotics and Automation (ICRA)},
  pages={9493--9500},
  year={2023},
  organization={IEEE}
}

@article{ma2023eureka,
  title={Eureka: Human-level reward design via coding large language models},
  author={Ma, Yecheng Jason and Liang, William and Wang, Guanzhi and Huang, De-An and Bastani, Osbert and Jayaraman, Dinesh and Zhu, Yuke and Fan, Linxi and Anandkumar, Anima},
  journal={arXiv preprint arXiv:2310.12931},
  year={2023}
}

@inproceedings{xietext2reward,
  title={Text2Reward: Reward Shaping with Language Models for Reinforcement Learning},
  author={Xie, Tianbao and Zhao, Siheng and Wu, Chen Henry and Liu, Yitao and Luo, Qian and Zhong, Victor and Yang, Yanchao and Yu, Tao},
  booktitle={The Twelfth International Conference on Learning Representations}
}

@article{le2022coderl,
  title={Coderl: Mastering code generation through pretrained models and deep reinforcement learning},
  author={Le, Hung and Wang, Yue and Gotmare, Akhilesh Deepak and Savarese, Silvio and Hoi, Steven Chu Hong},
  journal={Advances in Neural Information Processing Systems},
  volume={35},
  pages={21314--21328},
  year={2022}
}

@article{chen2023teaching,
  title={Teaching large language models to self-debug},
  author={Chen, Xinyun and Lin, Maxwell and Sch{\"a}rli, Nathanael and Zhou, Denny},
  journal={arXiv preprint arXiv:2304.05128},
  year={2023}
}

@article{shinn2024reflexion,
  title={Reflexion: Language agents with verbal reinforcement learning},
  author={Shinn, Noah and Cassano, Federico and Gopinath, Ashwin and Narasimhan, Karthik and Yao, Shunyu},
  journal={Advances in Neural Information Processing Systems},
  volume={36},
  year={2024}
}


@article{hui2024qwen2,
  title={Qwen2. 5-Coder Technical Report},
  author={Hui, Binyuan and Yang, Jian and Cui, Zeyu and Yang, Jiaxi and Liu, Dayiheng and Zhang, Lei and Liu, Tianyu and Zhang, Jiajun and Yu, Bowen and Dang, Kai and others},
  journal={arXiv preprint arXiv:2409.12186},
  year={2024}
}


@inproceedings{radford2021learning,
  title={Learning transferable visual models from natural language supervision},
  author={Radford, Alec and Kim, Jong Wook and Hallacy, Chris and Ramesh, Aditya and Goh, Gabriel and Agarwal, Sandhini and Sastry, Girish and Askell, Amanda and Mishkin, Pamela and Clark, Jack and others},
  booktitle={International conference on machine learning},
  pages={8748--8763},
  year={2021},
  organization={PMLR}
}

@misc{jain2024odin,
      title={ODIN: A Single Model for 2D and 3D Perception}, 
      author={Ayush Jain and Pushkal Katara and Nikolaos Gkanatsios and Adam W. Harley and Gabriel Sarch and Kriti Aggarwal and Vishrav Chaudhary and Katerina Fragkiadaki},
      year={2024},
      eprint={2401.02416},
      archivePrefix={arXiv},
      primaryClass={cs.CV}
}

@misc{yang2023llmgrounder,
      title={LLM-Grounder: Open-Vocabulary 3D Visual Grounding with Large Language Model as an Agent}, 
      author={Jianing Yang and Xuweiyi Chen and Shengyi Qian and Nikhil Madaan and Madhavan Iyengar and David F. Fouhey and Joyce Chai},
      year={2023},
      eprint={2309.12311},
      archivePrefix={arXiv},
      primaryClass={cs.CV}
}

@article{huang2024chat,
  title={Chat-scene: Bridging 3d scene and large language models with object identifiers},
  author={Huang, Haifeng and Chen, Yilun and Wang, Zehan and Huang, Rongjie and Xu, Runsen and Wang, Tai and Liu, Luping and Cheng, Xize and Zhao, Yang and Pang, Jiangmiao and others},
  journal={Proceedings of the Advances in Neural Information Processing Systems, Vancouver, BC, Canada},
  year={2024}
}
@article{wang2023chat,
  title={Chat-3d: Data-efficiently tuning large language model for universal dialogue of 3d scenes},
  author={Wang, Zehan and Huang, Haifeng and Zhao, Yang and Zhang, Ziang and Zhao, Zhou},
  journal={arXiv preprint arXiv:2308.08769},
  year={2023}
}

@article{chen2022language,
  title={Language conditioned spatial relation reasoning for 3d object grounding},
  author={Chen, Shizhe and Guhur, Pierre-Louis and Tapaswi, Makarand and Schmid, Cordelia and Laptev, Ivan},
  journal={Advances in neural information processing systems},
  volume={35},
  pages={20522--20535},
  year={2022}
}
@article{bakr2023cot3dref,
  title={CoT3DRef: Chain-of-Thoughts Data-Efficient 3D Visual Grounding},
  author={Bakr, Eslam Mohamed and Ayman, Mohamed and Ahmed, Mahmoud and Slim, Habib and Elhoseiny, Mohamed},
  journal={arXiv preprint arXiv:2310.06214},
  year={2023}
}
@inproceedings{wu2023eda,
  title={Eda: Explicit text-decoupling and dense alignment for 3d visual grounding},
  author={Wu, Yanmin and Cheng, Xinhua and Zhang, Renrui and Cheng, Zesen and Zhang, Jian},
  booktitle={Proceedings of the IEEE/CVF Conference on Computer Vision and Pattern Recognition},
  pages={19231--19242},
  year={2023}
}

@article{wu2024inference,
  title={Inference scaling laws: An empirical analysis of compute-optimal inference for problem-solving with language models},
  author={Wu, Yangzhen and Sun, Zhiqing and Li, Shanda and Welleck, Sean and Yang, Yiming},
  journal={arXiv preprint arXiv:2408.00724},
  year={2024}
}


@article{csvg,
      title={Solving Zero-Shot 3D Visual Grounding as Constraint Satisfaction Problems}, 
      author={Yuan, Qihao and Zhang, Jiaming and Li, Kailai and Stiefelhagen, Rainer},
      journal={arXiv preprint arXiv:2411.14594},
      year={2024}
}
@article{li2024seeground,
  title   = {SeeGround: See and Ground for Zero-Shot Open-Vocabulary 3D Visual Grounding},
  author  = {Rong Li and Shijie Li and Lingdong Kong and Xulei Yang and Junwei Liang},
  journal = {arXiv preprint arXiv:2412.04383},
  year    = {2024},
}

@article{zhou2024programming,
  title={Programming every example: Lifting pre-training data quality like experts at scale},
  author={Zhou, Fan and Wang, Zengzhi and Liu, Qian and Li, Junlong and Liu, Pengfei},
  journal={arXiv preprint arXiv:2409.17115},
  year={2024}
}

@inproceedings{gupta2023visual,
  title={Visual Programming: Compositional visual reasoning without training},
  author={Gupta, Tanmay and Kembhavi, Aniruddha},
  booktitle={2023 IEEE/CVF Conference on Computer Vision and Pattern Recognition (CVPR)},
  pages={14953--14962},
  year={2023},
  organization={IEEE}
}
