@article{anwar2020deep,
  title={A deep journey into super-resolution: A survey},
  author={Anwar, Saeed and Khan, Salman and Barnes, Nick},
  journal={ACM Computing Surveys (CSUR)},
  volume={53},
  number={3},
  pages={1--34},
  year={2020},
  publisher={ACM New York, NY, USA}
}

@inproceedings{chira2023image,
  title={Image super-resolution with deep variational autoencoders},
  author={Chira, Darius and Haralampiev, Ilian and Winther, Ole and Dittadi, Andrea and Li{\'e}vin, Valentin},
  booktitle={Computer Vision--ECCV 2022 Workshops: Tel Aviv, Israel, October 23--27, 2022, Proceedings, Part II},
  pages={395--411},
  year={2023},
  organization={Springer}
}

@inproceedings{dong2014learning,
  title={Learning a deep convolutional network for image super-resolution},
  author={Dong, Chao and Loy, Chen Change and He, Kaiming and Tang, Xiaoou},
  booktitle={Computer Vision},
  pages={184--199},
  year={2014},
  organization={Springer}
}

@article{duchon1979lanczos,
  title={Lanczos filtering in one and two dimensions},
  author={Duchon, Claude E},
  journal={Journal of Applied Meteorology and Climatology},
  volume={18},
  number={8},
  pages={1016--1022},
  year={1979}
}

@inproceedings{fu2022kxnet,
  title={KXNet: A model-driven deep neural network for blind super-resolution},
  author={Fu, Jiahong and Wang, Hong and Xie, Qi and Zhao, Qian and Meng, Deyu and Xu, Zongben},
  booktitle={European Conference on Computer Vision},
  pages={235--253},
  year={2022},
  organization={Springer}
}

@inproceedings{goering2018Deimeq,
  title={deimeq -- A Deep Neural Network Based Hybrid No-reference Image Quality Model},
  author={Steve G{\"{o}}ring and Alexander Raake},
  booktitle={7th European Workshop on Visual Information Processing (EUVIP)},
  pages={1--6},
  year={2018},
  url={https://ieeexplore.ieee.org/document/8611703},
  organization={IEEE}
}

@INPROCEEDINGS{goering2023aiquality,
  author={Steve {G{\"o}ring} and Rakesh {Rao Ramachandra Rao} and Alexander Raake},
  title="Appeal and quality assessment for AI-generated images",
  booktitle="15th International Conference on Quality of Multimedia Experience (QoMEX)",
  year={2023},
}

@inproceedings{ha2018deep,
  title={Deep learning based single image super-resolution: A survey},
  author={Ha, Viet Khanh and Ren, Jinchang and Xu, Xinying and Zhao, Sophia and Xie, Gang and Vargas, Valentin Masero},
  booktitle={Advances in Brain Inspired Cognitive Systems: 9th International Conference, BICS 2018, Xi'an, China, July 7-8, 2018, Proc. 9},
  pages={106--119},
  year={2018},
  organization={Springer}
}

@misc{idealods2018imagequalityassessment,
  title={Image Quality Assessment},
  author={Christopher Lennan and Hao Nguyen and Dat Tran},
  year={2018},
  howpublished={\url{https://github.com/idealo/image-quality-assessment}}
}

@inproceedings{kim2016accurate,
  title={Accurate image super-resolution using very deep convolutional networks},
  author={Kim, Jiwon and Lee, Jung Kwon and Lee, Kyoung Mu},
  booktitle={Proceedings of the IEEE conference on computer vision and pattern recognition},
  pages={1646--1654},
  year={2016}
}

@inproceedings{ledig2017photo,
  title={Photo-realistic single image super-resolution using a generative adversarial network},
  author={Ledig, Christian and Theis, Lucas and Husz{\'a}r, Ferenc and Caballero, Jose and Cunningham, Andrew and Acosta, Alejandro and Aitken, Andrew and Tejani, Alykhan and Totz, Johannes and Wang, Zehan and others},
  booktitle={Conference on computer vision and pattern recognition},
  pages={4681--4690},
  year={2017}
}

@inproceedings{shi2016real,
  title={Real-time single image and video super-resolution using an efficient sub-pixel convolutional neural network},
  author={Shi, Wenzhe and Caballero, Jose and Husz{\'a}r, Ferenc and Totz, Johannes and Aitken, Andrew P and Bishop, Rob and Rueckert, Daniel and Wang, Zehan},
  booktitle={Proceedings of the IEEE conference on computer vision and pattern recognition},
  pages={1874--1883},
  year={2016}
}

@article{singh2020survey,
  title={Survey on single image based super-resolutionimplementation challenges and solutions},
  author={Singh, Amanjot and Singh, Jagroop},
  journal={Multimedia Tools and Applications},
  volume={79},
  pages={1641--1672},
  year={2020},
  publisher={Springer}
}

@inproceedings{su2020blindly,
  title={Blindly assess image quality in the wild guided by a self-adaptive hyper network},
  author={Su, Shaolin and Yan, Qingsen and Zhu, Yu and Zhang, Cheng and Ge, Xin and Sun, Jinqiu and Zhang, Yanning},
  booktitle={Proceedings of the IEEE/CVF conference on computer vision and pattern recognition},
  pages={3667--3676},
  year={2020}
}

@inproceedings{tai2017memnet,
  title={Memnet: A persistent memory network for image restoration},
  author={Tai, Ying and Yang, Jian and Liu, Xiaoming and Xu, Chunyan},
  booktitle={Proceedings of the IEEE International conference on computer vision},
  pages={4539--4547},
  year={2017}
}

@article{van2006image,
  title={Image super-resolution survey},
  author={Van Ouwerkerk, JD},
  journal={Image and vision Computing},
  volume={24},
  number={10},
  pages={1039--1052},
  year={2006},
  publisher={Elsevier}
}

@online{waifu2x,
  author = {nagadomi},
    title = {waifu2x -- \url{https://github.com/nagadomi/waifu2x}}
}

@InProceedings{wang2021realesrgan,
    author    = {Xintao Wang and Liangbin Xie and Chao Dong and Ying Shan},
    title     = {Real-ESRGAN: Training Real-World Blind Super-Resolution with Pure Synthetic Data},
    booktitle={Proceedings of the IEEE/CVF international conference on computer vision},
    date      = {2021}
}

@inproceedings{yue2022blind,
  title={Blind image super-resolution with elaborate degradation modeling on noise and kernel},
  author={Yue, Zongsheng and Zhao, Qian and Xie, Jianwen and Zhang, Lei and Meng, Deyu and Wong, Kwan-Yee K},
  booktitle={Proceedings of the IEEE/CVF Conference on Computer Vision and Pattern Recognition},
  pages={2128--2138},
  year={2022}
}

@article{zhang2020blind,
  title={Blind Image Quality Assessment Using A Deep Bilinear Convolutional Neural Network},
  author={Zhang, Weixia and Ma, Kede and Yan, Jia and Deng, Dexiang and Wang, Zhou},
  journal={Transaction on Circuits and Systems for Video Technology},
  volume={30},
  number={1},
  pages={36--47},
  year={2020}
}

@inproceedings{zhang2021designing,
  title={Designing a practical degradation model for deep blind image super-resolution},
  author={Zhang, Kai and Liang, Jingyun and Van Gool, Luc and Timofte, Radu},
  booktitle={Proceedings of the IEEE/CVF International Conference on Computer Vision},
  pages={4791--4800},
  year={2021}
}

