@INPROCEEDINGS{goering2023aiquality,
  author={Steve {G{\"o}ring} and Rakesh {Rao Ramachandra Rao} and Alexander Raake},
  title="Appeal and quality assessment for AI-generated images",
  booktitle="15th International Conference on Quality of Multimedia Experience (QoMEX)",
  year={2023},
}
@article{goering2023imageappeal,
  title={Image Appeal Revisited: Analysis, new Dataset and Prediction Models},
  author={Steve G\"oring and Alexander Raake},
  journal={IEEE Access},
  year={2023},
  publisher={IEEE},
  volume={11},
  number={},
  pages={69563-69585},
  doi={10.1109/ACCESS.2023.3292588},
}
@inproceedings{goering2023ruleext,
  author={Steve {G{\"o}ring} and Rasmus Merten and Alexander Raake},
  title="DNN-based Photography Rule Prediction using Photo Tags",
  booktitle="15th International Conference on Quality of Multimedia Experience (QoMEX)",
  year={2023},
}


@article{goering2023ai,
  title={Analysis of Appeal for realistic AI-generated Photos},
  author={Steve G\"oring and Rakesh {Rao Ramachandra Rao} and Rasmus Merten and Alexander Raake},
  journal={IEEE Access},
  year={2023},
  url={https://doi.org/10.1109/ACCESS.2023.3267968},
  volume={11},
  number={},
  pages={38999-39012},
  doi={10.1109/ACCESS.2023.3267968}
}




@inproceedings{pinson2003comparing,
  author       = {Pinson, Margaret H and Wolf, Stephen},
  organization = {Int. Society for Optics and Photonics},
  booktitle    = {Visual Communications and Image Processing 2003},
  date         = {2003},
  pages        = {573--582},
  title        = {Comparing subjective video quality testing methodologies},
  volume       = {5150},
}

@article{mittal2012no,
  title={No-reference image quality assessment in the spatial domain},
  author={Mittal, Anish and Moorthy, Anush Krishna and Bovik, Alan Conrad},
  journal={IEEE Transactions on image processing},
  volume={21},
  number={12},
  pages={4695--4708},
  year={2012},
  publisher={IEEE}
}

@article{zhang2015feature,
  title={A feature-enriched completely blind image quality evaluator},
  author={Zhang, Lin and Zhang, Lei and Bovik, Alan C},
  journal={IEEE Transactions on Image Processing},
  volume={24},
  number={8},
  pages={2579--2591},
  year={2015},
  publisher={IEEE}
}

@inproceedings{hasler2003measuring,
  title={Measuring colorfulness in natural images},
  author={Hasler, David and Suesstrunk, Sabine E},
  booktitle={Human vision and electronic imaging VIII},
  volume={5007},
  pages={87--95},
  year={2003},
  organization={SPIE}
}

@article{aydin2014automated,
  title={Automated aesthetic analysis of photographic images},
  author={Ayd{\i}n, Tun{\c{c}} Ozan and Smolic, Aljoscha and Gross, Markus},
  journal={IEEE transactions on visualization and computer graphics},
  volume={21},
  number={1},
  pages={31--42},
  year={2014},
  publisher={IEEE}
}

@article{goering2021pixel,
  title={Modular Framework and Instances of Pixel-based Video Quality Models for UHD-1/4K},
  author={Steve G\"oring and Rakesh {Rao Ramachandra Rao} and Bernhard Feiten and Alexander Raake},
  journal={IEEE Access},
  volume={9},
  pages={31842-31864},
  year={2021},
  publisher={IEEE},
  doi={10.1109/ACCESS.2021.3059932},
  url={https://ieeexplore.ieee.org/document/9355144},
  code={https://github.com/Telecommunication-Telemedia-Assessment/pixelmodels}
}

@article{recommendation2008p,
  author       = {Recommendation, ITUT},
  date         = {2008},
  journaltitle = {Int. Telecommunication Union, Tech. Rep},
  title        = {P.910, Subjective video quality assessment methods for multimedia applications,}
}

@article{narvekar2011no,
  title={A no-reference image blur metric based on the cumulative probability of blur detection (CPBD)},
  author={Narvekar, Niranjan D and Karam, Lina J},
  journal={IEEE Transactions on Image Processing},
  volume={20},
  number={9},
  pages={2678--2683},
  year={2011},
  publisher={IEEE}
}

@inproceedings{crete2007blur,
  title={The blur effect: perception and estimation with a new no-reference perceptual blur metric},
  author={Crete, Frederique and Dolmiere, Thierry and Ladret, Patricia and Nicolas, Marina},
  booktitle={Human vision and electronic imaging XII},
  volume={6492},
  pages={196--206},
  year={2007},
  organization={SPIE}
}

@article{scikit-image,
 title = {scikit-image: image processing in {P}ython},
 author = {van der Walt, {S}t\'efan and {S}ch\"onberger, {J}ohannes {L}. and
           {Nunez-Iglesias}, {J}uan and {B}oulogne, {F}ran\c{c}ois and {W}arner,
           {J}oshua {D}. and {Y}ager, {N}eil and {G}ouillart, {E}mmanuelle and
           {Y}u, {T}ony and the scikit-image contributors},
 year = {2014},
 month = {6},
 keywords = {Image processing, Reproducible research, Education,
             Visualization, Open source, Python, Scientific programming},
 volume = {2},
 pages = {e453},
 journal = {PeerJ},
 issn = {2167-8359},
 url = {https://doi.org/10.7717/peerj.453},
 doi = {10.7717/peerj.453}
}

@article{scikit-learn,
 title={Scikit-learn: Machine Learning in Python},
 author={Pedregosa, F. and Varoquaux, G. and Gramfort, A. and Michel, V.
         and Thirion, B. and Grisel, O. and Blondel, M. and Prettenhofer, P.
         and Weiss, R. and Dubourg, V. and Vanderplas, J. and Passos, A. and
         Cournapeau, D. and Brucher, M. and Perrot, M. and Duchesnay, E.},
 journal={Journal of Machine Learning Research},
 volume={12},
 pages={2825--2830},
 year={2011}
}

@online{aigenerators,
  author  = {Mike Wolfe},
  url     = {https://towardsdatascience.com/the-emerging-world-of-ai-generated-images-48228c697ee9},
  date    = {2022},
  title   = {The Emerging World Of AI Generated Images},
  urldate = {2022-11-15}
}

@online{dallemini,
  author  = {Boris Dayma and Suraj Patil and Pedro Cuenca and Khalid Saifullah and Tanishq Abraham and Phuc Le and Luke and Ritobrata Ghosh},
  url     = {https://wandb.ai/dalle-mini/dalle-mini/reports/DALL-E-Mini-Explained--Vmlldzo4NjIxODA},
  date    = {2022},
  title   = {DALL-E Mini Explained},
  urldate = {2022-11-15}
}

@misc{pyiqa,
  title={{IQA-PyTorch}: PyTorch Toolbox for IQA},
  author={Chaofeng Chen and Jiadi Mo},
  year={2023},
  howpublished = "\url{https://github.com/chaofengc/IQA-PyTorch}"
}

@article{lewis2019bart,
  title={Bart: Denoising sequence-to-sequence pre-training for natural language generation, translation, and comprehension},
  author={Lewis, Mike and Liu, Yinhan and Goyal, Naman and Ghazvininejad, Marjan and Mohamed, Abdelrahman and Levy, Omer and Stoyanov, Ves and Zettlemoyer, Luke},
  journal={arXiv preprint arXiv:1910.13461},
  year={2019}
}

@inproceedings{esser2021taming,
  title={Taming transformers for high-resolution image synthesis},
  author={Esser, Patrick and Rombach, Robin and Ommer, Bjorn},
  booktitle={Proceedings of the IEEE/CVF conference on computer vision and pattern recognition},
  pages={12873--12883},
  year={2021}
}

@inproceedings{radford2021learning,
  title={Learning transferable visual models from natural language supervision},
  author={Radford, Alec and Kim, Jong Wook and Hallacy, Chris and Ramesh, Aditya and Goh, Gabriel and Agarwal, Sandhini and Sastry, Girish and Askell, Amanda and Mishkin, Pamela and Clark, Jack and others},
  booktitle={International conference on machine learning},
  pages={8748--8763},
  year={2021},
  organization={PMLR}
}

@inproceedings{yang2022maniqa,
  title={Maniqa: Multi-dimension attention network for no-reference image quality assessment},
  author={Yang, Sidi and Wu, Tianhe and Shi, Shuwei and Lao, Shanshan and Gong, Yuan and Cao, Mingdeng and Wang, Jiahao and Yang, Yujiu},
  booktitle={Proceedings of the IEEE/CVF Conference on Computer Vision and Pattern Recognition},
  pages={1191--1200},
  year={2022}
}

@article{zhang2020blind,
  title={Blind Image Quality Assessment Using A Deep Bilinear Convolutional Neural Network},
  author={Zhang, Weixia and Ma, Kede and Yan, Jia and Deng, Dexiang and Wang, Zhou},
  journal={Transaction on Circuits and Systems for Video Technology},
  volume={30},
  number={1},
  pages={36--47},
  year={2020}
}

@inproceedings{ke2021musiq,
  title={Musiq: Multi-scale image quality transformer},
  author={Ke, Junjie and Wang, Qifei and Wang, Yilin and Milanfar, Peyman and Yang, Feng},
  booktitle={Proceedings of the IEEE/CVF Int. Conference on Computer Vision},
  pages={5148--5157},
  year={2021}
}

@article{mittal2012making,
  title={Making a completely blind image quality analyzer},
  author={Mittal, Anish and Soundararajan, Rajiv and Bovik, Alan C},
  journal={IEEE Signal processing letters},
  volume={20},
  number={3},
  pages={209--212},
  year={2012},
  publisher={IEEE}
}

@inproceedings{goering2021voyager,
  title={AVRate Voyager: an open source online testing platform},
  author={Steve G\"oring and Rakesh {Rao Ramachandra Rao} and Stephan Fremerey and Alexander Raake},
  year={2021},
  booktitle={23rd International Workshop on Multimedia Signal Processing (MMSP)},
  pages={1--6},
  organization={IEEE}
}

@article{pavlichenko2022best,
  title={Best Prompts for Text-to-Image Models and How to Find Them},
  author={Pavlichenko, Nikita and Ustalov, Dmitry},
  journal={arXiv:2209.11711},
  year={2022}
}

@article{saharia2022photorealistic,
  title={Photorealistic Text-to-Image Diffusion Models with Deep Language Understanding},
  author={Saharia, Chitwan and Chan, William and Saxena, Saurabh and Li, Lala and Whang, Jay and Denton, Emily and Ghasemipour, Seyed Kamyar Seyed and Ayan, Burcu Karagol and Mahdavi, S Sara and Lopes, Rapha Gontijo and others},
  journal={arXiv preprint arXiv:2205.11487},
  year={2022}
}

@misc{Dayma_DALL-E_Mini_2021,
      author={Dayma, Boris and Patil, Suraj and Cuenca, Pedro and Saifullah, Khalid and Abraham, Tanishq and L{\^e} Khac, Ph{\'u}c and Melas, Luke and Ghosh, Ritobrata},
      doi = {10.5281/zenodo.5146400},
      month = {7},
      title = {DALLE Mini},
      url = {https://github.com/borisdayma/dalle-mini},
      year = {2021}
}

@article{nichol2021glide,
  title={Glide: Towards photorealistic image generation and editing with text-guided diffusion models},
  author={Nichol, Alex and Dhariwal, Prafulla and Ramesh, Aditya and Shyam, Pranav and Mishkin, Pamela and McGrew, Bob and Sutskever, Ilya and Chen, Mark},
  journal={arXiv preprint arXiv:2112.10741},
  year={2021}
}

@misc{rombach2021highresolution,
      title={High-Resolution Image Synthesis with Latent Diffusion Models},
      author={Robin Rombach and Andreas Blattmann and Dominik Lorenz and Patrick Esser and Bjrn Ommer},
      year={2021},
      eprint={2112.10752},
      archivePrefix={arXiv},
      primaryClass={cs.CV}
}

@InProceedings{wang2021realesrgan,
    author    = {Xintao Wang and Liangbin Xie and Chao Dong and Ying Shan},
    title     = {Real-ESRGAN: Training Real-World Blind Super-Resolution with Pure Synthetic Data},
    booktitle={Proceedings of the IEEE/CVF international conference on computer vision},
    date      = {2021}
}

@misc{idealods2018imagequalityassessment,
  title={Image Quality Assessment},
  author={Christopher Lennan and Hao Nguyen and Dat Tran},
  year={2018},
  howpublished={\url{https://github.com/idealo/image-quality-assessment}}
}

@inproceedings{goering2018Deimeq,
  title={deimeq -- A Deep Neural Network Based Hybrid No-reference Image Quality Model},
  author={Steve G{\"{o}}ring and Alexander Raake},
  booktitle={7th European Workshop on Visual Information Processing (EUVIP)},
  pages={1--6},
  year={2018},
  url={https://ieeexplore.ieee.org/document/8611703},
  organization={IEEE}
}

@inproceedings{goering2021rules,
  author={Steve {G{\"o}ring} and Alexander Raake},
  title="Rule of Thirds and Simplicity for Image Aesthetics using Deep Neural Networks",
  year={2021},
  booktitle={23rd International Workshop on Multimedia Signal Processing (MMSP)},
  pages={1--6},
  organization={IEEE}
}

@article{liu2021fusedream,
  title={Fusedream: Training-free text-to-image generation with improved clip+ gan space optimization},
  author={Liu, Xingchao and Gong, Chengyue and Wu, Lemeng and Zhang, Shujian and Su, Hao and Liu, Qiang},
  journal={arXiv preprint arXiv:2112.01573},
  year={2021}
}

@inproceedings{lin2014microsoft,
  title={Microsoft coco: Common objects in context},
  author={Lin, Tsung-Yi and Maire, Michael and Belongie, Serge and Hays, James and Perona, Pietro and Ramanan, Deva and Doll{\'a}r, Piotr and Zitnick, C Lawrence},
  booktitle={European conference on computer vision},
  year={2014},
  organization={Springer}
}

@article{dosovitskiy2020image,
  title={An image is worth 16x16 words: Transformers for image recognition at scale},
  author={Dosovitskiy, Alexey and Beyer, Lucas and Kolesnikov, Alexander and Weissenborn, Dirk and Zhai, Xiaohua and Unterthiner, Thomas and Dehghani, Mostafa and Minderer, Matthias and Heigold, Georg and Gelly, Sylvain and others},
  journal={arXiv preprint arXiv:2010.11929},
  year={2020}
}

@article{yu2022scaling,
  title={Scaling autoregressive models for content-rich text-to-image generation},
  author={Yu, Jiahui and Xu, Yuanzhong and Koh, Jing Yu and Luong, Thang and Baid, Gunjan and Wang, Zirui and Vasudevan, Vijay and Ku, Alexander and Yang, Yinfei and Ayan, Burcu Karagol and others},
  journal={arXiv preprint arXiv:2206.10789},
  year={2022}
}

@article{huang2022analysis,
  title={Analysis of Text-to-Image AI Generators},
  author={Huang, Ziya},
  year={2022}
}

@article{chen2022re,
  title={Re-Imagen: Retrieval-Augmented Text-to-Image Generator},
  author={Chen, Wenhu and Hu, Hexiang and Saharia, Chitwan and Cohen, William W},
  journal={arXiv preprint arXiv:2209.14491},
  year={2022}
}

@inproceedings{sheng2018attention,
  title={Attention-based multi-patch aggregation for image aesthetic assessment},
  author={Sheng, Kekai and Dong, Weiming and Ma, Chongyang and Mei, Xing and Huang, Feiyue and Hu, Bao-Gang},
  booktitle={Proceedings of the 26th ACM international conference on Multimedia},
  pages={879--886},
  year={2018}
}

@inproceedings{ling2020subjective,
  title={A subjective study of multi-dimensional aesthetic assessment for mobile game image},
  author={Ling, Suiyi and Wang, Junle and Huang, Wenming and Guo, Yundi and Zhang, Like and Jing, Yanqing and Le Callet, Patrick},
  booktitle={Proceedings of the 1st workshop on quality of experience (QoE) in visual multimedia applications},
  pages={47--53},
  year={2020}
}

@inproceedings{lei2021multi,
  title={Multi-Modal Aesthetic Assessment for Mobile Gaming Image},
  author={Lei, Zhenyu and Xie, Yejing and Ling, Suiyi and Pastor, Andreas and Wang, Junle and Dong, Junyu and Le Callet, Patrick},
  booktitle={23rd International Workshop on Multimedia Signal Processing (MMSP)},
  pages={1--5},
  year={2021},
  organization={IEEE}
}

@inproceedings{murray2012ava,
  title={AVA: A large-scale database for aesthetic visual analysis},
  author={Murray, Naila and Marchesotti, Luca and Perronnin, Florent},
  booktitle={Conference on computer vision and pattern recognition},
  pages={2408--2415},
  year={2012},
  organization={IEEE}
}

@inproceedings{hossfeld2011sos,
  title={SOS: The MOS is not enough!},
  author={Ho{\ss}feld, Tobias and Schatz, Raimund and Egger, Sebastian},
  booktitle={3rd International Workshop on Quality of Multimedia Experience (QoMEX)},
  pages={131--136},
  year={2011},
  organization={IEEE}
}

@inproceedings{siahaan2014beauty,
  title={Beauty is in the scale of the beholder: Comparison of methodologies for the subjective assessment of image aesthetic appeal},
  author={Siahaan, Ernestasia and Redi, Judith A and Hanjalic, Alan},
  booktitle={6th International Workshop on Quality of Multimedia Experience (QoMEX)},
  pages={245--250},
  year={2014},
  organization={IEEE}
}

@article{goeringrao2023crowd,
  title={Quality assessment of higher resolution images and videos with remote testing},
  author={G{\"o}ring, Steve and Rao, Rakesh Rao Ramachandra and Raake, Alexander},
  journal={Quality and User Experience (QUEX)},
  volume={8},
  number={1},
  pages={2},
  year={2023},
  publisher={Springer}
}

@inproceedings{rao2021crowdvideo,
  author={Rakesh {Rao Ramachandra Rao} and Steve {G{\"o}ring} and Alexander Raake},
  title="Towards High Resolution Video Quality Assessment in the Crowd",
  booktitle="13th International Conference on Quality of Multimedia Experience (QoMEX)",
  pages={1--6},
  year={2021},
  url={https://ieeexplore.ieee.org/document/9465425}
}

@inproceedings{ponomarenko2013new,
  title={A new color image database TID2013: Innovations and results},
  author={Ponomarenko, Nikolay and Ieremeiev, Oleg and Lukin, Vladimir and Jin, Lina and Egiazarian, Karen and Astola, Jaakko and Vozel, Benoit and Chehdi, Kacem and Carli, Marco and Battisti, Federica and others},
  booktitle={Advanced Concepts for Intelligent Vision Systems: 15th International Conference, ACIVS 2013, Pozna{\'n}, Poland, October 28-31, 2013. Proceedings 15},
  pages={402--413},
  year={2013},
  organization={Springer}
}


@inproceedings{pathak2016context,
  title={Context encoders: Feature learning by inpainting},
  author={Pathak, Deepak and Krahenbuhl, Philipp and Donahue, Jeff and Darrell, Trevor and Efros, Alexei A},
  booktitle={Proceedings of the IEEE conference on computer vision and pattern recognition},
  pages={2536--2544},
  year={2016}
}


@article{salmona2022deoldify,
  title={Deoldify: A review and implementation of an automatic colorization method},
  author={Salmona, Antoine and Bouza, Luc{\'\i}a and Delon, Julie},
  journal={Image Processing On Line},
  volume={12},
  pages={347--368},
  year={2022}
}


@inproceedings{fu2022kxnet,
  title={KXNet: A model-driven deep neural network for blind super-resolution},
  author={Fu, Jiahong and Wang, Hong and Xie, Qi and Zhao, Qian and Meng, Deyu and Xu, Zongben},
  booktitle={European Conference on Computer Vision},
  pages={235--253},
  year={2022},
  organization={Springer}
}

@article{dong2015image,
  title={Image super-resolution using deep convolutional networks},
  author={Dong, Chao and Loy, Chen Change and He, Kaiming and Tang, Xiaoou},
  journal={transactions on pattern analysis and machine intelligence},
  volume={38},
  number={2},
  pages={295--307},
  year={2015},
  publisher={IEEE}
}

@inproceedings{zhang2021designing,
  title={Designing a practical degradation model for deep blind image super-resolution},
  author={Zhang, Kai and Liang, Jingyun and Van Gool, Luc and Timofte, Radu},
  booktitle={Proceedings of the IEEE/CVF International Conference on Computer Vision},
  pages={4791--4800},
  year={2021}
}

@inproceedings{ronneberger2015u,
  title={U-net: Convolutional networks for biomedical image segmentation},
  author={Ronneberger, Olaf and Fischer, Philipp and Brox, Thomas},
  booktitle={18th International Conference of Medical Image Computing and Computer-Assisted Intervention (MICCAI)},
  pages={234--241},
  year={2015},
  organization={Springer}
}

@inproceedings{wang2018esrgan,
  title={Esrgan: Enhanced super-resolution generative adversarial networks},
  author={Wang, Xintao and Yu, Ke and Wu, Shixiang and Gu, Jinjin and Liu, Yihao and Dong, Chao and Qiao, Yu and Change Loy, Chen},
  booktitle={Proceedings of the European conference on computer vision (ECCV) workshops},
  year={2018}
}

@inproceedings{chira2023image,
  title={Image super-resolution with deep variational autoencoders},
  author={Chira, Darius and Haralampiev, Ilian and Winther, Ole and Dittadi, Andrea and Li{\'e}vin, Valentin},
  booktitle={Computer Vision--ECCV 2022 Workshops: Tel Aviv, Israel, October 23--27, 2022, Proceedings, Part II},
  pages={395--411},
  year={2023},
  organization={Springer}
}


@online{waifu2x,
  author = {nagadomi},
    title = {waifu2x -- \url{https://github.com/nagadomi/waifu2x}}
}

@software{imagemagick,
  author = {{ImageMagick Studio LLC}},
  title = {ImageMagick},
  url = {https://imagemagick.org},
  version = {7.0.10},
  date = {2023-01-04},
}

@article{laine2019high,
  title={High-quality self-supervised deep image denoising},
  author={Laine, Samuli and Karras, Tero and Lehtinen, Jaakko and Aila, Timo},
  journal={Advances in Neural Information Processing Systems},
  volume={32},
  year={2019}
}

@article{zhang2022practical,
  title={Practical blind denoising via swin-conv-unet and data synthesis},
  author={Zhang, Kai and Li, Yawei and Liang, Jingyun and Cao, Jiezhang and Zhang, Yulun and Tang, Hao and Timofte, Radu and Van Gool, Luc},
  journal={arXiv preprint},
  year={2022}
}

@article{ILSVRC15,
Author = {Olga Russakovsky and Jia Deng and Hao Su and Jonathan Krause and Sanjeev Satheesh and Sean Ma and Zhiheng Huang and Andrej Karpathy and Aditya Khosla and Michael Bernstein and Alexander C. Berg and Li Fei-Fei},
Title = {{ImageNet Large Scale Visual Recognition Challenge}},
Year = {2015},
journal={International journal of computer vision},
doi = {10.1007/s11263-015-0816-y},
volume={115},
number={3},
pages={211-252}
}
@incollection{torrey2010transfer,
  title={Transfer learning},
  author={Torrey, Lisa and Shavlik, Jude},
  booktitle={Handbook of research on machine learning applications and trends: algorithms, methods, and techniques},
  pages={242--264},
  year={2010},
  publisher={IGI global}
}
@misc{chollet2015keras,
  title={Keras},
  author={Chollet, Fran\c{c}ois and others},
  year={2015},
  howpublished={\url{https://keras.io}}
}
@inproceedings{goering2019cencro,
    author = {Steve G\"oring and Christopher Kr\"ammer and Alexander Raake},
    title = {cencro -- Speedup of Video Quality Calculation using Center Cropping},
    booktitle={21st  International Symposium on Multimedia (ISM)},
    organization={IEEE},
    year = {2019},
    pages={1-8},
    volume={},
    month={12}
}



@inproceedings{su2020blindly,
  title={Blindly assess image quality in the wild guided by a self-adaptive hyper network},
  author={Su, Shaolin and Yan, Qingsen and Zhu, Yu and Zhang, Cheng and Ge, Xin and Sun, Jinqiu and Zhang, Yanning},
  booktitle={Proceedings of the IEEE/CVF conference on computer vision and pattern recognition},
  pages={3667--3676},
  year={2020}
}

@inproceedings{kang2014convolutional,
  title={Convolutional neural networks for no-reference image quality assessment},
  author={Kang, Le and Ye, Peng and Li, Yi and Doermann, David},
  booktitle={Proceedings of the IEEE conference on computer vision and pattern recognition},
  pages={1733--1740},
  year={2014}
}

@inproceedings{ying2020patches,
  title={From patches to pictures (PaQ-2-PiQ): Mapping the perceptual space of picture quality},
  author={Ying, Zhenqiang and Niu, Haoran and Gupta, Praful and Mahajan, Dhruv and Ghadiyaram, Deepti and Bovik, Alan},
  booktitle={Proceedings of the IEEE/CVF conference on computer vision and pattern recognition},
  pages={3575--3585},
  year={2020}
}

@inproceedings{huang2017densely,
  title={Densely connected convolutional networks},
  author={Huang, Gao and Liu, Zhuang and Van Der Maaten, Laurens and Weinberger, Kilian Q},
  booktitle={Proceedings of the IEEE conference on computer vision and pattern recognition},
  pages={4700--4708},
  year={2017}
}

@inproceedings{he2016deep,
  title={Deep residual learning for image recognition},
  author={He, Kaiming and Zhang, Xiangyu and Ren, Shaoqing and Sun, Jian},
  booktitle={Proceedings of the IEEE conference on computer vision and pattern recognition},
  pages={770--778},
  year={2016}
}

@inproceedings{szegedy2017inception,
  title={Inception-v4, inception-resnet and the impact of residual connections on learning},
  author={Szegedy, Christian and Ioffe, Sergey and Vanhoucke, Vincent and Alemi, Alexander},
  booktitle={Proceedings of the AAAI conference on artificial intelligence},
  volume={31},
  number={1},
  year={2017}
}

@inproceedings{sandler2018mobilenetv2,
  title={Mobilenetv2: Inverted residuals and linear bottlenecks},
  author={Sandler, Mark and Howard, Andrew and Zhu, Menglong and Zhmoginov, Andrey and Chen, Liang-Chieh},
  booktitle={Proceedings of the IEEE conference on computer vision and pattern recognition},
  pages={4510--4520},
  year={2018}
}

@inproceedings{ha2018deep,
  title={Deep learning based single image super-resolution: A survey},
  author={Ha, Viet Khanh and Ren, Jinchang and Xu, Xinying and Zhao, Sophia and Xie, Gang and Vargas, Valentin Masero},
  booktitle={Advances in Brain Inspired Cognitive Systems: 9th International Conference, BICS 2018, Xi'an, China, July 7-8, 2018, Proc. 9},
  pages={106--119},
  year={2018},
  organization={Springer}
}

@article{hayat2018multimedia,
  title={Multimedia super-resolution via deep learning: A survey},
  author={Hayat, Khizar},
  journal={Digital Signal Processing},
  volume={81},
  pages={198--217},
  year={2018},
  publisher={Elsevier}
}

@article{van2006image,
  title={Image super-resolution survey},
  author={Van Ouwerkerk, JD},
  journal={Image and vision Computing},
  volume={24},
  number={10},
  pages={1039--1052},
  year={2006},
  publisher={Elsevier}
}

@article{singh2020survey,
  title={Survey on single image based super-resolutionimplementation challenges and solutions},
  author={Singh, Amanjot and Singh, Jagroop},
  journal={Multimedia Tools and Applications},
  volume={79},
  pages={1641--1672},
  year={2020},
  publisher={Springer}
}

@article{duchon1979lanczos,
  title={Lanczos filtering in one and two dimensions},
  author={Duchon, Claude E},
  journal={Journal of Applied Meteorology and Climatology},
  volume={18},
  number={8},
  pages={1016--1022},
  year={1979}
}

@inproceedings{dong2014learning,
  title={Learning a deep convolutional network for image super-resolution},
  author={Dong, Chao and Loy, Chen Change and He, Kaiming and Tang, Xiaoou},
  booktitle={Computer Vision},
  pages={184--199},
  year={2014},
  organization={Springer}
}

@inproceedings{kim2016accurate,
  title={Accurate image super-resolution using very deep convolutional networks},
  author={Kim, Jiwon and Lee, Jung Kwon and Lee, Kyoung Mu},
  booktitle={Proceedings of the IEEE conference on computer vision and pattern recognition},
  pages={1646--1654},
  year={2016}
}

@inproceedings{tai2017memnet,
  title={Memnet: A persistent memory network for image restoration},
  author={Tai, Ying and Yang, Jian and Liu, Xiaoming and Xu, Chunyan},
  booktitle={Proceedings of the IEEE International conference on computer vision},
  pages={4539--4547},
  year={2017}
}

@inproceedings{ledig2017photo,
  title={Photo-realistic single image super-resolution using a generative adversarial network},
  author={Ledig, Christian and Theis, Lucas and Husz{\'a}r, Ferenc and Caballero, Jose and Cunningham, Andrew and Acosta, Alejandro and Aitken, Andrew and Tejani, Alykhan and Totz, Johannes and Wang, Zehan and others},
  booktitle={Conference on computer vision and pattern recognition},
  pages={4681--4690},
  year={2017}
}

@inproceedings{yue2022blind,
  title={Blind image super-resolution with elaborate degradation modeling on noise and kernel},
  author={Yue, Zongsheng and Zhao, Qian and Xie, Jianwen and Zhang, Lei and Meng, Deyu and Wong, Kwan-Yee K},
  booktitle={Proceedings of the IEEE/CVF Conference on Computer Vision and Pattern Recognition},
  pages={2128--2138},
  year={2022}
}

@article{anwar2020deep,
  title={A deep journey into super-resolution: A survey},
  author={Anwar, Saeed and Khan, Salman and Barnes, Nick},
  journal={ACM Computing Surveys (CSUR)},
  volume={53},
  number={3},
  pages={1--34},
  year={2020},
  publisher={ACM New York, NY, USA}
}

@misc{kastryulin2022piq,
  title = {PyTorch Image Quality: Metrics for Image Quality Assessment},
  url = {https://arxiv.org/abs/2208.14818},
  author = {Kastryulin, Sergey and Zakirov, Jamil and Prokopenko, Denis and Dylov, Dmitry V.},
  doi = {10.48550/ARXIV.2208.14818},
  publisher = {arXiv},
  year = {2022}
}

@inproceedings{shi2016real,
  title={Real-time single image and video super-resolution using an efficient sub-pixel convolutional neural network},
  author={Shi, Wenzhe and Caballero, Jose and Husz{\'a}r, Ferenc and Totz, Johannes and Aitken, Andrew P and Bishop, Rob and Rueckert, Daniel and Wang, Zehan},
  booktitle={Proceedings of the IEEE conference on computer vision and pattern recognition},
  pages={1874--1883},
  year={2016}
}