@article{hippo,
  title={HiPPO: Recurrent Memory with Optimal Polynomial Projections},
  author={Albert Gu and Tri Dao and Stefano Ermon and Atri Rudra and Christopher R\'{e}},
  journal={arXiv preprint arXiv:2008.07669},
  year={2020}
}

@inproceedings{gu2022efficiently,
  title={Efficiently Modeling Long Sequences with Structured State Spaces},
  author={Gu, Albert and Goel, Karan and R\'e, Christopher},
  booktitle={The International Conference on Learning Representations ({ICLR})},
  year={2022}
}

@article{mamba,
  title={Mamba: Linear-Time Sequence Modeling with Selective State Spaces},
  author={Gu, Albert and Dao, Tri},
  journal={arXiv preprint arXiv:2312.00752},
  year={2023}
}

@misc{zaken2022bitfitsimpleparameterefficientfinetuning,
      title={BitFit: Simple Parameter-efficient Fine-tuning for Transformer-based Masked Language-models}, 
      author={Elad Ben Zaken and Shauli Ravfogel and Yoav Goldberg},
      year={2022},
      eprint={2106.10199},
      archivePrefix={arXiv},
      primaryClass={cs.LG},
      url={https://arxiv.org/abs/2106.10199}, 
}

@inproceedings{
   zhang2023adaptive,
   title={Adaptive Budget Allocation for Parameter-Efficient Fine-Tuning },
   author={Qingru Zhang and Minshuo Chen and Alexander Bukharin and Pengcheng He and Yu Cheng and Weizhu Chen and Tuo Zhao},
   booktitle={The Eleventh International Conference on Learning Representations },
   year={2023},
   url={https://openreview.net/forum?id=lq62uWRJjiY}
}

@article{dettmers2023qlora,
  title={QLoRA: Efficient Finetuning of Quantized LLMs},
  author={Dettmers, Tim and Pagnoni, Artidoro and Holtzman, Ari and Zettlemoyer, Luke},
  journal={arXiv preprint arXiv:2305.14314},
  year={2023}
}

@article{He2015,
	author = {Kaiming He and Xiangyu Zhang and Shaoqing Ren and Jian Sun},
	title = {Deep Residual Learning for Image Recognition},
	journal = {arXiv preprint arXiv:1512.03385},
	year = {2015}
}

@inproceedings{DenseNet2017,
  title={Densely connected convolutional networks},
  author={Huang, Gao and Liu, Zhuang and van der Maaten, Laurens and Weinberger, Kilian Q },
  booktitle={Proceedings of the IEEE Conference on Computer Vision and Pattern Recognition},
  year={2017}
}

@article{liu2024dora,
  title={DoRA: Weight-Decomposed Low-Rank Adaptation},
  author={Liu, Shih-Yang and Wang, Chien-Yi and Yin, Hongxu and Molchanov, Pavlo and Wang, Yu-Chiang Frank and Cheng, Kwang-Ting and Chen, Min-Hung},
  journal={arXiv preprint arXiv:2402.09353},
  year={2024}
}

@misc{kopiczko2024veravectorbasedrandommatrix,
      title={VeRA: Vector-based Random Matrix Adaptation}, 
      author={Dawid J. Kopiczko and Tijmen Blankevoort and Yuki M. Asano},
      year={2024},
      eprint={2310.11454},
      archivePrefix={arXiv},
      primaryClass={cs.CL},
      url={https://arxiv.org/abs/2310.11454}, 
}

@incollection{Wen_NIPS2016,
Title = {Learning Structured Sparsity in Deep Neural Networks},
Author = {Wen, Wei and Wu, Chunpeng and Wang, Yandan and Chen, Yiran and Li, Hai},
bookTitle = {Advances in Neural Information Processing Systems},
Year = {2016}
}

@misc{anwar2015structuredpruningdeepconvolutional,
      title={Structured Pruning of Deep Convolutional Neural Networks}, 
      author={Sajid Anwar and Kyuyeon Hwang and Wonyong Sung},
      year={2015},
      eprint={1512.08571},
      archivePrefix={arXiv},
      primaryClass={cs.NE},
      url={https://arxiv.org/abs/1512.08571}, 
}

@misc{xie2018igcv2interleavedstructuredsparse,
      title={IGCV$2$: Interleaved Structured Sparse Convolutional Neural Networks}, 
      author={Guotian Xie and Jingdong Wang and Ting Zhang and Jianhuang Lai and Richang Hong and Guo-Jun Qi},
      year={2018},
      eprint={1804.06202},
      archivePrefix={arXiv},
      primaryClass={cs.CV},
      url={https://arxiv.org/abs/1804.06202}, 
}

@misc{kočiský2017narrativeqareadingcomprehensionchallenge,
      title={The NarrativeQA Reading Comprehension Challenge}, 
      author={Tomáš Kočiský and Jonathan Schwarz and Phil Blunsom and Chris Dyer and Karl Moritz Hermann and Gábor Melis and Edward Grefenstette},
      year={2017},
      eprint={1712.07040},
      archivePrefix={arXiv},
      primaryClass={cs.CL},
      url={https://arxiv.org/abs/1712.07040}, 
}

@misc{lai2017racelargescalereadingcomprehension,
      title={RACE: Large-scale ReAding Comprehension Dataset From Examinations}, 
      author={Guokun Lai and Qizhe Xie and Hanxiao Liu and Yiming Yang and Eduard Hovy},
      year={2017},
      eprint={1704.04683},
      archivePrefix={arXiv},
      primaryClass={cs.CL},
      url={https://arxiv.org/abs/1704.04683}, 
}
@misc{houlsby2019parameterefficienttransferlearningnlp,
      title={Parameter-Efficient Transfer Learning for NLP}, 
      author={Neil Houlsby and Andrei Giurgiu and Stanislaw Jastrzebski and Bruna Morrone and Quentin de Laroussilhe and Andrea Gesmundo and Mona Attariyan and Sylvain Gelly},
      year={2019},
      eprint={1902.00751},
      archivePrefix={arXiv},
      primaryClass={cs.LG},
      url={https://arxiv.org/abs/1902.00751}, 
}

@misc{hu2021loralowrankadaptationlarge,
      title={LoRA: Low-Rank Adaptation of Large Language Models}, 
      author={Edward J. Hu and Yelong Shen and Phillip Wallis and Zeyuan Allen-Zhu and Yuanzhi Li and Shean Wang and Lu Wang and Weizhu Chen},
      year={2021},
      eprint={2106.09685},
      archivePrefix={arXiv},
      primaryClass={cs.CL},
      url={https://arxiv.org/abs/2106.09685}, 
}

@misc{zhang2023adaloraadaptivebudgetallocation,
      title={AdaLoRA: Adaptive Budget Allocation for Parameter-Efficient Fine-Tuning}, 
      author={Qingru Zhang and Minshuo Chen and Alexander Bukharin and Nikos Karampatziakis and Pengcheng He and Yu Cheng and Weizhu Chen and Tuo Zhao},
      year={2023},
      eprint={2303.10512},
      archivePrefix={arXiv},
      primaryClass={cs.CL},
      url={https://arxiv.org/abs/2303.10512}, 
}

@misc{dettmers2023qloraefficientfinetuningquantized,
      title={QLoRA: Efficient Finetuning of Quantized LLMs}, 
      author={Tim Dettmers and Artidoro Pagnoni and Ari Holtzman and Luke Zettlemoyer},
      year={2023},
      eprint={2305.14314},
      archivePrefix={arXiv},
      primaryClass={cs.LG},
      url={https://arxiv.org/abs/2305.14314}, 
}

@misc{ronneberger2015unetconvolutionalnetworksbiomedical,
      title={U-Net: Convolutional Networks for Biomedical Image Segmentation}, 
      author={Olaf Ronneberger and Philipp Fischer and Thomas Brox},
      year={2015},
      eprint={1505.04597},
      archivePrefix={arXiv},
      primaryClass={cs.CV},
      url={https://arxiv.org/abs/1505.04597}, 
}

@misc{liu2019robertarobustlyoptimizedbert,
      title={RoBERTa: A Robustly Optimized BERT Pretraining Approach}, 
      author={Yinhan Liu and Myle Ott and Naman Goyal and Jingfei Du and Mandar Joshi and Danqi Chen and Omer Levy and Mike Lewis and Luke Zettlemoyer and Veselin Stoyanov},
      year={2019},
      eprint={1907.11692},
      archivePrefix={arXiv},
      primaryClass={cs.CL},
      url={https://arxiv.org/abs/1907.11692}, 
}

@misc{he2021debertadecodingenhancedbertdisentangled,
      title={DeBERTa: Decoding-enhanced BERT with Disentangled Attention}, 
      author={Pengcheng He and Xiaodong Liu and Jianfeng Gao and Weizhu Chen},
      year={2021},
      eprint={2006.03654},
      archivePrefix={arXiv},
      primaryClass={cs.CL},
      url={https://arxiv.org/abs/2006.03654}, 
}

@article{radford2019language,
  title={Language Models are Unsupervised Multitask Learners},
  author={Radford, Alec and Wu, Jeff and Child, Rewon and Luan, David and Amodei, Dario and Sutskever, Ilya},
  year={2019}
}

@misc{wang2019gluemultitaskbenchmarkanalysis,
      title={GLUE: A Multi-Task Benchmark and Analysis Platform for Natural Language Understanding}, 
      author={Alex Wang and Amanpreet Singh and Julian Michael and Felix Hill and Omer Levy and Samuel R. Bowman},
      year={2019},
      eprint={1804.07461},
      archivePrefix={arXiv},
      primaryClass={cs.CL},
      url={https://arxiv.org/abs/1804.07461}, 
}

@misc{wang2020supergluestickierbenchmarkgeneralpurpose,
      title={SuperGLUE: A Stickier Benchmark for General-Purpose Language Understanding Systems}, 
      author={Alex Wang and Yada Pruksachatkun and Nikita Nangia and Amanpreet Singh and Julian Michael and Felix Hill and Omer Levy and Samuel R. Bowman},
      year={2020},
      eprint={1905.00537},
      archivePrefix={arXiv},
      primaryClass={cs.CL},
      url={https://arxiv.org/abs/1905.00537}, 
}

@misc{vaswani2023attentionneed,
      title={Attention Is All You Need}, 
      author={Ashish Vaswani and Noam Shazeer and Niki Parmar and Jakob Uszkoreit and Llion Jones and Aidan N. Gomez and Lukasz Kaiser and Illia Polosukhin},
      year={2023},
      eprint={1706.03762},
      archivePrefix={arXiv},
      primaryClass={cs.CL},
      url={https://arxiv.org/abs/1706.03762}, 
}

@misc{wen2016learningstructuredsparsitydeep,
      title={Learning Structured Sparsity in Deep Neural Networks}, 
      author={Wei Wen and Chunpeng Wu and Yandan Wang and Yiran Chen and Hai Li},
      year={2016},
      eprint={1608.03665},
      archivePrefix={arXiv},
      primaryClass={cs.NE},
      url={https://arxiv.org/abs/1608.03665}, 
}

@inproceedings{
hu2022lora,
title={Lo{RA}: Low-Rank Adaptation of Large Language Models},
author={Edward J Hu and Yelong Shen and Phillip Wallis and Zeyuan Allen-Zhu and Yuanzhi Li and Shean Wang and Lu Wang and Weizhu Chen},
booktitle={International Conference on Learning Representations},
year={2022},
url={https://openreview.net/forum?id=nZeVKeeFYf9}
}

@inproceedings{Wang2018GLUEAM,
  title={GLUE: A Multi-Task Benchmark and Analysis Platform for Natural Language Understanding},
  author={Alex Wang and Amanpreet Singh and Julian Michael and Felix Hill and Omer Levy and Samuel R. Bowman},
  booktitle={BlackboxNLP\@EMNLP},
  year={2018},
  url={https://api.semanticscholar.org/CorpusID:5034059}
}

@article{wang2019superglue,
  title={Superglue: A stickier benchmark for general-purpose language understanding systems},
  author={Wang, Alex and Pruksachatkun, Yada and Nangia, Nikita and Singh, Amanpreet and Michael, Julian and Hill, Felix and Levy, Omer and Bowman, Samuel},
  journal={Advances in neural information processing systems},
  volume={32},
  year={2019}
}

@inproceedings{clark2019boolq,
  title={BoolQ: Exploring the Surprising Difficulty of Natural Yes/No Questions},
  author={Clark, Christopher and Lee, Kenton and Chang, Ming-Wei and Kwiatkowski, Tom and Collins, Michael and Toutanova, Kristina},
  booktitle={Proceedings of the 2019 Conference of the North American Chapter of the Association for Computational Linguistics: Human Language Technologies, Volume 1 (Long and Short Papers)},
  pages={2924--2936},
  year={2019}
}

@inproceedings{pilehvar2019wic,
  title={WiC: the Word-in-Context Dataset for Evaluating Context-Sensitive Meaning Representations},
  author={Pilehvar, Mohammad Taher and Camacho-Collados, Jose},
  booktitle={Proceedings of the 2019 Conference of the North American Chapter of the Association for Computational Linguistics: Human Language Technologies, Volume 1 (Long and Short Papers)},
  pages={1267--1273},
  year={2019}
}

@article{zhang2018record,
  title={Record: Bridging the gap between human and machine commonsense reading comprehension},
  author={Zhang, Sheng and Liu, Xiaodong and Liu, Jingjing and Gao, Jianfeng and Duh, Kevin and Van Durme, Benjamin},
  journal={arXiv preprint arXiv:1810.12885},
  year={2018}
}
@inproceedings{rajpurkar2016squad,
  title={SQuAD: 100,000+ Questions for Machine Comprehension of Text},
  author={Rajpurkar, Pranav and Zhang, Jian and Lopyrev, Konstantin and Liang, Percy},
  booktitle={Proceedings of the 2016 Conference on Empirical Methods in Natural Language Processing},
  pages={2383--2392},
  year={2016}
}


@article{rajpurkar2016squad,
  title={Squad: 100,000+ questions for machine comprehension of text},
  author={Rajpurkar, P},
  journal={arXiv preprint arXiv:1606.05250},
  year={2016}
}


@inproceedings{socher2013recursive,
  title={Recursive deep models for semantic compositionality over a sentiment treebank},
  author={Socher, Richard and Perelygin, Alex and Wu, Jean and Chuang, Jason and Manning, Christopher D and Ng, Andrew Y and Potts, Christopher},
  booktitle={Proceedings of the 2013 conference on empirical methods in natural language processing},
  pages={1631--1642},
  year={2013}
}


@inproceedings{dagan2005pascal,
  title={The pascal recognising textual entailment challenge},
  author={Dagan, Ido and Glickman, Oren and Magnini, Bernardo},
  booktitle={Machine learning challenges workshop},
  pages={177--190},
  year={2005},
  organization={Springer}
}


@inproceedings{levesque2012winograd,
  title={The winograd schema challenge},
  author={Levesque, Hector and Davis, Ernest and Morgenstern, Leora},
  booktitle={Thirteenth international conference on the principles of knowledge representation and reasoning},
  year={2012}
}

@article{warstadt2018neural,
    title={Neural Network Acceptability Judgments},
    author={Warstadt, Alex and Singh, Amanpreet and Bowman, Samuel R},
    journal={arXiv preprint arXiv:1805.12471},
    year={2018}
}


@misc{clark2019boolqexploringsurprisingdifficulty,
      title={BoolQ: Exploring the Surprising Difficulty of Natural Yes/No Questions}, 
      author={Christopher Clark and Kenton Lee and Ming-Wei Chang and Tom Kwiatkowski and Michael Collins and Kristina Toutanova},
      year={2019},
      eprint={1905.10044},
      archivePrefix={arXiv},
      primaryClass={cs.CL},
      url={https://arxiv.org/abs/1905.10044}, 
}


@inproceedings{roemmele2011choice,
  title={Choice of plausible alternatives: An evaluation of commonsense causal reasoning},
  author={Roemmele, Melissa and Bejan, Cosmin Adrian and Gordon, Andrew S},
  booktitle={2011 AAAI spring symposium series},
  year={2011}
}


@article{williams2017broad,
  title={A broad-coverage challenge corpus for sentence understanding through inference},
  author={Williams, Adina and Nangia, Nikita and Bowman, Samuel R},
  journal={arXiv preprint arXiv:1704.05426},
  year={2017}
}


@inproceedings{levesque2012winograd,
  title={The winograd schema challenge},
  author={Levesque, Hector and Davis, Ernest and Morgenstern, Leora},
  booktitle={Thirteenth international conference on the principles of knowledge representation and reasoning},
  year={2012}
}


@article{rajpurkar2016squad,
  title={Squad: 100,000+ questions for machine comprehension of text},
  author={Rajpurkar, P},
  journal={arXiv preprint arXiv:1606.05250},
  year={2016}
}


@inproceedings{de2019commitmentbank,
  title={The commitmentbank: Investigating projection in naturally occurring discourse},
  author={De Marneffe, Marie-Catherine and Simons, Mandy and Tonhauser, Judith},
  booktitle={proceedings of Sinn und Bedeutung},
  volume={23},
  number={2},
  pages={107--124},
  year={2019}
}

@inproceedings{MultiRC2018,
    author = {Daniel Khashabi and Snigdha Chaturvedi and Michael Roth and Shyam Upadhyay and Dan Roth},
    title = {Looking Beyond the Surface:A Challenge Set for Reading Comprehension over Multiple Sentences},
    booktitle = {Proceedings of North American Chapter of the Association for Computational Linguistics (NAACL)},
    year = {2018}
}

@misc{pilehvar2019wicwordincontextdatasetevaluating,
      title={WiC: the Word-in-Context Dataset for Evaluating Context-Sensitive Meaning Representations}, 
      author={Mohammad Taher Pilehvar and Jose Camacho-Collados},
      year={2019},
      eprint={1808.09121},
      archivePrefix={arXiv},
      primaryClass={cs.CL},
      url={https://arxiv.org/abs/1808.09121}, 
}

@misc{zhang2018recordbridginggaphuman,
      title={ReCoRD: Bridging the Gap between Human and Machine Commonsense Reading Comprehension}, 
      author={Sheng Zhang and Xiaodong Liu and Jingjing Liu and Jianfeng Gao and Kevin Duh and Benjamin Van Durme},
      year={2018},
      eprint={1810.12885},
      archivePrefix={arXiv},
      primaryClass={cs.CL},
      url={https://arxiv.org/abs/1810.12885}, 
}

@article{ding2023sparse,
  title={Sparse Low-rank Adaptation of Pre-trained Language Models},
  author={Ding, Ning and Lv, Xingtai and Wang, Qiaosen and Chen, Yulin and Zhou, Bowen and Liu, Zhiyuan and Sun, Maosong},
  journal={arXiv preprint arXiv:2311.11696},
  year={2023}
}

@misc{touvron2023llama2openfoundation,
      title={Llama 2: Open Foundation and Fine-Tuned Chat Models}, 
      author={Hugo Touvron and Louis Martin and Kevin Stone and Peter Albert and Amjad Almahairi and Yasmine Babaei and Nikolay Bashlykov and Soumya Batra and Prajjwal Bhargava and Shruti Bhosale and Dan Bikel and Lukas Blecher and Cristian Canton Ferrer and Moya Chen and Guillem Cucurull and David Esiobu and Jude Fernandes and Jeremy Fu and Wenyin Fu and Brian Fuller and Cynthia Gao and Vedanuj Goswami and Naman Goyal and Anthony Hartshorn and Saghar Hosseini and Rui Hou and Hakan Inan and Marcin Kardas and Viktor Kerkez and Madian Khabsa and Isabel Kloumann and Artem Korenev and Punit Singh Koura and Marie-Anne Lachaux and Thibaut Lavril and Jenya Lee and Diana Liskovich and Yinghai Lu and Yuning Mao and Xavier Martinet and Todor Mihaylov and Pushkar Mishra and Igor Molybog and Yixin Nie and Andrew Poulton and Jeremy Reizenstein and Rashi Rungta and Kalyan Saladi and Alan Schelten and Ruan Silva and Eric Michael Smith and Ranjan Subramanian and Xiaoqing Ellen Tan and Binh Tang and Ross Taylor and Adina Williams and Jian Xiang Kuan and Puxin Xu and Zheng Yan and Iliyan Zarov and Yuchen Zhang and Angela Fan and Melanie Kambadur and Sharan Narang and Aurelien Rodriguez and Robert Stojnic and Sergey Edunov and Thomas Scialom},
      year={2023},
      eprint={2307.09288},
      archivePrefix={arXiv},
      primaryClass={cs.CL},
      url={https://arxiv.org/abs/2307.09288}, 
}

@misc{li2024mixloraenhancinglargelanguage,
      title={MixLoRA: Enhancing Large Language Models Fine-Tuning with LoRA-based Mixture of Experts}, 
      author={Dengchun Li and Yingzi Ma and Naizheng Wang and Zhengmao Ye and Zhiyuan Cheng and Yinghao Tang and Yan Zhang and Lei Duan and Jie Zuo and Cal Yang and Mingjie Tang},
      year={2024},
      eprint={2404.15159},
      archivePrefix={arXiv},
      primaryClass={cs.CL},
      url={https://arxiv.org/abs/2404.15159}, 
}

@misc{liu2024evaluatecantevaluateunassessable,
      title={Evaluate What You Can't Evaluate: Unassessable Quality for Generated Response}, 
      author={Yongkang Liu and Shi Feng and Daling Wang and Yifei Zhang and Hinrich Schütze},
      year={2024},
      eprint={2305.14658},
      archivePrefix={arXiv},
      primaryClass={cs.CL},
      url={https://arxiv.org/abs/2305.14658}, 
}

@misc{liu2024hifthierarchicalparameterfinetuning,
      title={HiFT: A Hierarchical Full Parameter Fine-Tuning Strategy}, 
      author={Yongkang Liu and Yiqun Zhang and Qian Li and Tong Liu and Shi Feng and Daling Wang and Yifei Zhang and Hinrich Schütze},
      year={2024},
      eprint={2401.15207},
      archivePrefix={arXiv},
      primaryClass={cs.LG},
      url={https://arxiv.org/abs/2401.15207}, 
}