@incollection{Wen_NIPS2016,
Title = {Learning Structured Sparsity in Deep Neural Networks},
Author = {Wen, Wei and Wu, Chunpeng and Wang, Yandan and Chen, Yiran and Li, Hai},
bookTitle = {Advances in Neural Information Processing Systems},
Year = {2016}
}

@misc{anwar2015structuredpruningdeepconvolutional,
      title={Structured Pruning of Deep Convolutional Neural Networks}, 
      author={Sajid Anwar and Kyuyeon Hwang and Wonyong Sung},
      year={2015},
      eprint={1512.08571},
      archivePrefix={arXiv},
      primaryClass={cs.NE},
      url={https://arxiv.org/abs/1512.08571}, 
}

@misc{dettmers2023qloraefficientfinetuningquantized,
      title={QLoRA: Efficient Finetuning of Quantized LLMs}, 
      author={Tim Dettmers and Artidoro Pagnoni and Ari Holtzman and Luke Zettlemoyer},
      year={2023},
      eprint={2305.14314},
      archivePrefix={arXiv},
      primaryClass={cs.LG},
      url={https://arxiv.org/abs/2305.14314}, 
}

@inproceedings{gu2022efficiently,
  title={Efficiently Modeling Long Sequences with Structured State Spaces},
  author={Gu, Albert and Goel, Karan and R\'e, Christopher},
  booktitle={The International Conference on Learning Representations ({ICLR})},
  year={2022}
}

@article{hippo,
  title={HiPPO: Recurrent Memory with Optimal Polynomial Projections},
  author={Albert Gu and Tri Dao and Stefano Ermon and Atri Rudra and Christopher R\'{e}},
  journal={arXiv preprint arXiv:2008.07669},
  year={2020}
}

@misc{houlsby2019parameterefficienttransferlearningnlp,
      title={Parameter-Efficient Transfer Learning for NLP}, 
      author={Neil Houlsby and Andrei Giurgiu and Stanislaw Jastrzebski and Bruna Morrone and Quentin de Laroussilhe and Andrea Gesmundo and Mona Attariyan and Sylvain Gelly},
      year={2019},
      eprint={1902.00751},
      archivePrefix={arXiv},
      primaryClass={cs.LG},
      url={https://arxiv.org/abs/1902.00751}, 
}

@misc{kopiczko2024veravectorbasedrandommatrix,
      title={VeRA: Vector-based Random Matrix Adaptation}, 
      author={Dawid J. Kopiczko and Tijmen Blankevoort and Yuki M. Asano},
      year={2024},
      eprint={2310.11454},
      archivePrefix={arXiv},
      primaryClass={cs.CL},
      url={https://arxiv.org/abs/2310.11454}, 
}

@article{liu2024dora,
  title={DoRA: Weight-Decomposed Low-Rank Adaptation},
  author={Liu, Shih-Yang and Wang, Chien-Yi and Yin, Hongxu and Molchanov, Pavlo and Wang, Yu-Chiang Frank and Cheng, Kwang-Ting and Chen, Min-Hung},
  journal={arXiv preprint arXiv:2402.09353},
  year={2024}
}

@article{mamba,
  title={Mamba: Linear-Time Sequence Modeling with Selective State Spaces},
  author={Gu, Albert and Dao, Tri},
  journal={arXiv preprint arXiv:2312.00752},
  year={2023}
}

@misc{xie2018igcv2interleavedstructuredsparse,
      title={IGCV$2$: Interleaved Structured Sparse Convolutional Neural Networks}, 
      author={Guotian Xie and Jingdong Wang and Ting Zhang and Jianhuang Lai and Richang Hong and Guo-Jun Qi},
      year={2018},
      eprint={1804.06202},
      archivePrefix={arXiv},
      primaryClass={cs.CV},
      url={https://arxiv.org/abs/1804.06202}, 
}

@misc{zhang2023adaloraadaptivebudgetallocation,
      title={AdaLoRA: Adaptive Budget Allocation for Parameter-Efficient Fine-Tuning}, 
      author={Qingru Zhang and Minshuo Chen and Alexander Bukharin and Nikos Karampatziakis and Pengcheng He and Yu Cheng and Weizhu Chen and Tuo Zhao},
      year={2023},
      eprint={2303.10512},
      archivePrefix={arXiv},
      primaryClass={cs.CL},
      url={https://arxiv.org/abs/2303.10512}, 
}

