@article{10485381,
  author={Baccour, Emna and Erbad, Aiman and Mohamed, Amr and Hamdi, Mounir and Guizani, Mohsen},
  journal={IEEE Internet of Things Journal}, 
  title={{A blockchain-based reliable federated meta-learning for metaverse: A dual game framework}}, 
  year={2024},
  pages={22697-22715}
}

@article{9743558,
  author={Tan, Alysa Ziying and Yu, Han and Cui, Lizhen and Yang, Qiang},
  journal={IEEE Transactions on Neural Networks and Learning Systems}, 
  title={Towards personalized federated learning}, 
  year={2023},
  volume={34},
  number={12},
  pages={9587--9603}
  }

@article{Arivazhagan2019,
  title={Federated learning with personalization layers},
  author={Arivazhagan, Manoj Ghuhan and Aggarwal, Vinay and Singh, Aaditya Kumar and Choudhary, Sunav},
  journal={arXiv:1912.00818},
  year={2019},
  url = {https://arxiv.org/abs/1912.00818}
}

@inproceedings{MLSYS2020_1f5fe839,
  author = {Li, Tian and Sahu, Anit Kumar and Zaheer, Manzil and Sanjabi, Maziar and Talwalkar, Ameet and Smith, Virginia},
  booktitle = {Annual Conference on Machine Learning and Systems},
  pages = {429--450},
  title = {Federated optimization in heterogeneous networks},
  year = {2020}
}

@inproceedings{NEURIPS2020_24389bfe,
 author = {Fallah, Alireza and Mokhtari, Aryan and Ozdaglar, Asuman},
 booktitle = {Advances in Neural Information Processing Systems},
 pages = {3557--3568},
 title = {{Personalized federated learning with theoretical guarantees: A model-agnostic meta-learning approach}},
 year = {2020}
}

@inproceedings{NEURIPS2020_f4f1f13c,
 author = {T. Dinh, Canh and Tran, Nguyen and Nguyen, Josh},
 booktitle = {Advances in Neural Information Processing Systems},
 pages = {21394--21405},
 title = {Personalized federated learning with moreau envelopes},
 year = {2020}
}

@inproceedings{NEURIPS2021_34adeb8e,
 author = {Zhang, Ke and Yang, Carl and Li, Xiaoxiao and Sun, Lichao and Yiu, Siu Ming},
 booktitle = {Advances in Neural Information Processing Systems},
 pages = {6671--6682},
 title = {Subgraph federated learning with missing neighbor generation},
 year = {2021}
}

@inproceedings{NIPS2017_5dd9db5e,
 author = {Hamilton, Will and Ying, Zhitao and Leskovec, Jure},
 booktitle = {Advances in Neural Information Processing Systems},
 pages = {1--11},
 title = {Inductive representation learning on large graphs},
 year = {2017}
}

@inproceedings{baek2023personalized,
  title={Personalized subgraph federated learning},
  author={Baek, Jinheon and Jeong, Wonyong and Jin, Jiongdao and Yoon, Jaehong and Hwang, Sung Ju},
  booktitle={International Conference on Machine Learning},
  pages={1396--1415},
  year={2023}
}

@article{chen2018federated,
  title={Federated meta-learning with fast convergence and efficient communication},
  author={Chen, Fei and Luo, Mi and Dong, Zhenhua and Li, Zhenguo and He, Xiuqiang},
  journal={arXiv:1802.07876},
  year={2018},
  url = {https://arxiv.org/abs/1802.07876}
}

@inproceedings{chien2021adaptive,
title={Adaptive universal generalized pagerank graph neural network},
author={Eli Chien and Jianhao Peng and Pan Li and Olgica Milenkovic},
booktitle={International Conference on Learning Representations},
pages = {1--24},
year={2021}
}

@inproceedings{defferrard2016convolutional,
  title={Convolutional neural networks on graphs with fast localized spectral filtering},
  author={Defferrard, Micha{\"e}l and Bresson, Xavier and Vandergheynst, Pierre},
  booktitle={Advances in Neural Information Processing Systems},
  pages={1--9},
  year={2016}
}

@inproceedings{guo2023graph,
  title={Graph neural networks with learnable and optimal polynomial bases},
  author={Guo, Yuhe and Wei, Zhewei},
  booktitle={International Conference on Machine Learning},
  pages={12077--12097},
  year={2023}
}

@inproceedings{he2021bernnet,
  title={{Bernnet: Learning arbitrary graph spectral filters via bernstein approximation}},
  author={He, Mingguo and Wei, Zhewei and Huang, Zengfeng and Xu, Hongteng},
  booktitle = {Advances in Neural Information Processing Systems},
  pages={14239--14251},
  year={2021}
}

@inproceedings{huanguniversal,
  title={{How universal polynomial bases enhance spectral graph neural networks: Heterophily, over-smoothing, and over-squashing}},
  author={Huang, Keke and Wang, Yu Guang and Li, Ming and Lio, Pietro},
  booktitle={International Conference on Machine Learning},
  pages = 	 {1--20},
  year = 	 {2024}
}

@inproceedings{kipf2017semisupervised,
title={Semi-supervised classification with graph convolutional networks},
author={Thomas N. Kipf and Max Welling},
booktitle={International Conference on Learning Representations},
year={2017},
pages={1--14}
}

@inproceedings{li2023fedgta,
author = {Li, Xunkai and Wu, Zhengyu and Zhang, Wentao and Zhu, Yinlin and Li, Rong-Hua and Wang, Guoren},
title = {{FedGTA: Topology-aware averaging for federated graph learning}},
year = {2023},
booktitle = {International Conference on Very Large Databases},
pages = {41--50}
}

@inproceedings{li2024adafgl,
 author = {Li, Xunkai and Wu, Zhengyu and Zhang, Wentao and Sun, Henan and Li, Rong-Hua and Wang, Guoren},
 booktitle = {International Conference on Data Engineering},
 pages = {2517--2530},
 title = {{AdaFGL: A new paradigm for federated node classification with topology heterogeneity}},
 year = {2024}
}

@inproceedings{mcmahan2017communication,
  title={Communication-efficient learning of deep networks from decentralized data},
  author={McMahan, Brendan and Moore, Eider and Ramage, Daniel and Hampson, Seth and y Arcas, Blaise Aguera},
  booktitle={International Conference on Artificial Intelligence and Statistics},
  pages={1273--1282},
  year={2017}
}

@inproceedings{wang2022powerful,
  title={How powerful are spectral graph neural networks},
  author={Wang, Xiyuan and Zhang, Muhan},
  booktitle={International Conference on Machine Learning},
  pages={23341--23362},
  year={2022}
}

@inproceedings{wentao2025fediih,
  title={Modeling inter-intra heterogeneity for graph federated learning},
  author={Yu, Wentao and Chen, Shuo and Tong, Yongxin and Gu, Tianlong and Gong, Chen},
  booktitle={AAAI Conference on Artificial Intelligence},
  pages={1--9},
  year={2025}
}

@article{ye2023heterogeneous,
  title={{Heterogeneous federated learning: State-of-the-art and research challenges}},
  author={Ye, Mang and Fang, Xiuwen and Du, Bo and Yuen, Pong C and Tao, Dacheng},
  journal={ACM Computing Surveys},
  volume={56},
  number={3},
  pages={1--44},
  year={2023}
}

@inproceedings{zhang2023fedala,
  title={{FedALA: Adaptive local aggregation for personalized federated learning}},
  author={Zhang, Jianqing and Hua, Yang and Wang, Hao and Song, Tao and Xue, Zhengui and Ma, Ruhui and Guan, Haibing},
  booktitle={AAAI Conference on Artificial Intelligence},
  pages={1--8},
  year={2023}
}

@inproceedings{zhu2024fedtad,
  title={{FedTAD: Topology-aware data-free knowledge distillation for subgraph federated learning}},
  author={Zhu, Yinlin and Li, Xunkai and Wu, Zhengyu and Wu, Di and Hu, Miao and Li, Rong-Hua},
  booktitle = {International Joint Conference on Artificial Intelligence},
  year={2024},
  pages = {1--9},
}

