@inproceedings{mcmahan2017communication,
  title={Communication-efficient learning of deep networks from decentralized data},
  author={McMahan, Brendan and Moore, Eider and Ramage, Daniel and Hampson, Seth and y Arcas, Blaise Aguera},
  booktitle={International Conference on Artificial Intelligence and Statistics},
  pages={1273--1282},
  year={2017}
}

@article{ye2023heterogeneous,
  title={{Heterogeneous federated learning: State-of-the-art and research challenges}},
  author={Ye, Mang and Fang, Xiuwen and Du, Bo and Yuen, Pong C and Tao, Dacheng},
  journal={ACM Computing Surveys},
  volume={56},
  number={3},
  pages={1--44},
  year={2023}
}

@inproceedings{baek2023personalized,
  title={Personalized subgraph federated learning},
  author={Baek, Jinheon and Jeong, Wonyong and Jin, Jiongdao and Yoon, Jaehong and Hwang, Sung Ju},
  booktitle={International Conference on Machine Learning},
  pages={1396--1415},
  year={2023}
}


@inproceedings{wang2022powerful,
  title={How powerful are spectral graph neural networks},
  author={Wang, Xiyuan and Zhang, Muhan},
  booktitle={International Conference on Machine Learning},
  pages={23341--23362},
  year={2022}
}


@inproceedings{nair2010rectified,
  title={Rectified linear units improve restricted boltzmann machines},
  author={Nair, Vinod and Hinton, Geoffrey E},
  booktitle={International Conference on Machine Learning},
  pages={807--814},
  year={2010}
}


@inproceedings{guo2023graph,
  title={Graph neural networks with learnable and optimal polynomial bases},
  author={Guo, Yuhe and Wei, Zhewei},
  booktitle={International Conference on Machine Learning},
  pages={12077--12097},
  year={2023}
}



@inproceedings{MLSYS2020_1f5fe839,
  author = {Li, Tian and Sahu, Anit Kumar and Zaheer, Manzil and Sanjabi, Maziar and Talwalkar, Ameet and Smith, Virginia},
  booktitle = {Annual Conference on Machine Learning and Systems},
  pages = {429--450},
  title = {Federated optimization in heterogeneous networks},
  year = {2020}
}


@inproceedings{zhu2024fedtad,
  title={{FedTAD: Topology-aware data-free knowledge distillation for subgraph federated learning}},
  author={Zhu, Yinlin and Li, Xunkai and Wu, Zhengyu and Wu, Di and Hu, Miao and Li, Rong-Hua},
  booktitle = {International Joint Conference on Artificial Intelligence},
  year={2024},
  pages = {1--9},
}


@InProceedings{pmlr-v162-pillutla22a,
  title = 	 {Federated learning with partial model personalization},
  author =       {Pillutla, Krishna and Malik, Kshitiz and Mohamed, Abdel-Rahman and Rabbat, Mike and Sanjabi, Maziar and Xiao, Lin},
  booktitle = 	 {International Conference on Machine Learning},
  pages = 	 {17716--17758},
  year = 	 {2022}
}

@article{kingma2013auto,
  title={Auto-encoding variational bayes},
  author={Kingma, Diederik P and Welling, Max},
  journal={arXiv:1312.6114},
  year={2013},
  url = {https://arxiv.org/abs/1312.6114}
}

@ARTICLE{8588399,
  author={Zhang, Cheng and Bütepage, Judith and Kjellström, Hedvig and Mandt, Stephan},
  journal={IEEE Transactions on Pattern Analysis and Machine Intelligence}, 
  title={Advances in variational inference}, 
  year={2019},
  volume={41},
  number={8},
  pages={2008-2026}
  }

@article{guo2022learning,
  title={Learning disentangled graph convolutional networks locally and globally},
  author={Guo, Jingwei and Huang, Kaizhu and Yi, Xinping and Zhang, Rui},
  journal={IEEE Transactions on Neural Networks and Learning Systems},
  year={2024},
  volume={35},
  number={3},
  pages={3640-3651}
}


@inproceedings{pmlrv97ma19a,
  title = 	 {Disentangled graph convolutional networks},
  author =       {Ma, Jianxin and Cui, Peng and Kuang, Kun and Wang, Xin and Zhu, Wenwu},
  booktitle = 	 {International Conference on Machine Learning},
  pages = 	 {4212--4221},
  year = 	 {2019}
}


@inproceedings{huanguniversal,
  title={{How universal polynomial bases enhance spectral graph neural networks: Heterophily, over-smoothing, and over-squashing}},
  author={Huang, Keke and Wang, Yu Guang and Li, Ming and Lio, Pietro},
  booktitle={International Conference on Machine Learning},
  pages = 	 {1--20},
  year = 	 {2024}
}


@inproceedings{ye2023personalized,
title={Personalized federated learning with inferred collaboration graphs},
author={Ye, Rui and Ni, Zhenyang and Wu, Fangzhao and Chen, Siheng and Wang, Yanfeng},
booktitle={International Conference on Machine Learning},
pages={39801--39817},
year={2023}
}

@inproceedings{tran2017hierarchical,
  title={Hierarchical implicit models and likelihood-free variational inference},
  author={Tran, Dustin and Ranganath, Rajesh and Blei, David},
  booktitle={Advances in Neural Information Processing Systems},
  pages={1--11},
  year={2017}
}



@inproceedings{defferrard2016convolutional,
  title={Convolutional neural networks on graphs with fast localized spectral filtering},
  author={Defferrard, Micha{\"e}l and Bresson, Xavier and Vandergheynst, Pierre},
  booktitle={Advances in Neural Information Processing Systems},
  pages={1--9},
  year={2016}
}

@book{gelman2006data,
  title={Data analysis using regression and multilevel/hierarchical models},
  author={Gelman, Andrew and Hill, Jennifer},
  year={2006},
  publisher={Cambridge University Press}
}


@InProceedings{pmlr-v48-ranganath16,
  title = 	 {Hierarchical variational models},
  author = 	 {Ranganath, Rajesh and Tran, Dustin and Blei, David},
  booktitle = 	 {International Conference on Machine Learning},
  pages = 	 {324--333},
  year = 	 {2016}
}

@inproceedings{NEURIPS2021_34adeb8e,
 author = {Zhang, Ke and Yang, Carl and Li, Xiaoxiao and Sun, Lichao and Yiu, Siu Ming},
 booktitle = {Advances in Neural Information Processing Systems},
 pages = {6671--6682},
 title = {Subgraph federated learning with missing neighbor generation},
 year = {2021}
}

@article{9815303,
  author={Peng, Liang and Wang, Nan and Dvornek, Nicha and Zhu, Xiaofeng and Li, Xiaoxiao},
  journal={IEEE Transactions on Medical Imaging}, 
  title={{FedNI: Federated graph learning with network inpainting for population-based disease prediction}}, 
  year={2023},
  volume={42},
  number={7},
  pages={2032-2043}
  }


@inproceedings{NEURIPS2023_fc07feae,
 author = {Yao, Yuhang and Jin, Weizhao and Ravi, Srivatsan and Joe-Wong, Carlee},
 booktitle = {Advances in Neural Information Processing Systems},
 pages = {79748--79760},
 title = {{FedGCN: Convergence-communication tradeoffs in federated training of graph convolutional networks}},
 year = {2023}
}

@inproceedings{li2023fedgta,
author = {Li, Xunkai and Wu, Zhengyu and Zhang, Wentao and Zhu, Yinlin and Li, Rong-Hua and Wang, Guoren},
title = {{FedGTA: Topology-aware averaging for federated graph learning}},
year = {2023},
booktitle = {International Conference on Very Large Databases},
pages = {41--50}
}


@InProceedings{pmlr-v162-zhang22o,
  title = 	 {Personalized federated learning via variational {B}ayesian inference},
  author =       {Zhang, Xu and Li, Yinchuan and Li, Wenpeng and Guo, Kaiyang and Shao, Yunfeng},
  booktitle = 	 {International Conference on Machine Learning},
  pages = 	 {26293--26310},
  year = 	 {2022}
}

@article{kim2023fedhb,
  title={{FedHB: Hierarchical Bayesian federated learning}},
  author={Kim, Minyoung and Hospedales, Timothy},
  journal={arXiv:2305.04979},
  year={2023},
  url = {https://arxiv.org/abs/2305.04979}
}


@article{Arivazhagan2019,
  title={Federated learning with personalization layers},
  author={Arivazhagan, Manoj Ghuhan and Aggarwal, Vinay and Singh, Aaditya Kumar and Choudhary, Sunav},
  journal={arXiv:1912.00818},
  year={2019},
  url = {https://arxiv.org/abs/1912.00818}
}

@inproceedings{
shedivat2021federated,
title={{Federated learning via posterior averaging: A new perspective and practical algorithms}},
author={Maruan Al-Shedivat and Jennifer Gillenwater and Eric Xing and Afshin Rostamizadeh},
booktitle={International Conference on Learning Representations},
pages={1--23},
year={2021}
}


@inproceedings{chien2021adaptive,
title={Adaptive universal generalized pagerank graph neural network},
author={Eli Chien and Jianhao Peng and Pan Li and Olgica Milenkovic},
booktitle={International Conference on Learning Representations},
pages = {1--24},
year={2021}
}


@inproceedings{NEURIPS2021_b6cda17a,
 author = {Li, Haoyang and Wang, Xin and Zhang, Ziwei and Yuan, Zehuan and Li, Hang and Zhu, Wenwu},
 booktitle = {Advances in Neural Information Processing Systems},
 pages = {21872--21884},
 title = {Disentangled contrastive learning on graphs},
 year = {2021}
}

@inproceedings{NIPS2003_0abdc563,
 author = {Moreno, Pedro and Ho, Purdy and Vasconcelos, Nuno},
 booktitle = {Advances in Neural Information Processing Systems},
 pages = {1--8},
 title = {{A Kullback-Leibler divergence based kernel for SVM classification in multimedia applications}},
 year = {2003}
}

@article{kipf2016variational,
  title={Variational graph auto-encoders},
  author={Kipf, Thomas N and Welling, Max},
  journal={arXiv:1611.07308},
  year={2016},
  url = {https://arxiv.org/abs/1611.07308}
}


@inproceedings{Hsu_Zhang_Glass_2017,  
title={Unsupervised learning of disentangled and interpretable representations from sequential data}, 
booktitle = {Advances in Neural Information Processing Systems},
author = {Hsu, Wei-Ning and Zhang, Yu and Glass, James},
year={2017},
pages = {1--12}
}


@article{9743558,
  author={Tan, Alysa Ziying and Yu, Han and Cui, Lizhen and Yang, Qiang},
  journal={IEEE Transactions on Neural Networks and Learning Systems}, 
  title={Towards personalized federated learning}, 
  year={2023},
  volume={34},
  number={12},
  pages={9587--9603}
  }

@inproceedings{NEURIPS2020_f4f1f13c,
 author = {T. Dinh, Canh and Tran, Nguyen and Nguyen, Josh},
 booktitle = {Advances in Neural Information Processing Systems},
 pages = {21394--21405},
 title = {Personalized federated learning with moreau envelopes},
 year = {2020}
}

@inproceedings{NIPS2017_6211080f,
 author = {Smith, Virginia and Chiang, Chao-Kai and Sanjabi, Maziar and Talwalkar, Ameet S},
 booktitle = {Advances in Neural Information Processing Systems},
 pages = {1--11},
 title = {Federated multi-task learning},
 year = {2017}
}


@ARTICLE{9174890,
  author={Sattler, Felix and Müller, Klaus-Robert and Samek, Wojciech},
  journal={IEEE Transactions on Neural Networks and Learning Systems}, 
  title={{Clustered federated learning: Model-agnostic distributed multitask optimization under privacy constraints}}, 
  year={2021},
  volume={32},
  number={8},
  pages={3710--3722}
  }

@article{chen2018federated,
  title={Federated meta-learning with fast convergence and efficient communication},
  author={Chen, Fei and Luo, Mi and Dong, Zhenhua and Li, Zhenguo and He, Xiuqiang},
  journal={arXiv:1802.07876},
  year={2018},
  url = {https://arxiv.org/abs/1802.07876}
}


@inproceedings{NEURIPS2020_24389bfe,
 author = {Fallah, Alireza and Mokhtari, Aryan and Ozdaglar, Asuman},
 booktitle = {Advances in Neural Information Processing Systems},
 pages = {3557--3568},
 title = {{Personalized federated learning with theoretical guarantees: A model-agnostic meta-learning approach}},
 year = {2020}
}

@inproceedings{NEURIPS2020_43bb733c,
 author = {Sutter, Thomas and Daunhawer, Imant and Vogt, Julia},
 booktitle = {Advances in Neural Information Processing Systems},
 pages = {6100--6110},
 title = {{Multimodal generative learning utilizing Jensen-Shannon-Divergence}},
 year = {2020}
}

@inproceedings{platonov2023a,
title={{A critical look at the evaluation of GNNs under heterophily: Are we really making progress?}},
author={Oleg Platonov and Denis Kuznedelev and Michael Diskin and Artem Babenko and Liudmila Prokhorenkova},
booktitle={International Conference on Learning Representations},
year={2023},
pages={1--15}
}


@inproceedings{balcilar2021analyzing,
title={Analyzing the expressive power of graph neural networks in a spectral perspective},
author={Muhammet Balcilar and Guillaume Renton and Pierre H{\'e}roux and Benoit Ga{\"u}z{\`e}re and S{\'e}bastien Adam and Paul Honeine},
booktitle={International Conference on Learning Representations},
year={2021},
pages={1--26}
}

@article{karypis1997metis,
  title={{METIS: Unstructured graph partitioning and sparse matrix ordering system}},
  author={Karypis, George},
  journal={Technical report},
  year={1997}
}

@inproceedings{kipf2017semisupervised,
title={Semi-supervised classification with graph convolutional networks},
author={Thomas N. Kipf and Max Welling},
booktitle={International Conference on Learning Representations},
year={2017},
pages={1--14}
}


@inproceedings{35346783539121,
author = {Zhang, Wentao and Yin, Ziqi and Sheng, Zeang and Li, Yang and Ouyang, Wen and Li, Xiaosen and Tao, Yangyu and Yang, Zhi and Cui, Bin},
title = {Graph attention multi-layer perceptron},
year = {2022},
booktitle = {ACM SIGKDD Conference on Knowledge Discovery and Data Mining},
pages = {4560--4570}
}

@inproceedings{NIPS2017_5dd9db5e,
 author = {Hamilton, Will and Ying, Zhitao and Leskovec, Jure},
 booktitle = {Advances in Neural Information Processing Systems},
 pages = {1--11},
 title = {Inductive representation learning on large graphs},
 year = {2017}
}

@article{zhang2024fedgt,
  title={{FedGT: Federated node classification with scalable graph transformer}}, 
  author={Zaixi Zhang and Qingyong Hu and Yang Yu and Weibo Gao and Qi Liu},
  journal={arXiv:2401.15203},
  year={2024},
  url = {https://arxiv.org/abs/2401.15203}
}

@inproceedings{li2024adafgl,
 author = {Li, Xunkai and Wu, Zhengyu and Zhang, Wentao and Sun, Henan and Li, Rong-Hua and Wang, Guoren},
 booktitle = {International Conference on Data Engineering},
 pages = {2517--2530},
 title = {{AdaFGL: A new paradigm for federated node classification with topology heterogeneity}},
 year = {2024}
}

@inproceedings{ma2019flexible,
  title={A flexible generative framework for graph-based semi-supervised learning},
  author={Ma, Jiaqi and Tang, Weijing and Zhu, Ji and Mei, Qiaozhu},
  booktitle = {Advances in Neural Information Processing Systems},
  pages = {1--10},
  year={2019}
}

@inproceedings{wang2020graph,
  title={Graph stochastic neural networks for semi-supervised learning},
  author={Wang, Haibo and Zhou, Chuan and Chen, Xin and Wu, Jia and Pan, Shirui and Wang, Jilong},
  booktitle = {Advances in Neural Information Processing Systems},
  pages={1--10},
  year={2020}
}



@inproceedings{wan2021contrastive,
  title={{Contrastive graph poisson networks: Semi-supervised learning with extremely limited labels}},
  author={Wan, Sheng and Zhan, Yibing and Liu, Liu and Yu, Baosheng and Pan, Shirui and Gong, Chen},
  booktitle = {Advances in Neural Information Processing Systems},
  pages={1--12},
  year={2021}
}

@inproceedings{he2021bernnet,
  title={{Bernnet: Learning arbitrary graph spectral filters via bernstein approximation}},
  author={He, Mingguo and Wei, Zhewei and Huang, Zengfeng and Xu, Hongteng},
  booktitle = {Advances in Neural Information Processing Systems},
  pages={14239--14251},
  year={2021}
}

@inproceedings{bruel2020universal,
  title={Universal function approximation on graphs},
  author={Br{\"u}el Gabrielsson, Rickard},
  booktitle = {Advances in Neural Information Processing Systems},
  pages={1--11},
  year={2020}
}

@inproceedings{zhang2023fedala,
  title={{FedALA: Adaptive local aggregation for personalized federated learning}},
  author={Zhang, Jianqing and Hua, Yang and Wang, Hao and Song, Tao and Xue, Zhengui and Ma, Ruhui and Guan, Haibing},
  booktitle={AAAI Conference on Artificial Intelligence},
  pages={1--8},
  year={2023}
}


@inproceedings{wentao2025fediih,
  title={Modeling inter-intra heterogeneity for graph federated learning},
  author={Yu, Wentao and Chen, Shuo and Tong, Yongxin and Gu, Tianlong and Gong, Chen},
  booktitle={AAAI Conference on Artificial Intelligence},
  pages={1--9},
  year={2025}
}

@inproceedings{ijcai2023426,
  author = {Huang, Wenke and Wan, Guancheng and Ye, Mang and Du, Bo},
  title = {Federated graph semantic and structural learning},
  year = {2023},
  booktitle = {International Joint Conference on Artificial Intelligence},
  pages = {1--9}
}

@inproceedings{tan2023federated,
  title={Federated learning on non-iid graphs via structural knowledge sharing},
  author={Tan, Yue and Liu, Yixin and Long, Guodong and Jiang, Jing and Lu, Qinghua and Zhang, Chengqi},
  booktitle={AAAI Conference on Artificial Intelligence},
  pages={1--9},
  year={2023}
}

@inproceedings{he2022spreadgnn,
  title={{SpreadGNN: Decentralized multi-task federated learning for graph neural networks on molecular data}},
  author={He, Chaoyang and Ceyani, Emir and Balasubramanian, Keshav and Annavaram, Murali and Avestimehr, Salman},
  booktitle={AAAI Conference on Artificial Intelligence},
  pages={1--9},
  year={2022}
}

@inproceedings{wang2023fedgs,
  title={{FedGS: Federated graph-based sampling with arbitrary client availability}},
  author={Wang, Zheng and Fan, Xiaoliang and Qi, Jianzhong and Jin, Haibing and Yang, Peizhen and Shen, Siqi and Wang, Cheng},
  booktitle={AAAI Conference on Artificial Intelligence},
  pages={1--8},
  year={2023}
}

@article{liu2023bayesian,
  title={{A Bayesian federated learning framework with online Laplace approximation}},
  author={Liu, Liangxi and Jiang, Xi and Zheng, Feng and Chen, Hong and Qi, Guo-Jun and Huang, Heng and Shao, Ling},
  journal={IEEE Transactions on Pattern Analysis and Machine Intelligence},
  year={2023},
  pages={1--16}
}


@article{10485381,
  author={Baccour, Emna and Erbad, Aiman and Mohamed, Amr and Hamdi, Mounir and Guizani, Mohsen},
  journal={IEEE Internet of Things Journal}, 
  title={{A blockchain-based reliable federated meta-learning for metaverse: A dual game framework}}, 
  year={2024},
  pages={22697-22715}
}

@article{wu2021fedgnn,
  title={{FedGNN: Federated graph neural network for privacy-preserving recommendation}},
  author={Wu, Chuhan and Wu, Fangzhao and Cao, Yang and Huang, Yongfeng and Xie, Xing},
  journal={arXiv:2102.04925},
  year={2021},
  url = {https://arxiv.org/abs/2102.04925}
}

@inproceedings{NEURIPS2021_9c6947bd,
 author = {Xie, Han and Ma, Jing and Xiong, Li and Yang, Carl},
 booktitle = {Advances in Neural Information Processing Systems},
 pages = {18839--18852},
 title = {Federated graph classification over non-iid graphs},
 year = {2021}
}

@ARTICLE{8047308,
  author={Nie, Feiping and Cai, Guohao and Li, Jing and Li, Xuelong},
  journal={IEEE Transactions on Image Processing}, 
  title={Auto-weighted multi-view learning for image clustering and semi-supervised classification}, 
  year={2018},
  volume={27},
  number={3},
  pages={1501-1511}
}

@inproceedings{luo2021bi,
  title={A bi-level formulation for label noise learning with spectral cluster discovery},
  author={Luo, Yijing and Han, Bo and Gong, Chen},
  booktitle={International Joint Conference on Artificial Intelligence},
  pages={2605--2611},
  year={2020}
}


@article{nie2020self,
  title={Self-weighted clustering with adaptive neighbors},
  author={Nie, Feiping and Wu, Danyang and Wang, Rong and Li, Xuelong},
  journal={IEEE Transactions on Neural Networks and Learning Systems},
  volume={31},
  number={9},
  pages={3428--3441},
  year={2020}
}


@inproceedings{nie2014clustering,
  title={Clustering and projected clustering with adaptive neighbors},
  author={Nie, Feiping and Wang, Xiaoqian and Huang, Heng},
  booktitle={ACM SIGKDD International Conference on Knowledge Discovery and Data Mining},
  pages={977--986},
  year={2014}
}

@ARTICLE{10032180,
  author={Yu, Wentao and Wan, Sheng and Li, Guangyu and Yang, Jian and Gong, Chen},
  journal={IEEE Transactions on Geoscience and Remote Sensing}, 
  title={Hyperspectral image classification with contrastive graph convolutional network}, 
  year={2023},
  volume={61},
  number={1},
  pages={1--15}
}

@article{yu2023atom,
  title={Atom-motif contrastive transformer for molecular property prediction},
  author={Yu, Wentao and Chen, Shuo and Gong, Chen and Niu, Gang and Sugiyama, Masashi},
  journal={arXiv preprint arXiv:2310.07351},
  year={2023}
}

@article{huang2024federated,
  title={{Federated learning for generalization, robustness, fairness: A survey and benchmark}},
  author={Huang, Wenke and Ye, Mang and Shi, Zekun and Wan, Guancheng and Li, He and Du, Bo and Yang, Qiang},
  journal={IEEE Transactions on Pattern Analysis and Machine Intelligence},
  year={2024},
  volume={46},
  number={12},
  pages={9387--9406},
}

@ARTICLE{10295990,
  author={Huang, Wenke and Ye, Mang and Shi, Zekun and Du, Bo},
  journal={IEEE Transactions on Pattern Analysis and Machine Intelligence}, 
  title={Generalizable heterogeneous federated cross-correlation and instance similarity learning}, 
  year={2024},
  volume={46},
  number={2},
  pages={712--728}
}

@ARTICLE{10697408,
author={Zhao, Yawei and Liu, Qinghe and Liu, Pan and Liu, Xinwang and He, Kunlun},
journal={IEEE Transactions on Pattern Analysis and Machine Intelligence}, 
title={Medical federated model with mixture of personalized and shared components}, 
year={2025},
volume={47},
number={1},
pages={433--449}
}


@ARTICLE{10505798,
  author={Guang, Mingjian and Yan, Chungang and Xu, Yuhua and Wang, Junli and Jiang, Changjun},
  journal={IEEE Transactions on Pattern Analysis and Machine Intelligence}, 
  title={Graph convolutional networks with adaptive neighborhood awareness}, 
  year={2024},
  volume={46},
  number={11},
  pages={7392--7404}
}

@ARTICLE{10496248,
  author={Zhang, Kexin and Wen, Qingsong and Zhang, Chaoli and Cai, Rongyao and Jin, Ming and Liu, Yong and Zhang, James Y. and Liang, Yuxuan and Pang, Guansong and Song, Dongjin and Pan, Shirui},
  journal={IEEE Transactions on Pattern Analysis and Machine Intelligence}, 
  title={{Self-supervised learning for time series analysis: Taxonomy, progress, and prospects}}, 
  year={2024},
  volume={46},
  number={10},
  pages={6775--6794}
}

@inproceedings{tan2024fedssp,
title={{FedSSP: Federated graph learning with spectral knowledge and personalized preference}},
author={Tan, Zihan and Wan, Guancheng and Huang, Wenke and Ye, Mang},
booktitle={Advances in Neural Information Processing Systems},
year={2024},
pages = {1--15}
}

@inproceedings{zhou2024traffic,
title={Traffic pattern sharing for federated traffic flow prediction with personalization},
author={Zhou, Hang and Yu, Wentao and Wan, Sheng and Tong, Yongxin and Gu, Tianlong and Gong, Chen},
booktitle={International Conference on Data Mining},
year={2024},
pages = {1--10}
}

@inproceedings{yan2024balancing,
  title={Balancing similarity and complementarity for federated learning},
  author={Yan, Kunda and Cui, Sen and Wuerkaixi, Abudukelimu and Zhang, Jingfeng and Han, Bo and Niu, Gang and Sugiyama, Masashi and Zhang, Changshui},
  booktitle={International Conference on Machine Learning},
  year={2024},
  pages = {1--18}
}

@inproceedings{chen2024polygcl,
  title={{PolyGCL: Graph contrastive learning via learnable spectral polynomial filters}},
  author={Chen, Jingyu and Lei, Runlin and Wei, Zhewei},
  booktitle={International Conference on Learning Representations},
  year = {2024},
  pages = {1--30}
}

@inproceedings{liu2022revisiting,
  title={Revisiting graph contrastive learning from the perspective of graph spectrum},
  author={Liu, Nian and Wang, Xiao and Bo, Deyu and Shi, Chuan and Pei, Jian},
  booktitle={Advances in Neural Information Processing Systems},
  pages={2972--2983},
  year={2022}
}

@article{vahidian2023rethinking,
  title={{Rethinking data heterogeneity in federated learning: Introducing a new notion and standard benchmarks}},
  author={Vahidian, Saeed and Morafah, Mahdi and Chen, Chen and Shah, Mubarak and Lin, Bill},
  journal={IEEE Transactions on Artificial Intelligence},
  volume={5},
  number={3},
  pages={1386--1397},
  year={2023}
}

@inproceedings{luo2021no,
  title={{No fear of heterogeneity: Classifier calibration for federated learning with non-iid data}},
  author={Luo, Mi and Chen, Fei and Hu, Dapeng and Zhang, Yifan and Liang, Jian and Feng, Jiashi},
  booktitle={Advances in Neural Information Processing Systems},
  pages={5972--5984},
  year={2021}
}

@ARTICLE{10286439,
  author={Ye, Rui and Ni, Zhenyang and Xu, Chenxin and Wang, Jianyu and Chen, Siheng and Eldar, Yonina C.},
  journal={IEEE Transactions on Signal Processing}, 
  title={{FedFM: Anchor-based feature matching for data heterogeneity in federated learning}},
  year={2023},
  volume={71},
  number={1},
  pages={4224-4239}
}


@inproceedings{peigeom,
  title={{Geom-GCN: Geometric graph convolutional networks}},
  author={Pei, Hongbin and Wei, Bingzhe and Chang, Kevin Chen-Chuan and Lei, Yu and Yang, Bo},
  booktitle={International Conference on Learning Representations},
  year = {2020},
  pages = {1--12}
}

@inproceedings{zhu2020beyond,
  title={{Beyond homophily in graph neural networks: Current limitations and effective designs}},
  author={Zhu, Jiong and Yan, Yujun and Zhao, Lingxiao and Heimann, Mark and Akoglu, Leman and Koutra, Danai},
  booktitle={Advances in Neural Information Processing Systems},
  pages={7793--7804},
  year={2020}
}

@inproceedings{lim2021large,
  title={{Large scale learning on non-homophilous graphs: New benchmarks and strong simple methods}},
  author={Lim, Derek and Hohne, Felix and Li, Xiuyu and Huang, Sijia Linda and Gupta, Vaishnavi and Bhalerao, Omkar and Lim, Ser Nam},
  booktitle={Advances in Neural Information Processing Systems},
  pages={20887--20902},
  year={2021}
}

@inproceedings{lei2022evennet,
  title={{Evennet: Ignoring odd-hop neighbors improves robustness of graph neural networks}},
  author={Lei, Runlin and Wang, Zhen and Li, Yaliang and Ding, Bolin and Wei, Zhewei},
  booktitle={Advances in Neural Information Processing Systems},
  pages={4694--4706},
  year={2022}
}

@inproceedings{NEURIPS2023_01b68102,
 author = {Platonov, Oleg and Kuznedelev, Denis and Babenko, Artem and Prokhorenkova, Liudmila},
 booktitle = {Advances in Neural Information Processing Systems},
 pages = {523--548},
 title = {{Characterizing graph datasets for node classification: Homophily-heterophily dichotomy and beyond}},
 year = {2023}
}

@article{bai2021two,
  title={Two-stream spatial--temporal graph convolutional networks for driver drowsiness detection},
  author={Bai, Jing and Yu, Wentao and Xiao, Zhu and Havyarimana, Vincent and Regan, Amelia C and Jiang, Hongbo and Jiao, Licheng},
  journal={IEEE Transactions on Cybernetics},
  volume={52},
  number={12},
  pages={13821--13833},
  year={2022}
}
