@inproceedings{BIM,
  author       = {Alexey Kurakin and
                  Ian J. Goodfellow and
                  Samy Bengio},
  title        = {Adversarial Machine Learning at Scale},
  booktitle    = {5th International Conference on Learning Representations, {ICLR} 2017,
                  Toulon, France, April 24-26, 2017, Conference Track Proceedings},
  publisher    = {OpenReview.net},
  year         = {2017},
  url          = {https://openreview.net/forum?id=BJm4T4Kgx},
  timestamp    = {Thu, 25 Jul 2019 14:25:40 +0200},
  biburl       = {https://dblp.org/rec/conf/iclr/KurakinGB17.bib},
  bibsource    = {dblp computer science bibliography, https://dblp.org}
}

@inproceedings{CW,
  author       = {Nicholas Carlini and
                  David A. Wagner},
  title        = {Towards Evaluating the Robustness of Neural Networks},
  booktitle    = {2017 {IEEE} Symposium on Security and Privacy, {SP} 2017, San Jose,
                  CA, USA, May 22-26, 2017},
  pages        = {39--57},
  publisher    = {{IEEE} Computer Society},
  year         = {2017},
  url          = {https://doi.org/10.1109/SP.2017.49},
  doi          = {10.1109/SP.2017.49},
  timestamp    = {Fri, 24 Mar 2023 00:03:11 +0100},
  biburl       = {https://dblp.org/rec/conf/sp/Carlini017.bib},
  bibsource    = {dblp computer science bibliography, https://dblp.org}
}

@inproceedings{FFF,
  author       = {Konda Reddy Mopuri and
                  Utsav Garg and
                  Venkatesh Babu Radhakrishnan},
  title        = {Fast Feature Fool: {A} data independent approach to universal adversarial
                  perturbations},
  booktitle    = {British Machine Vision Conference 2017, {BMVC} 2017, London, UK, September
                  4-7, 2017},
  publisher    = {{BMVA} Press},
  year         = {2017},
  url          = {https://www.dropbox.com/s/q87uak9vw35tkyk/0058.pdf},
  timestamp    = {Fri, 08 Sep 2023 14:31:28 +0200},
  biburl       = {https://dblp.org/rec/conf/bmvc/MopuriGR17.bib},
  bibsource    = {dblp computer science bibliography, https://dblp.org}
}

@inproceedings{adv_proxy,
  author       = {Vikash Sehwag and
                  Saeed Mahloujifar and
                  Tinashe Handina and
                  Sihui Dai and
                  Chong Xiang and
                  Mung Chiang and
                  Prateek Mittal},
  title        = {Robust Learning Meets Generative Models: Can Proxy Distributions Improve
                  Adversarial Robustness?},
  booktitle    = {The Tenth International Conference on Learning Representations, {ICLR}
                  2022, Virtual Event, April 25-29, 2022},
  publisher    = {OpenReview.net},
  year         = {2022},
  url          = {https://openreview.net/forum?id=WVX0NNVBBkV},
  timestamp    = {Sat, 20 Aug 2022 01:15:42 +0200},
  biburl       = {https://dblp.org/rec/conf/iclr/SehwagMHD0CM22.bib},
  bibsource    = {dblp computer science bibliography, https://dblp.org}
}

@inproceedings{adv_random,
  author       = {Cihang Xie and
                  Jianyu Wang and
                  Zhishuai Zhang and
                  Zhou Ren and
                  Alan L. Yuille},
  title        = {Mitigating Adversarial Effects Through Randomization},
  booktitle    = {6th International Conference on Learning Representations, {ICLR} 2018,
                  Vancouver, BC, Canada, April 30 - May 3, 2018, Conference Track Proceedings},
  publisher    = {OpenReview.net},
  year         = {2018},
  url          = {https://openreview.net/forum?id=Sk9yuql0Z},
  timestamp    = {Sat, 26 Aug 2023 19:10:04 +0200},
  biburl       = {https://dblp.org/rec/conf/iclr/XieWZRY18.bib},
  bibsource    = {dblp computer science bibliography, https://dblp.org}
}

@article{adv_speech,
  author       = {Qian Wang and
                  Baolin Zheng and
                  Qi Li and
                  Chao Shen and
                  Zhongjie Ba},
  title        = {Towards Query-Efficient Adversarial Attacks Against Automatic Speech
                  Recognition Systems},
  journal      = {{IEEE} Trans. Inf. Forensics Secur.},
  volume       = {16},
  pages        = {896--908},
  year         = {2021},
  url          = {https://doi.org/10.1109/TIFS.2020.3026543},
  doi          = {10.1109/TIFS.2020.3026543},
  timestamp    = {Thu, 23 Jun 2022 20:01:23 +0200},
  biburl       = {https://dblp.org/rec/journals/tifs/WangZLSB21.bib},
  bibsource    = {dblp computer science bibliography, https://dblp.org}
}

@article{audio_cnn,
  author       = {Junqi Wu and
                  Bolin Chen and
                  Weiqi Luo and
                  Yanmei Fang},
  title        = {Audio Steganography Based on Iterative Adversarial Attacks Against
                  Convolutional Neural Networks},
  journal      = {{IEEE} Trans. Inf. Forensics Secur.},
  volume       = {15},
  pages        = {2282--2294},
  year         = {2020},
  url          = {https://doi.org/10.1109/TIFS.2019.2963764},
  doi          = {10.1109/TIFS.2019.2963764},
  timestamp    = {Tue, 18 Oct 2022 21:16:23 +0200},
  biburl       = {https://dblp.org/rec/journals/tifs/WuCLF20.bib},
  bibsource    = {dblp computer science bibliography, https://dblp.org}
}

@inproceedings{blackbox_face,
  author       = {Yinpeng Dong and
                  Hang Su and
                  Baoyuan Wu and
                  Zhifeng Li and
                  Wei Liu and
                  Tong Zhang and
                  Jun Zhu},
  title        = {Efficient Decision-Based Black-Box Adversarial Attacks on Face Recognition},
  booktitle    = {{IEEE} Conference on Computer Vision and Pattern Recognition, {CVPR}
                  2019, Long Beach, CA, USA, June 16-20, 2019},
  pages        = {7714--7722},
  publisher    = {Computer Vision Foundation / {IEEE}},
  year         = {2019},
  url          = {http://openaccess.thecvf.com/content\_CVPR\_2019/html/Dong\_Efficient\_Decision-Based\_Black-Box\_Adversarial\_Attacks\_on\_Face\_Recognition\_CVPR\_2019\_paper.html},
  doi          = {10.1109/CVPR.2019.00790},
  timestamp    = {Fri, 22 Apr 2022 13:30:43 +0200},
  biburl       = {https://dblp.org/rec/conf/cvpr/DongSWLL0019.bib},
  bibsource    = {dblp computer science bibliography, https://dblp.org}
}

@inproceedings{cduap,
  author       = {Chaoning Zhang and
                  Philipp Benz and
                  Tooba Imtiaz and
                  In{-}So Kweon},
  title        = {{CD-UAP:} Class Discriminative Universal Adversarial Perturbation},
  booktitle    = {The Thirty-Fourth {AAAI} Conference on Artificial Intelligence, {AAAI}
                  2020, The Thirty-Second Innovative Applications of Artificial Intelligence
                  Conference, {IAAI} 2020, The Tenth {AAAI} Symposium on Educational
                  Advances in Artificial Intelligence, {EAAI} 2020, New York, NY, USA,
                  February 7-12, 2020},
  pages        = {6754--6761},
  publisher    = {{AAAI} Press},
  year         = {2020},
  url          = {https://doi.org/10.1609/aaai.v34i04.6154},
  doi          = {10.1609/AAAI.V34I04.6154},
  timestamp    = {Mon, 04 Sep 2023 16:50:28 +0200},
  biburl       = {https://dblp.org/rec/conf/aaai/ZhangBIK20.bib},
  bibsource    = {dblp computer science bibliography, https://dblp.org}
}

@inproceedings{certified2,
  author       = {Yi Zeng and
                  Zhouxing Shi and
                  Ming Jin and
                  Feiyang Kang and
                  Lingjuan Lyu and
                  Cho{-}Jui Hsieh and
                  Ruoxi Jia},
  title        = {Towards Robustness Certification Against Universal Perturbations},
  booktitle    = {The Eleventh International Conference on Learning Representations,
                  {ICLR} 2023, Kigali, Rwanda, May 1-5, 2023},
  publisher    = {OpenReview.net},
  year         = {2023},
  url          = {https://openreview.net/pdf?id=7GEvPKxjtt},
  timestamp    = {Tue, 19 Mar 2024 17:34:40 +0100},
  biburl       = {https://dblp.org/rec/conf/iclr/ZengS0KLHJ23.bib},
  bibsource    = {dblp computer science bibliography, https://dblp.org}
}

@article{certified_training,
  author       = {Changming Xu and
                  Gagandeep Singh},
  title        = {Cross-Input Certified Training for Universal Perturbations},
  journal      = {CoRR},
  volume       = {abs/2405.09176},
  year         = {2024},
  url          = {https://doi.org/10.48550/arXiv.2405.09176},
  doi          = {10.48550/ARXIV.2405.09176},
  eprinttype    = {arXiv},
  eprint       = {2405.09176},
  timestamp    = {Wed, 12 Jun 2024 17:23:52 +0200},
  biburl       = {https://dblp.org/rec/journals/corr/abs-2405-09176.bib},
  bibsource    = {dblp computer science bibliography, https://dblp.org}
}

@inproceedings{cfn,
  title={Defending against universal adversarial patches by clipping feature norms},
  author={Yu, Cheng and Chen, Jiansheng and Xue, Youze and Liu, Yuyang and Wan, Weitao and Bao, Jiayu and Ma, Huimin},
  booktitle={Proceedings of the IEEE/CVF International Conference on Computer Vision},
  pages={16434--16442},
  year={2021}
}

@inproceedings{cnls,
  author       = {Matan Atzmon and
                  Niv Haim and
                  Lior Yariv and
                  Ofer Israelov and
                  Haggai Maron and
                  Yaron Lipman},
  editor       = {Hanna M. Wallach and
                  Hugo Larochelle and
                  Alina Beygelzimer and
                  Florence d'Alch{\'{e}}{-}Buc and
                  Emily B. Fox and
                  Roman Garnett},
  title        = {Controlling Neural Level Sets},
  booktitle    = {Advances in Neural Information Processing Systems 32: Annual Conference
                  on Neural Information Processing Systems 2019, NeurIPS 2019, December
                  8-14, 2019, Vancouver, BC, Canada},
  pages        = {2032--2041},
  year         = {2019},
  url          = {https://proceedings.neurips.cc/paper/2019/hash/b20bb95ab626d93fd976af958fbc61ba-Abstract.html},
  timestamp    = {Mon, 16 May 2022 15:41:51 +0200},
  biburl       = {https://dblp.org/rec/conf/nips/AtzmonHYIML19.bib},
  bibsource    = {dblp computer science bibliography, https://dblp.org}
}

@inproceedings{datafree,
  author       = {Chaoning Zhang and
                  Philipp Benz and
                  Tooba Imtiaz and
                  In So Kweon},
  title        = {Understanding Adversarial Examples From the Mutual Influence of Images
                  and Perturbations},
  booktitle    = {2020 {IEEE/CVF} Conference on Computer Vision and Pattern Recognition,
                  {CVPR} 2020, Seattle, WA, USA, June 13-19, 2020},
  pages        = {14509--14518},
  publisher    = {Computer Vision Foundation / {IEEE}},
  year         = {2020},
  url          = {https://openaccess.thecvf.com/content\_CVPR\_2020/html/Zhang\_Understanding\_Adversarial\_Examples\_From\_the\_Mutual\_Influence\_of\_Images\_and\_CVPR\_2020\_paper.html},
  doi          = {10.1109/CVPR42600.2020.01453},
  timestamp    = {Tue, 31 Aug 2021 14:00:04 +0200},
  biburl       = {https://dblp.org/rec/conf/cvpr/ZhangBIK20.bib},
  bibsource    = {dblp computer science bibliography, https://dblp.org}
}

@inproceedings{ddpm,
  author       = {Jonathan Ho and
                  Ajay Jain and
                  Pieter Abbeel},
  editor       = {Hugo Larochelle and
                  Marc'Aurelio Ranzato and
                  Raia Hadsell and
                  Maria{-}Florina Balcan and
                  Hsuan{-}Tien Lin},
  title        = {Denoising Diffusion Probabilistic Models},
  booktitle    = {Advances in Neural Information Processing Systems 33: Annual Conference
                  on Neural Information Processing Systems 2020, NeurIPS 2020, December
                  6-12, 2020, virtual},
  year         = {2020},
  url          = {https://proceedings.neurips.cc/paper/2020/hash/4c5bcfec8584af0d967f1ab10179ca4b-Abstract.html},
  timestamp    = {Tue, 19 Jan 2021 15:57:09 +0100},
  biburl       = {https://dblp.org/rec/conf/nips/HoJA20.bib},
  bibsource    = {dblp computer science bibliography, https://dblp.org}
}

@article{deep_explore,
  author       = {Kexin Pei and
                  Yinzhi Cao and
                  Junfeng Yang and
                  Suman Jana},
  title        = {DeepXplore: automated whitebox testing of deep learning systems},
  journal      = {Commun. {ACM}},
  volume       = {62},
  number       = {11},
  pages        = {137--145},
  year         = {2019},
  url          = {https://doi.org/10.1145/3361566},
  doi          = {10.1145/3361566},
  timestamp    = {Tue, 05 Nov 2019 08:27:31 +0100},
  biburl       = {https://dblp.org/rec/journals/cacm/PeiCYJ19.bib},
  bibsource    = {dblp computer science bibliography, https://dblp.org}
}

@article{deep_face,
  author       = {Yaoyao Zhong and
                  Weihong Deng},
  title        = {Towards Transferable Adversarial Attack Against Deep Face Recognition},
  journal      = {{IEEE} Trans. Inf. Forensics Secur.},
  volume       = {16},
  pages        = {1452--1466},
  year         = {2021},
  url          = {https://doi.org/10.1109/TIFS.2020.3036801},
  doi          = {10.1109/TIFS.2020.3036801},
  timestamp    = {Thu, 11 Feb 2021 11:54:43 +0100},
  biburl       = {https://dblp.org/rec/journals/tifs/ZhongD21.bib},
  bibsource    = {dblp computer science bibliography, https://dblp.org}
}

@inproceedings{deep_gauge,
  author       = {Lei Ma and
                  Felix Juefei{-}Xu and
                  Fuyuan Zhang and
                  Jiyuan Sun and
                  Minhui Xue and
                  Bo Li and
                  Chunyang Chen and
                  Ting Su and
                  Li Li and
                  Yang Liu and
                  Jianjun Zhao and
                  Yadong Wang},
  editor       = {Marianne Huchard and
                  Christian K{\"{a}}stner and
                  Gordon Fraser},
  title        = {DeepGauge: multi-granularity testing criteria for deep learning systems},
  booktitle    = {Proceedings of the 33rd {ACM/IEEE} International Conference on Automated
                  Software Engineering, {ASE} 2018, Montpellier, France, September 3-7,
                  2018},
  pages        = {120--131},
  publisher    = {{ACM}},
  year         = {2018},
  url          = {https://doi.org/10.1145/3238147.3238202},
  doi          = {10.1145/3238147.3238202},
  timestamp    = {Wed, 16 Oct 2024 16:36:24 +0200},
  biburl       = {https://dblp.org/rec/conf/kbse/MaJZSXLCSLLZW18.bib},
  bibsource    = {dblp computer science bibliography, https://dblp.org}
}

@article{defense_gan,
  title={GAN-based classifier protection against adversarial attacks},
  author={Liu, Shuqi and Shao, Mingwen and Liu, Xinping},
  journal={Journal of Intelligent \& Fuzzy Systems},
  volume={39},
  number={5},
  pages={7085--7095},
  year={2020},
  publisher={IOS Press}
}

@inproceedings{densepure,
  author       = {Chaowei Xiao and
                  Zhongzhu Chen and
                  Kun Jin and
                  Jiongxiao Wang and
                  Weili Nie and
                  Mingyan Liu and
                  Anima Anandkumar and
                  Bo Li and
                  Dawn Song},
  title        = {DensePure: Understanding Diffusion Models for Adversarial Robustness},
  booktitle    = {The Eleventh International Conference on Learning Representations,
                  {ICLR} 2023, Kigali, Rwanda, May 1-5, 2023},
  publisher    = {OpenReview.net},
  year         = {2023},
  url          = {https://openreview.net/forum?id=p7hvOJ6Gq0i},
  timestamp    = {Wed, 24 Jul 2024 16:50:33 +0200},
  biburl       = {https://dblp.org/rec/conf/iclr/XiaoCJWNLA0S23.bib},
  bibsource    = {dblp computer science bibliography, https://dblp.org}
}

@inproceedings{dg,
  title={Adversarial example detection using latent neighborhood graph},
  author={Abusnaina, Ahmed and Wu, Yuhang and Arora, Sunpreet and Wang, Yizhen and Wang, Fei and Yang, Hao and Mohaisen, David},
  booktitle={Proceedings of the IEEE/CVF International Conference on Computer Vision},
  pages={7687--7696},
  year={2021}
}

@inproceedings{diffpure,
  author       = {Weili Nie and
                  Brandon Guo and
                  Yujia Huang and
                  Chaowei Xiao and
                  Arash Vahdat and
                  Animashree Anandkumar},
  editor       = {Kamalika Chaudhuri and
                  Stefanie Jegelka and
                  Le Song and
                  Csaba Szepesv{\'{a}}ri and
                  Gang Niu and
                  Sivan Sabato},
  title        = {Diffusion Models for Adversarial Purification},
  booktitle    = {International Conference on Machine Learning, {ICML} 2022, 17-23 July
                  2022, Baltimore, Maryland, {USA}},
  series       = {Proceedings of Machine Learning Research},
  volume       = {162},
  pages        = {16805--16827},
  publisher    = {{PMLR}},
  year         = {2022},
  url          = {https://proceedings.mlr.press/v162/nie22a.html},
  timestamp    = {Tue, 12 Jul 2022 17:36:52 +0200},
  biburl       = {https://dblp.org/rec/conf/icml/NieGHXVA22.bib},
  bibsource    = {dblp computer science bibliography, https://dblp.org}
}

@inproceedings{disco,
  author       = {Chih{-}Hui Ho and
                  Nuno Vasconcelos},
  editor       = {Sanmi Koyejo and
                  S. Mohamed and
                  A. Agarwal and
                  Danielle Belgrave and
                  K. Cho and
                  A. Oh},
  title        = {{DISCO:} Adversarial Defense with Local Implicit Functions},
  booktitle    = {Advances in Neural Information Processing Systems 35: Annual Conference
                  on Neural Information Processing Systems 2022, NeurIPS 2022, New Orleans,
                  LA, USA, November 28 - December 9, 2022},
  year         = {2022},
  url          = {http://papers.nips.cc/paper\_files/paper/2022/hash/96930636e3fb63935e2af153d1cc40a3-Abstract-Conference.html},
  timestamp    = {Mon, 08 Jan 2024 16:31:32 +0100},
  biburl       = {https://dblp.org/rec/conf/nips/HoV22.bib},
  bibsource    = {dblp computer science bibliography, https://dblp.org}
}

@inproceedings{distill,
  author       = {Nicolas Papernot and
                  Patrick D. McDaniel and
                  Xi Wu and
                  Somesh Jha and
                  Ananthram Swami},
  title        = {Distillation as a Defense to Adversarial Perturbations Against Deep
                  Neural Networks},
  booktitle    = {{IEEE} Symposium on Security and Privacy, {SP} 2016, San Jose, CA,
                  USA, May 22-26, 2016},
  pages        = {582--597},
  publisher    = {{IEEE} Computer Society},
  year         = {2016},
  url          = {https://doi.org/10.1109/SP.2016.41},
  doi          = {10.1109/SP.2016.41},
  timestamp    = {Fri, 24 Mar 2023 00:03:11 +0100},
  biburl       = {https://dblp.org/rec/conf/sp/PapernotM0JS16.bib},
  bibsource    = {dblp computer science bibliography, https://dblp.org}
}

@inproceedings{double,
  author       = {Philipp Benz and
                  Chaoning Zhang and
                  Tooba Imtiaz and
                  In So Kweon},
  editor       = {Hiroshi Ishikawa and
                  Cheng{-}Lin Liu and
                  Tom{\'{a}}s Pajdla and
                  Jianbo Shi},
  title        = {Double Targeted Universal Adversarial Perturbations},
  booktitle    = {Computer Vision - {ACCV} 2020 - 15th Asian Conference on Computer
                  Vision, Kyoto, Japan, November 30 - December 4, 2020, Revised Selected
                  Papers, Part {IV}},
  series       = {Lecture Notes in Computer Science},
  volume       = {12625},
  pages        = {284--300},
  publisher    = {Springer},
  year         = {2020},
  url          = {https://doi.org/10.1007/978-3-030-69538-5\_18},
  doi          = {10.1007/978-3-030-69538-5\_18},
  timestamp    = {Tue, 07 May 2024 20:07:07 +0200},
  biburl       = {https://dblp.org/rec/conf/accv/BenzZIK20.bib},
  bibsource    = {dblp computer science bibliography, https://dblp.org}
}

@inproceedings{er_classifier,
  title={Towards robustness of deep neural networks via regularization},
  author={Li, Yao and Min, Martin Renqiang and Lee, Thomas and Yu, Wenchao and Kruus, Erik and Wang, Wei and Hsieh, Cho-Jui},
  booktitle={Proceedings of the IEEE/CVF International Conference on Computer Vision},
  pages={7496--7505},
  year={2021}
}

@inproceedings{face,
  author       = {Takuma Amada and
                  Seng Pei Liew and
                  Kazuya Kakizaki and
                  Toshinori Araki},
  title        = {Universal Adversarial Spoofing Attacks against Face Recognition},
  booktitle    = {International {IEEE} Joint Conference on Biometrics, {IJCB} 2021,
                  Shenzhen, China, August 4-7, 2021},
  pages        = {1--7},
  publisher    = {{IEEE}},
  year         = {2021},
  url          = {https://doi.org/10.1109/IJCB52358.2021.9484380},
  doi          = {10.1109/IJCB52358.2021.9484380},
  timestamp    = {Fri, 23 Jul 2021 10:00:59 +0200},
  biburl       = {https://dblp.org/rec/conf/icb/AmadaLKA21.bib},
  bibsource    = {dblp computer science bibliography, https://dblp.org}
}

@inproceedings{fast,
  author       = {Eric Wong and
                  Leslie Rice and
                  J. Zico Kolter},
  title        = {Fast is better than free: Revisiting adversarial training},
  booktitle    = {8th International Conference on Learning Representations, {ICLR} 2020,
                  Addis Ababa, Ethiopia, April 26-30, 2020},
  publisher    = {OpenReview.net},
  year         = {2020},
  url          = {https://openreview.net/forum?id=BJx040EFvH},
  timestamp    = {Sat, 30 Sep 2023 09:45:47 +0200},
  biburl       = {https://dblp.org/rec/conf/iclr/WongRK20.bib},
  bibsource    = {dblp computer science bibliography, https://dblp.org}
}

@inproceedings{fat,
  author       = {Jinghui Chen and
                  Yu Cheng and
                  Zhe Gan and
                  Quanquan Gu and
                  Jingjing Liu},
  title        = {Efficient Robust Training via Backward Smoothing},
  booktitle    = {Thirty-Sixth {AAAI} Conference on Artificial Intelligence, {AAAI}
                  2022, Thirty-Fourth Conference on Innovative Applications of Artificial
                  Intelligence, {IAAI} 2022, The Twelveth Symposium on Educational Advances
                  in Artificial Intelligence, {EAAI} 2022 Virtual Event, February 22
                  - March 1, 2022},
  pages        = {6222--6230},
  publisher    = {{AAAI} Press},
  year         = {2022},
  url          = {https://doi.org/10.1609/aaai.v36i6.20571},
  doi          = {10.1609/AAAI.V36I6.20571},
  timestamp    = {Mon, 04 Sep 2023 16:50:23 +0200},
  biburl       = {https://dblp.org/rec/conf/aaai/Chen0GGL22.bib},
  bibsource    = {dblp computer science bibliography, https://dblp.org}
}

@inproceedings{fdenoise,
  title={Feature denoising for improving adversarial robustness},
  author={Xie, Cihang and Wu, Yuxin and Maaten, Laurens van der and Yuille, Alan L and He, Kaiming},
  booktitle={Proceedings of the IEEE/CVF conference on computer vision and pattern recognition},
  pages={501--509},
  year={2019}
}

@inproceedings{fgsm,
  author       = {Ian J. Goodfellow and
                  Jonathon Shlens and
                  Christian Szegedy},
  editor       = {Yoshua Bengio and
                  Yann LeCun},
  title        = {Explaining and Harnessing Adversarial Examples},
  booktitle    = {3rd International Conference on Learning Representations, {ICLR} 2015,
                  San Diego, CA, USA, May 7-9, 2015, Conference Track Proceedings},
  year         = {2015},
  url          = {http://arxiv.org/abs/1412.6572},
  timestamp    = {Thu, 25 Jul 2019 14:25:38 +0200},
  biburl       = {https://dblp.org/rec/journals/corr/GoodfellowSS14.bib},
  bibsource    = {dblp computer science bibliography, https://dblp.org}
}

@article{fns,
  title={Improving Adversarial Robustness Against Universal Patch Attacks Through Feature Norm Suppressing},
  author={Yu, Cheng and Chen, Jiansheng and Wang, Yu and Xue, Youze and Ma, Huimin},
  journal={IEEE Transactions on Neural Networks and Learning Systems},
  year={2023},
  publisher={IEEE}
}

@article{fool_topic,
  author       = {Zhen Wang and
                  Yitao Zheng and
                  Hai Zhu and
                  Chang Yang and
                  Tianyi Chen},
  title        = {Transferable adversarial examples can efficiently fool topic models},
  journal      = {Comput. Secur.},
  volume       = {118},
  pages        = {102749},
  year         = {2022},
  url          = {https://doi.org/10.1016/j.cose.2022.102749},
  doi          = {10.1016/J.COSE.2022.102749},
  timestamp    = {Mon, 28 Aug 2023 21:25:40 +0200},
  biburl       = {https://dblp.org/rec/journals/compsec/WangZZYC22.bib},
  bibsource    = {dblp computer science bibliography, https://dblp.org}
}

@article{fusion,
  author       = {Wenyu Peng and
                  Renyang Liu and
                  Ruxin Wang and
                  Taining Cheng and
                  Zifeng Wu and
                  Li Cai and
                  Wei Zhou},
  title        = {EnsembleFool: {A} method to generate adversarial examples based on
                  model fusion strategy},
  journal      = {Comput. Secur.},
  volume       = {107},
  pages        = {102317},
  year         = {2021},
  url          = {https://doi.org/10.1016/j.cose.2021.102317},
  doi          = {10.1016/J.COSE.2021.102317},
  timestamp    = {Mon, 28 Aug 2023 21:26:05 +0200},
  biburl       = {https://dblp.org/rec/journals/compsec/PengLWCWCZ21.bib},
  bibsource    = {dblp computer science bibliography, https://dblp.org}
}

@inproceedings{gap,
  author       = {Omid Poursaeed and
                  Isay Katsman and
                  Bicheng Gao and
                  Serge J. Belongie},
  title        = {Generative Adversarial Perturbations},
  booktitle    = {2018 {IEEE} Conference on Computer Vision and Pattern Recognition,
                  {CVPR} 2018, Salt Lake City, UT, USA, June 18-22, 2018},
  pages        = {4422--4431},
  publisher    = {Computer Vision Foundation / {IEEE} Computer Society},
  year         = {2018},
  url          = {http://openaccess.thecvf.com/content\_cvpr\_2018/html/Poursaeed\_Generative\_Adversarial\_Perturbations\_CVPR\_2018\_paper.html},
  doi          = {10.1109/CVPR.2018.00465},
  timestamp    = {Sat, 30 Sep 2023 09:38:20 +0200},
  biburl       = {https://dblp.org/rec/conf/cvpr/PoursaeedKGB18.bib},
  bibsource    = {dblp computer science bibliography, https://dblp.org}
}

@inproceedings{hgd,
  title={Defense against adversarial attacks using high-level representation guided denoiser},
  author={Liao, Fangzhou and Liang, Ming and Dong, Yinpeng and Pang, Tianyu and Hu, Xiaolin and Zhu, Jun},
  booktitle={Proceedings of the IEEE conference on computer vision and pattern recognition},
  pages={1778--1787},
  year={2018}
}

@inproceedings{irugd,
  author       = {Sven Gowal and
                  Sylvestre{-}Alvise Rebuffi and
                  Olivia Wiles and
                  Florian Stimberg and
                  Dan Andrei Calian and
                  Timothy A. Mann},
  editor       = {Marc'Aurelio Ranzato and
                  Alina Beygelzimer and
                  Yann N. Dauphin and
                  Percy Liang and
                  Jennifer Wortman Vaughan},
  title        = {Improving Robustness using Generated Data},
  booktitle    = {Advances in Neural Information Processing Systems 34: Annual Conference
                  on Neural Information Processing Systems 2021, NeurIPS 2021, December
                  6-14, 2021, virtual},
  pages        = {4218--4233},
  year         = {2021},
  url          = {https://proceedings.neurips.cc/paper/2021/hash/21ca6d0cf2f25c4dbb35d8dc0b679c3f-Abstract.html},
  timestamp    = {Tue, 03 May 2022 16:20:47 +0200},
  biburl       = {https://dblp.org/rec/conf/nips/GowalRWSCM21.bib},
  bibsource    = {dblp computer science bibliography, https://dblp.org}
}

@article{ltd,
  title={Ltd: Low temperature distillation for robust adversarial training},
  author={Chen, Erh-Chung and Lee, Che-Rung},
  journal={arXiv preprint arXiv:2111.02331},
  year={2021}
}

@inproceedings{nag,
  author       = {Konda Reddy Mopuri and
                  Utkarsh Ojha and
                  Utsav Garg and
                  R. Venkatesh Babu},
  title        = {{NAG:} Network for Adversary Generation},
  booktitle    = {2018 {IEEE} Conference on Computer Vision and Pattern Recognition,
                  {CVPR} 2018, Salt Lake City, UT, USA, June 18-22, 2018},
  pages        = {742--751},
  publisher    = {Computer Vision Foundation / {IEEE} Computer Society},
  year         = {2018},
  url          = {http://openaccess.thecvf.com/content\_cvpr\_2018/html/Mopuri\_NAG\_Network\_for\_CVPR\_2018\_paper.html},
  doi          = {10.1109/CVPR.2018.00084},
  timestamp    = {Fri, 24 Mar 2023 00:02:51 +0100},
  biburl       = {https://dblp.org/rec/conf/cvpr/MopuriOGB18.bib},
  bibsource    = {dblp computer science bibliography, https://dblp.org}
}

@inproceedings{nas_robust,
  title={When nas meets robustness: In search of robust architectures against adversarial attacks},
  author={Guo, Minghao and Yang, Yuzhe and Xu, Rui and Liu, Ziwei and Lin, Dahua},
  booktitle={Proceedings of the IEEE/CVF Conference on Computer Vision and Pattern Recognition},
  pages={631--640},
  year={2020}
}

@inproceedings{pgd,
  author       = {Aleksander Madry and
                  Aleksandar Makelov and
                  Ludwig Schmidt and
                  Dimitris Tsipras and
                  Adrian Vladu},
  title        = {Towards Deep Learning Models Resistant to Adversarial Attacks},
  booktitle    = {6th International Conference on Learning Representations, {ICLR} 2018,
                  Vancouver, BC, Canada, April 30 - May 3, 2018, Conference Track Proceedings},
  publisher    = {OpenReview.net},
  year         = {2018},
  url          = {https://openreview.net/forum?id=rJzIBfZAb},
  timestamp    = {Thu, 25 Jul 2019 14:25:44 +0200},
  biburl       = {https://dblp.org/rec/conf/iclr/MadryMSTV18.bib},
  bibsource    = {dblp computer science bibliography, https://dblp.org}
}

@inproceedings{rs0,
  author       = {Jeremy Cohen and
                  Elan Rosenfeld and
                  J. Zico Kolter},
  editor       = {Kamalika Chaudhuri and
                  Ruslan Salakhutdinov},
  title        = {Certified Adversarial Robustness via Randomized Smoothing},
  booktitle    = {Proceedings of the 36th International Conference on Machine Learning,
                  {ICML} 2019, 9-15 June 2019, Long Beach, California, {USA}},
  series       = {Proceedings of Machine Learning Research},
  volume       = {97},
  pages        = {1310--1320},
  publisher    = {{PMLR}},
  year         = {2019},
  url          = {http://proceedings.mlr.press/v97/cohen19c.html},
  timestamp    = {Mon, 07 Aug 2023 17:37:03 +0200},
  biburl       = {https://dblp.org/rec/conf/icml/CohenRK19.bib},
  bibsource    = {dblp computer science bibliography, https://dblp.org}
}

@inproceedings{rs1,
  author       = {Han Cheol Moon and
                  Shafiq R. Joty and
                  Ruochen Zhao and
                  Megh Thakkar and
                  Chi Xu},
  editor       = {Anna Rogers and
                  Jordan L. Boyd{-}Graber and
                  Naoaki Okazaki},
  title        = {Randomized Smoothing with Masked Inference for Adversarially Robust
                  Text Classifications},
  booktitle    = {Proceedings of the 61st Annual Meeting of the Association for Computational
                  Linguistics (Volume 1: Long Papers), {ACL} 2023, Toronto, Canada,
                  July 9-14, 2023},
  pages        = {5145--5165},
  publisher    = {Association for Computational Linguistics},
  year         = {2023},
  url          = {https://doi.org/10.18653/v1/2023.acl-long.282},
  doi          = {10.18653/V1/2023.ACL-LONG.282},
  timestamp    = {Thu, 10 Aug 2023 12:35:55 +0200},
  biburl       = {https://dblp.org/rec/conf/acl/MoonJZTX23.bib},
  bibsource    = {dblp computer science bibliography, https://dblp.org}
}

@inproceedings{rs2,
  author       = {Rapha{\"{e}}l Olivier and
                  Bhiksha Raj},
  editor       = {Marie{-}Francine Moens and
                  Xuanjing Huang and
                  Lucia Specia and
                  Scott Wen{-}tau Yih},
  title        = {Sequential Randomized Smoothing for Adversarially Robust Speech Recognition},
  booktitle    = {Proceedings of the 2021 Conference on Empirical Methods in Natural
                  Language Processing, {EMNLP} 2021, Virtual Event / Punta Cana, Dominican
                  Republic, 7-11 November, 2021},
  pages        = {6372--6386},
  publisher    = {Association for Computational Linguistics},
  year         = {2021},
  url          = {https://doi.org/10.18653/v1/2021.emnlp-main.514},
  doi          = {10.18653/V1/2021.EMNLP-MAIN.514},
  timestamp    = {Fri, 16 Feb 2024 08:27:36 +0100},
  biburl       = {https://dblp.org/rec/conf/emnlp/OlivierR21.bib},
  bibsource    = {dblp computer science bibliography, https://dblp.org}
}

@inproceedings{sadl,
  author       = {Jinhan Kim and
                  Robert Feldt and
                  Shin Yoo},
  editor       = {Joanne M. Atlee and
                  Tevfik Bultan and
                  Jon Whittle},
  title        = {Guiding deep learning system testing using surprise adequacy},
  booktitle    = {Proceedings of the 41st International Conference on Software Engineering,
                  {ICSE} 2019, Montreal, QC, Canada, May 25-31, 2019},
  pages        = {1039--1049},
  publisher    = {{IEEE} / {ACM}},
  year         = {2019},
  url          = {https://doi.org/10.1109/ICSE.2019.00108},
  doi          = {10.1109/ICSE.2019.00108},
  timestamp    = {Tue, 24 May 2022 15:28:49 +0200},
  biburl       = {https://dblp.org/rec/conf/icse/KimFY19.bib},
  bibsource    = {dblp computer science bibliography, https://dblp.org}
}

@article{sat,
  title={Self-adaptive training: beyond empirical risk minimization},
  author={Huang, Lang and Zhang, Chao and Zhang, Hongyang},
  journal={Advances in neural information processing systems},
  volume={33},
  pages={19365--19376},
  year={2020}
}

@inproceedings{score,
  title={Robustness and accuracy could be reconcilable by (proper) definition},
  author={Pang, Tianyu and Lin, Min and Yang, Xiao and Zhu, Jun and Yan, Shuicheng},
  booktitle={International Conference on Machine Learning},
  pages={17258--17277},
  year={2022},
  organization={PMLR}
}

@inproceedings{singular,
  author       = {Valentin Khrulkov and
                  Ivan V. Oseledets},
  title        = {Art of Singular Vectors and Universal Adversarial Perturbations},
  booktitle    = {2018 {IEEE} Conference on Computer Vision and Pattern Recognition,
                  {CVPR} 2018, Salt Lake City, UT, USA, June 18-22, 2018},
  pages        = {8562--8570},
  publisher    = {Computer Vision Foundation / {IEEE} Computer Society},
  year         = {2018},
  url          = {http://openaccess.thecvf.com/content\_cvpr\_2018/html/Khrulkov\_Art\_of\_Singular\_CVPR\_2018\_paper.html},
  doi          = {10.1109/CVPR.2018.00893},
  timestamp    = {Fri, 24 Mar 2023 00:02:54 +0100},
  biburl       = {https://dblp.org/rec/conf/cvpr/KhrulkovO18.bib},
  bibsource    = {dblp computer science bibliography, https://dblp.org}
}

@article{speech,
  author       = {Zheng Sun and
                  Jinxiao Zhao and
                  Feng Guo and
                  Yuxuan Chen and
                  Lei Ju},
  title        = {CommanderUAP: a practical and transferable universal adversarial attacks
                  on speech recognition models},
  journal      = {Cybersecur.},
  volume       = {7},
  number       = {1},
  pages        = {38},
  year         = {2024},
  url          = {https://doi.org/10.1186/s42400-024-00218-8},
  doi          = {10.1186/S42400-024-00218-8},
  timestamp    = {Mon, 17 Jun 2024 09:44:24 +0200},
  biburl       = {https://dblp.org/rec/journals/cybersec/SunZGCJ24.bib},
  bibsource    = {dblp computer science bibliography, https://dblp.org}
}

@inproceedings{spgd,
  author       = {Chaithanya Kumar Mummadi and
                  Thomas Brox and
                  Jan Hendrik Metzen},
  title        = {Defending Against Universal Perturbations With Shared Adversarial
                  Training},
  booktitle    = {2019 {IEEE/CVF} International Conference on Computer Vision, {ICCV}
                  2019, Seoul, Korea (South), October 27 - November 2, 2019},
  pages        = {4927--4936},
  publisher    = {{IEEE}},
  year         = {2019},
  url          = {https://doi.org/10.1109/ICCV.2019.00503},
  doi          = {10.1109/ICCV.2019.00503},
  timestamp    = {Thu, 05 Mar 2020 13:43:22 +0100},
  biburl       = {https://dblp.org/rec/conf/iccv/MummadiBM19.bib},
  bibsource    = {dblp computer science bibliography, https://dblp.org}
}

@article{sur_sees,
  author       = {Joana Cabral Costa and
                  Tiago Roxo and
                  Hugo Proen{\c{c}}a and
                  Pedro Ricardo M. In{\'{a}}cio},
  title        = {How Deep Learning Sees the World: {A} Survey on Adversarial Attacks
                  {\&} Defenses},
  journal      = {{IEEE} Access},
  volume       = {12},
  pages        = {61113--61136},
  year         = {2024},
  url          = {https://doi.org/10.1109/ACCESS.2024.3395118},
  doi          = {10.1109/ACCESS.2024.3395118},
  timestamp    = {Thu, 03 Oct 2024 00:45:27 +0200},
  biburl       = {https://dblp.org/rec/journals/access/CostaR0I24.bib},
  bibsource    = {dblp computer science bibliography, https://dblp.org}
}

@inproceedings{trades,
  author       = {Hongyang Zhang and
                  Yaodong Yu and
                  Jiantao Jiao and
                  Eric P. Xing and
                  Laurent El Ghaoui and
                  Michael I. Jordan},
  editor       = {Kamalika Chaudhuri and
                  Ruslan Salakhutdinov},
  title        = {Theoretically Principled Trade-off between Robustness and Accuracy},
  booktitle    = {Proceedings of the 36th International Conference on Machine Learning,
                  {ICML} 2019, 9-15 June 2019, Long Beach, California, {USA}},
  series       = {Proceedings of Machine Learning Research},
  volume       = {97},
  pages        = {7472--7482},
  publisher    = {{PMLR}},
  year         = {2019},
  url          = {http://proceedings.mlr.press/v97/zhang19p.html},
  timestamp    = {Thu, 25 Aug 2022 08:42:37 +0200},
  biburl       = {https://dblp.org/rec/conf/icml/ZhangYJXGJ19.bib},
  bibsource    = {dblp computer science bibliography, https://dblp.org}
}

@inproceedings{uap,
  author    = {Seyed{-}Mohsen Moosavi{-}Dezfooli and
               Alhussein Fawzi and
               Omar Fawzi and
               Pascal Frossard},
  title     = {Universal Adversarial Perturbations},
  booktitle = {2017 {IEEE} Conference on Computer Vision and Pattern Recognition,
               {CVPR} 2017, Honolulu, HI, USA, July 21-26, 2017},
  pages     = {86--94},
  publisher = {{IEEE} Computer Society},
  year      = {2017},
  url       = {https://doi.org/10.1109/CVPR.2017.17},
  doi       = {10.1109/CVPR.2017.17},
  timestamp = {Wed, 16 Oct 2019 14:14:50 +0200},
  biburl    = {https://dblp.org/rec/conf/cvpr/Moosavi-Dezfooli17.bib},
  bibsource = {dblp computer science bibliography, https://dblp.org}
}

@inproceedings{uap_defense,
  author       = {Naveed Akhtar and
                  Jian Liu and
                  Ajmal Mian},
  title        = {Defense Against Universal Adversarial Perturbations},
  booktitle    = {2018 {IEEE} Conference on Computer Vision and Pattern Recognition,
                  {CVPR} 2018, Salt Lake City, UT, USA, June 18-22, 2018},
  pages        = {3389--3398},
  publisher    = {Computer Vision Foundation / {IEEE} Computer Society},
  year         = {2018},
  url          = {http://openaccess.thecvf.com/content\_cvpr\_2018/html/Akhtar\_Defense\_Against\_Universal\_CVPR\_2018\_paper.html},
  doi          = {10.1109/CVPR.2018.00357},
  timestamp    = {Fri, 24 Mar 2023 00:02:59 +0100},
  biburl       = {https://dblp.org/rec/conf/cvpr/AkhtarLM18.bib},
  bibsource    = {dblp computer science bibliography, https://dblp.org}
}

@article{uap_survey,
  author       = {Juanjuan Weng and
                  Zhiming Luo and
                  Dazhen Lin and
                  Shaozi Li},
  title        = {Comparative evaluation of recent universal adversarial perturbations
                  in image classification},
  journal      = {Comput. Secur.},
  volume       = {136},
  pages        = {103576},
  year         = {2024},
  url          = {https://doi.org/10.1016/j.cose.2023.103576},
  doi          = {10.1016/J.COSE.2023.103576},
  timestamp    = {Fri, 26 Jan 2024 07:56:45 +0100},
  biburl       = {https://dblp.org/rec/journals/compsec/WengLLL24.bib},
  bibsource    = {dblp computer science bibliography, https://dblp.org}
}

@inproceedings{uapdefensefeatregen,
  author       = {Tejas S. Borkar and
                  Felix Heide and
                  Lina J. Karam},
  title        = {Defending Against Universal Attacks Through Selective Feature Regeneration},
  booktitle    = {2020 {IEEE/CVF} Conference on Computer Vision and Pattern Recognition,
                  {CVPR} 2020, Seattle, WA, USA, June 13-19, 2020},
  pages        = {706--716},
  publisher    = {Computer Vision Foundation / {IEEE}},
  year         = {2020},
  url          = {https://openaccess.thecvf.com/content\_CVPR\_2020/html/Borkar\_Defending\_Against\_Universal\_Attacks\_Through\_Selective\_Feature\_Regeneration\_CVPR\_2020\_paper.html},
  doi          = {10.1109/CVPR42600.2020.00079},
  timestamp    = {Wed, 07 Dec 2022 23:06:30 +0100},
  biburl       = {https://dblp.org/rec/conf/cvpr/BorkarHK20.bib},
  bibsource    = {dblp computer science bibliography, https://dblp.org}
}

@inproceedings{uat,
  author       = {Ali Shafahi and
                  Mahyar Najibi and
                  Zheng Xu and
                  John P. Dickerson and
                  Larry S. Davis and
                  Tom Goldstein},
  title        = {Universal Adversarial Training},
  booktitle    = {The Thirty-Fourth {AAAI} Conference on Artificial Intelligence, {AAAI}
                  2020, The Thirty-Second Innovative Applications of Artificial Intelligence
                  Conference, {IAAI} 2020, The Tenth {AAAI} Symposium on Educational
                  Advances in Artificial Intelligence, {EAAI} 2020, New York, NY, USA,
                  February 7-12, 2020},
  pages        = {5636--5643},
  publisher    = {{AAAI} Press},
  year         = {2020},
  url          = {https://doi.org/10.1609/aaai.v34i04.6017},
  doi          = {10.1609/aaai.v34i04.6017},
  timestamp    = {Mon, 04 Sep 2023 16:50:27 +0200},
  biburl       = {https://dblp.org/rec/conf/aaai/ShafahiN0DDG20.bib},
  bibsource    = {dblp computer science bibliography, https://dblp.org}
}

