@inproceedings{ding2021vision,
  title={Vision-language transformer and query generation for referring segmentation},
  author={Ding, Henghui and Liu, Chang and Wang, Suchen and Jiang, Xudong},
  booktitle={Proceedings of the IEEE/CVF International Conference on Computer Vision},
  pages={16321--16330},
  year={2021}
}

@inproceedings{li2018referring,
  title={Referring image segmentation via recurrent refinement networks},
  author={Li, Ruiyu and Li, Kaican and Kuo, Yi-Chun and Shu, Michelle and Qi, Xiaojuan and Shen, Xiaoyong and Jia, Jiaya},
  booktitle={Proceedings of the IEEE Conference on Computer Vision and Pattern Recognition},
  pages={5745--5753},
  year={2018}
}

@article{bai2025qwen2,
  title={Qwen2. 5-VL Technical Report},
  author={Bai, Shuai and Chen, Keqin and Liu, Xuejing and Wang, Jialin and Ge, Wenbin and Song, Sibo and Dang, Kai and Wang, Peng and Wang, Shijie and Tang, Jun and others},
  journal={arXiv preprint arXiv:2502.13923},
  year={2025}
}

@inproceedings{kim2022restr,
  title={Restr: Convolution-free referring image segmentation using transformers},
  author={Kim, Namyup and Kim, Dongwon and Lan, Cuiling and Zeng, Wenjun and Kwak, Suha},
  booktitle={Proceedings of the IEEE/CVF Conference on Computer Vision and Pattern Recognition},
  pages={18145--18154},
  year={2022}
}

@inproceedings{yang2022lavt,
  title={Lavt: Language-aware vision transformer for referring image segmentation},
  author={Yang, Zhao and Wang, Jiaqi and Tang, Yansong and Chen, Kai and Zhao, Hengshuang and Torr, Philip HS},
  booktitle={Proceedings of the IEEE/CVF Conference on Computer Vision and Pattern Recognition},
  pages={18155--18165},
  year={2022}
}

@inproceedings{liu2023gres,
  title={Gres: Generalized referring expression segmentation},
  author={Liu, Chang and Ding, Henghui and Jiang, Xudong},
  booktitle={Proceedings of the IEEE/CVF conference on computer vision and pattern recognition},
  pages={23592--23601},
  year={2023}
}

@article{li2024lswinsr,
  title={LSwinSR: UAV Imagery Super-Resolution based on Linear Swin Transformer},
  author={Li, Rui and Zhao, Xiaowei},
  journal={IEEE Transactions on Geoscience and Remote Sensing},
  year={2024},
  publisher={IEEE}
}

@article{zhang2023efficient,
  title={Efficient large-scale oblique image matching based on cascade hashing and match data scheduling},
  author={Zhang, Qiyuan and Zheng, Shunyi and Zhang, Ce and Wang, Xiqi and Li, Rui},
  journal={Pattern Recognition},
  volume={138},
  pages={109442},
  year={2023},
  publisher={Elsevier}
}

@article{lyu2020uavid,
  title={UAVid: A semantic segmentation dataset for UAV imagery},
  author={Lyu, Ye and Vosselman, George and Xia, Gui-Song and Yilmaz, Alper and Yang, Michael Ying},
  journal={ISPRS journal of photogrammetry and remote sensing},
  volume={165},
  pages={108--119},
  year={2020},
  publisher={Elsevier}
}

@article{simonyan2014very,
  title={Very deep convolutional networks for large-scale image recognition},
  author={Simonyan, Karen and Zisserman, Andrew},
  journal={arXiv preprint arXiv:1409.1556},
  year={2014}
}

@inproceedings{ronneberger2015u,
  title={U-net: Convolutional networks for biomedical image segmentation},
  author={Ronneberger, Olaf and Fischer, Philipp and Brox, Thomas},
  booktitle={Medical image computing and computer-assisted intervention--MICCAI 2015: 18th international conference, Munich, Germany, October 5-9, 2015, proceedings, part III 18},
  pages={234--241},
  year={2015},
  organization={Springer}
}

@article{wang2022unetformer,
  title={UNetFormer: A UNet-like transformer for efficient semantic segmentation of remote sensing urban scene imagery},
  author={Wang, Libo and Li, Rui and Zhang, Ce and Fang, Shenghui and Duan, Chenxi and Meng, Xiaoliang and Atkinson, Peter M},
  journal={ISPRS Journal of Photogrammetry and Remote Sensing},
  volume={190},
  pages={196--214},
  year={2022},
  publisher={Elsevier}
}

@inproceedings{hu2016segmentation,
  title={Segmentation from natural language expressions},
  author={Hu, Ronghang and Rohrbach, Marcus and Darrell, Trevor},
  booktitle={Computer Vision--ECCV 2016: 14th European Conference, Amsterdam, The Netherlands, October 11--14, 2016, Proceedings, Part I 14},
  pages={108--124},
  year={2016},
  organization={Springer}
}

@inproceedings{liu2017recurrent,
  title={Recurrent multimodal interaction for referring image segmentation},
  author={Liu, Chenxi and Lin, Zhe and Shen, Xiaohui and Yang, Jimei and Lu, Xin and Yuille, Alan},
  booktitle={Proceedings of the IEEE international conference on computer vision},
  pages={1271--1280},
  year={2017}
}

@inproceedings{lai2024lisa,
  title={Lisa: Reasoning segmentation via large language model},
  author={Lai, Xin and Tian, Zhuotao and Chen, Yukang and Li, Yanwei and Yuan, Yuhui and Liu, Shu and Jia, Jiaya},
  booktitle={Proceedings of the IEEE/CVF Conference on Computer Vision and Pattern Recognition},
  pages={9579--9589},
  year={2024}
}

@article{yuan2024rrsis,
  title={Rrsis: Referring remote sensing image segmentation},
  author={Yuan, Zhenghang and Mou, Lichao and Hua, Yuansheng and Zhu, Xiao Xiang},
  journal={IEEE Transactions on Geoscience and Remote Sensing},
  year={2024},
  publisher={IEEE}
}

@inproceedings{liu2024rotated,
  title={Rotated multi-scale interaction network for referring remote sensing image segmentation},
  author={Liu, Sihan and Ma, Yiwei and Zhang, Xiaoqing and Wang, Haowei and Ji, Jiayi and Sun, Xiaoshuai and Ji, Rongrong},
  booktitle={Proceedings of the IEEE/CVF Conference on Computer Vision and Pattern Recognition},
  pages={26658--26668},
  year={2024}
}

@article{lei2024exploring,
  title={Exploring fine-grained image-text alignment for referring remote sensing image segmentation},
  author={Lei, Sen and Xiao, Xinyu and Zhang, Tianlin and Li, Heng-Chao and Shi, Zhenwei and Zhu, Qing},
  journal={IEEE Transactions on Geoscience and Remote Sensing},
  year={2024},
  publisher={IEEE}
}

@article{shi2025multimodal,
  title={Multimodal-Aware Fusion Network for Referring Remote Sensing Image Segmentation},
  author={Shi, Leideng and Zhang, Juan},
  journal={IEEE Geoscience and Remote Sensing Letters},
  year={2025},
  publisher={IEEE}
}

@article{zhang2025referring,
  title={Referring Remote Sensing Image Segmentation via Bidirectional Alignment Guided Joint Prediction},
  author={Zhang, Tianxiang and Wen, Zhaokun and Kong, Bo and Liu, Kecheng and Zhang, Yisi and Zhuang, Peixian and Li, Jiangyun},
  journal={arXiv preprint arXiv:2502.08486},
  year={2025}
}

@article{chen2025rsrefseg,
  title={RSRefSeg: Referring Remote Sensing Image Segmentation with Foundation Models},
  author={Chen, Keyan and Zhang, Jiafan and Liu, Chenyang and Zou, Zhengxia and Shi, Zhenwei},
  journal={arXiv preprint arXiv:2501.06809},
  year={2025}
}

@article{li2025scale,
  title={Scale-wise Bidirectional Alignment Network for Referring Remote Sensing Image Segmentation},
  author={Li, Kun and Vosselman, George and Yang, Michael Ying},
  journal={arXiv preprint arXiv:2501.00851},
  year={2025}
}

@article{dong2024cross,
  title={Cross-modal bidirectional interaction model for referring remote sensing image segmentation},
  author={Dong, Zhe and Sun, Yuzhe and Gu, Yanfeng and Liu, Tianzhu},
  journal={arXiv preprint arXiv:2410.08613},
  year={2024}
}

@article{sharma2022uav,
  title={UAV based long range environment monitoring system with Industry 5.0 perspectives for smart city infrastructure},
  author={Sharma, Rohit and Arya, Rajeev},
  journal={Computers \& Industrial Engineering},
  volume={168},
  pages={108066},
  year={2022},
  publisher={Elsevier}
}

@article{mienna2022land,
  title={Land cover classification of treeline ecotones along a 1100 km latitudinal transect using spectral-and three-dimensional information from UAV-based aerial imagery},
  author={Mienna, Ida Marielle and Klanderud, Kari and {\O}rka, Hans Ole and Bryn, Anders and Bollands{\aa}s, Ole Martin},
  journal={Remote Sensing in Ecology and Conservation},
  volume={8},
  number={4},
  pages={536--550},
  year={2022},
  publisher={Wiley Online Library}
}

@incollection{tahir2023application,
  title={Application of unmanned aerial vehicles in precision agriculture},
  author={Tahir, Muhammad Naveed and Lan, Yubin and Zhang, Yali and Wenjiang, Huang and Wang, Yingkuan and Naqvi, Syed Muhammad Zaigham Abbas},
  booktitle={Precision Agriculture},
  pages={55--70},
  year={2023},
  publisher={Elsevier}
}

@article{shao2021assessing,
  title={Assessing city-scale green roof development potential using Unmanned Aerial Vehicle (UAV) imagery},
  author={Shao, Huamei and Song, Peihao and Mu, Bo and Tian, Guohang and Chen, Qian and He, Ruizhen and Kim, Gunwoo},
  journal={Urban Forestry \& Urban Greening},
  volume={57},
  pages={126954},
  year={2021},
  publisher={Elsevier}
}

@article{trepekli2022uav,
  title={UAV-borne, LiDAR-based elevation modelling: A method for improving local-scale urban flood risk assessment},
  author={Trepekli, Katerina and Balstr{\o}m, Thomas and Friborg, Thomas and Fog, Bjarne and Allotey, Albert N and Kofie, Richard Y and M{\o}ller-Jensen, Lasse},
  journal={Natural Hazards},
  volume={113},
  number={1},
  pages={423--451},
  year={2022},
  publisher={Springer}
}

@inproceedings{yu2016modeling,
  title={Modeling context in referring expressions},
  author={Yu, Licheng and Poirson, Patrick and Yang, Shan and Berg, Alexander C and Berg, Tamara L},
  booktitle={Computer Vision--ECCV 2016: 14th European Conference, Amsterdam, The Netherlands, October 11-14, 2016, Proceedings, Part II 14},
  pages={69--85},
  year={2016},
  organization={Springer}
}

@inproceedings{yu2018mattnet,
  title={Mattnet: Modular attention network for referring expression comprehension},
  author={Yu, Licheng and Lin, Zhe and Shen, Xiaohui and Yang, Jimei and Lu, Xin and Bansal, Mohit and Berg, Tamara L},
  booktitle={Proceedings of the IEEE conference on computer vision and pattern recognition},
  pages={1307--1315},
  year={2018}
}

@inproceedings{nagaraja2016modeling,
  title={Modeling context between objects for referring expression understanding},
  author={Nagaraja, Varun K and Morariu, Vlad I and Davis, Larry S},
  booktitle={Computer Vision--ECCV 2016: 14th European Conference, Amsterdam, The Netherlands, October 11--14, 2016, Proceedings, Part IV 14},
  pages={792--807},
  year={2016},
  organization={Springer}
}

@inproceedings{margffoy2018dynamic,
  title={Dynamic multimodal instance segmentation guided by natural language queries},
  author={Margffoy-Tuay, Edgar and P{\'e}rez, Juan C and Botero, Emilio and Arbel{\'a}ez, Pablo},
  booktitle={Proceedings of the European Conference on Computer Vision (ECCV)},
  pages={630--645},
  year={2018}
}

@inproceedings{ye2019cross,
  title={Cross-modal self-attention network for referring image segmentation},
  author={Ye, Linwei and Rochan, Mrigank and Liu, Zhi and Wang, Yang},
  booktitle={Proceedings of the IEEE/CVF conference on computer vision and pattern recognition},
  pages={10502--10511},
  year={2019}
}

@inproceedings{hu2020bi,
  title={Bi-directional relationship inferring network for referring image segmentation},
  author={Hu, Zhiwei and Feng, Guang and Sun, Jiayu and Zhang, Lihe and Lu, Huchuan},
  booktitle={Proceedings of the IEEE/CVF conference on computer vision and pattern recognition},
  pages={4424--4433},
  year={2020}
}

@inproceedings{shi2018key,
  title={Key-word-aware network for referring expression image segmentation},
  author={Shi, Hengcan and Li, Hongliang and Meng, Fanman and Wu, Qingbo},
  booktitle={Proceedings of the European Conference on Computer Vision (ECCV)},
  pages={38--54},
  year={2018}
}

@article{ding2022vlt,
  title={VLT: Vision-language transformer and query generation for referring segmentation},
  author={Ding, Henghui and Liu, Chang and Wang, Suchen and Jiang, Xudong},
  journal={IEEE Transactions on Pattern Analysis and Machine Intelligence},
  volume={45},
  number={6},
  pages={7900--7916},
  year={2022},
  publisher={IEEE}
}

@inproceedings{sun2022visual,
  title={Visual grounding in remote sensing images},
  author={Sun, Yuxi and Feng, Shanshan and Li, Xutao and Ye, Yunming and Kang, Jian and Huang, Xu},
  booktitle={Proceedings of the 30th ACM International conference on Multimedia},
  pages={404--412},
  year={2022}
}

@article{li2024language,
  title={Language-guided progressive attention for visual grounding in remote sensing images},
  author={Li, Ke and Wang, Di and Xu, Haojie and Zhong, Haodi and Wang, Cong},
  journal={IEEE Transactions on Geoscience and Remote Sensing},
  year={2024},
  publisher={IEEE}
}

@article{ding2021object,
  title={Object detection in aerial images: A large-scale benchmark and challenges},
  author={Ding, Jian and Xue, Nan and Xia, Gui-Song and Bai, Xiang and Yang, Wen and Yang, Michael Ying and Belongie, Serge and Luo, Jiebo and Datcu, Mihai and Pelillo, Marcello and others},
  journal={IEEE transactions on pattern analysis and machine intelligence},
  volume={44},
  number={11},
  pages={7778--7796},
  year={2021},
  publisher={IEEE}
}

@article{li2020object,
  title={Object detection in optical remote sensing images: A survey and a new benchmark},
  author={Li, Ke and Wan, Gang and Cheng, Gong and Meng, Liqiu and Han, Junwei},
  journal={ISPRS journal of photogrammetry and remote sensing},
  volume={159},
  pages={296--307},
  year={2020},
  publisher={Elsevier}
}

@inproceedings{pan2024rethinking,
  title={Rethinking the Implicit Optimization Paradigm with Dual Alignments for Referring Remote Sensing Image Segmentation},
  author={Pan, Yuwen and Sun, Rui and Wang, Yuan and Zhang, Tianzhu and Zhang, Yongdong},
  booktitle={Proceedings of the 32nd ACM International Conference on Multimedia},
  pages={2031--2040},
  year={2024}
}

@article{zhao2021high,
  title={High-resolution remote sensing image captioning based on structured attention},
  author={Zhao, Rui and Shi, Zhenwei and Zou, Zhengxia},
  journal={IEEE Transactions on Geoscience and Remote Sensing},
  volume={60},
  pages={1--14},
  year={2021},
  publisher={IEEE}
}

@article{zhan2023rsvg,
  title={Rsvg: Exploring data and models for visual grounding on remote sensing data},
  author={Zhan, Yang and Xiong, Zhitong and Yuan, Yuan},
  journal={IEEE Transactions on Geoscience and Remote Sensing},
  volume={61},
  pages={1--13},
  year={2023},
  publisher={IEEE}
}

@article{ding2024visual,
  title={Visual selection and multi-stage reasoning for rsvg},
  author={Ding, Yueli and Xu, Haojie and Wang, Di and Li, Ke and Tian, Yumin},
  journal={IEEE Geoscience and Remote Sensing Letters},
  year={2024},
  publisher={IEEE}
}

@inproceedings{lin2014microsoft,
  title={Microsoft coco: Common objects in context},
  author={Lin, Tsung-Yi and Maire, Michael and Belongie, Serge and Hays, James and Perona, Pietro and Ramanan, Deva and Doll{\'a}r, Piotr and Zitnick, C Lawrence},
  booktitle={Computer vision--ECCV 2014: 13th European conference, zurich, Switzerland, September 6-12, 2014, proceedings, part v 13},
  pages={740--755},
  year={2014},
  organization={Springer}
}

@inproceedings{liu2021swin,
  title={Swin transformer: Hierarchical vision transformer using shifted windows},
  author={Liu, Ze and Lin, Yutong and Cao, Yue and Hu, Han and Wei, Yixuan and Zhang, Zheng and Lin, Stephen and Guo, Baining},
  booktitle={Proceedings of the IEEE/CVF international conference on computer vision},
  pages={10012--10022},
  year={2021}
}

@article{cai2023vdd,
  title={Vdd: Varied drone dataset for semantic segmentation},
  author={Cai, Wenxiao and Jin, Ke and Hou, Jinyan and Guo, Cong and Wu, Letian and Yang, Wankou},
  journal={arXiv preprint arXiv:2305.13608},
  year={2023}
}

@inproceedings{pu2023adaptive,
  title={Adaptive rotated convolution for rotated object detection},
  author={Pu, Yifan and Wang, Yiru and Xia, Zhuofan and Han, Yizeng and Wang, Yulin and Gan, Weihao and Wang, Zidong and Song, Shiji and Huang, Gao},
  booktitle={Proceedings of the IEEE/CVF International Conference on Computer Vision},
  pages={6589--6600},
  year={2023}
}

@article{li2021abcnet,
  title={ABCNet: Attentive bilateral contextual network for efficient semantic segmentation of Fine-Resolution remotely sensed imagery},
  author={Li, Rui and Zheng, Shunyi and Zhang, Ce and Duan, Chenxi and Wang, Libo and Atkinson, Peter M},
  journal={ISPRS journal of photogrammetry and remote sensing},
  volume={181},
  pages={84--98},
  year={2021},
  publisher={Elsevier}
}

@inproceedings{hu2023beyond,
  title={Beyond one-to-one: Rethinking the referring image segmentation},
  author={Hu, Yutao and Wang, Qixiong and Shao, Wenqi and Xie, Enze and Li, Zhenguo and Han, Jungong and Luo, Ping},
  booktitle={Proceedings of the IEEE/CVF International Conference on Computer Vision},
  pages={4067--4077},
  year={2023}
}

@article{loshchilov2017decoupled,
  title={Decoupled weight decay regularization},
  author={Loshchilov, Ilya and Hutter, Frank},
  journal={arXiv preprint arXiv:1711.05101},
  year={2017}
}

@inproceedings{deng2009imagenet,
  title={Imagenet: A large-scale hierarchical image database},
  author={Deng, Jia and Dong, Wei and Socher, Richard and Li, Li-Jia and Li, Kai and Fei-Fei, Li},
  booktitle={2009 IEEE conference on computer vision and pattern recognition},
  pages={248--255},
  year={2009},
  organization={Ieee}
}

@article{paszke2019pytorch,
  title={Pytorch: An imperative style, high-performance deep learning library},
  author={Paszke, Adam and Gross, Sam and Massa, Francisco and Lerer, Adam and Bradbury, James and Chanan, Gregory and Killeen, Trevor and Lin, Zeming and Gimelshein, Natalia and Antiga, Luca and others},
  journal={Advances in neural information processing systems},
  volume={32},
  year={2019}
}

@inproceedings{devlin2019bert,
  title={Bert: Pre-training of deep bidirectional transformers for language understanding},
  author={Devlin, Jacob and Chang, Ming-Wei and Lee, Kenton and Toutanova, Kristina},
  booktitle={Proceedings of the 2019 conference of the North American chapter of the association for computational linguistics: human language technologies, volume 1 (long and short papers)},
  pages={4171--4186},
  year={2019}
}

@article{li2021multistage,
  title={Multistage attention ResU-Net for semantic segmentation of fine-resolution remote sensing images},
  author={Li, Rui and Zheng, Shunyi and Duan, Chenxi and Su, Jianlin and Zhang, Ce},
  journal={IEEE Geoscience and Remote Sensing Letters},
  volume={19},
  pages={1--5},
  year={2021},
  publisher={IEEE}
}