@article{ding2022vlt,
  title={VLT: Vision-language transformer and query generation for referring segmentation},
  author={Ding, Henghui and Liu, Chang and Wang, Suchen and Jiang, Xudong},
  journal={IEEE Trans. Pattern Anal. Mach. Intell.},
  volume={45},
  number={6},
  pages={7900--7916},
  year={2022},
  publisher={IEEE}
}

@article{ding2024visual,
  title={Visual selection and multi-stage reasoning for rsvg},
  author={Ding, Yueli and Xu, Haojie and Wang, Di and Li, Ke and Tian, Yumin},
  journal={IEEE Geosci. Remote Sens. Lett.},
  year={2024},
  publisher={IEEE}
}

@article{dong2024cross,
  title={Cross-modal bidirectional interaction model for referring remote sensing image segmentation},
  author={Dong, Zhe and Sun, Yuzhe and Gu, Yanfeng and Liu, Tianzhu},
  journal={arXiv preprint arXiv:2410.08613},
  year={2024}
}

@inproceedings{hu2016segmentation,
  title={Segmentation from natural language expressions},
  author={Hu, Ronghang and Rohrbach, Marcus and Darrell, Trevor},
  booktitle={Computer Vision--ECCV 2016: 14th European Conference, Amsterdam, The Netherlands, October 11--14, 2016, Proceedings, Part I 14},
  pages={108--124},
  year={2016},
  organization={Springer}
}

@inproceedings{hu2020bi,
  title={Bi-directional relationship inferring network for referring image segmentation},
  author={Hu, Zhiwei and Feng, Guang and Sun, Jiayu and Zhang, Lihe and Lu, Huchuan},
  booktitle={Proceedings of the IEEE/CVF conference on computer vision and pattern recognition},
  pages={4424--4433},
  year={2020}
}

@article{lei2024exploring,
  title={Exploring fine-grained image-text alignment for referring remote sensing image segmentation},
  author={Lei, Sen and Xiao, Xinyu and Zhang, Tianlin and Li, Heng-Chao and Shi, Zhenwei and Zhu, Qing},
  journal={IEEE Trans. Geosci. Remote Sens.},
  year={2024},
  publisher={IEEE}
}

@inproceedings{li2018referring,
  title={Referring image segmentation via recurrent refinement networks},
  author={Li, Ruiyu and Li, Kaican and Kuo, Yi-Chun and Shu, Michelle and Qi, Xiaojuan and Shen, Xiaoyong and Jia, Jiaya},
  booktitle={Proceedings of the IEEE Conference on Computer Vision and Pattern Recognition},
  pages={5745--5753},
  year={2018}
}

@article{li2024language,
  title={Language-guided progressive attention for visual grounding in remote sensing images},
  author={Li, Ke and Wang, Di and Xu, Haojie and Zhong, Haodi and Wang, Cong},
  journal={IEEE Trans. Geosci. Remote Sens.},
  year={2024},
  publisher={IEEE}
}

@article{li2025scale,
  title={Scale-wise Bidirectional Alignment Network for Referring Remote Sensing Image Segmentation},
  author={Li, Kun and Vosselman, George and Yang, Michael Ying},
  journal={arXiv preprint arXiv:2501.00851},
  year={2025}
}

@inproceedings{liu2023gres,
  title={Gres: Generalized referring expression segmentation},
  author={Liu, Chang and Ding, Henghui and Jiang, Xudong},
  booktitle={Proceedings of the IEEE/CVF conference on computer vision and pattern recognition},
  pages={23592--23601},
  year={2023}
}

@inproceedings{liu2024rotated,
  title={Rotated multi-scale interaction network for referring remote sensing image segmentation},
  author={Liu, Sihan and Ma, Yiwei and Zhang, Xiaoqing and Wang, Haowei and Ji, Jiayi and Sun, Xiaoshuai and Ji, Rongrong},
  booktitle={Proceedings of the IEEE/CVF Conference on Computer Vision and Pattern Recognition},
  pages={26658--26668},
  year={2024}
}

@inproceedings{margffoy2018dynamic,
  title={Dynamic multimodal instance segmentation guided by natural language queries},
  author={Margffoy-Tuay, Edgar and P{\'e}rez, Juan C and Botero, Emilio and Arbel{\'a}ez, Pablo},
  booktitle={Proceedings of the European Conference on Computer Vision (ECCV)},
  pages={630--645},
  year={2018}
}

@inproceedings{nagaraja2016modeling,
  title={Modeling context between objects for referring expression understanding},
  author={Nagaraja, Varun K and Morariu, Vlad I and Davis, Larry S},
  booktitle={Computer Vision--ECCV 2016: 14th European Conference, Amsterdam, The Netherlands, October 11--14, 2016, Proceedings, Part IV 14},
  pages={792--807},
  year={2016},
  organization={Springer}
}

@inproceedings{pan2024rethinking,
  title={Rethinking the Implicit Optimization Paradigm with Dual Alignments for Referring Remote Sensing Image Segmentation},
  author={Pan, Yuwen and Sun, Rui and Wang, Yuan and Zhang, Tianzhu and Zhang, Yongdong},
  booktitle={Proceedings of the 32nd ACM International Conference on Multimedia},
  pages={2031--2040},
  year={2024}
}

@inproceedings{shi2018key,
  title={Key-word-aware network for referring expression image segmentation},
  author={Shi, Hengcan and Li, Hongliang and Meng, Fanman and Wu, Qingbo},
  booktitle={Proceedings of the European Conference on Computer Vision (ECCV)},
  pages={38--54},
  year={2018}
}

@inproceedings{sun2022visual,
  title={Visual grounding in remote sensing images},
  author={Sun, Yuxi and Feng, Shanshan and Li, Xutao and Ye, Yunming and Kang, Jian and Huang, Xu},
  booktitle={Proceedings of the 30th ACM International conference on Multimedia},
  pages={404--412},
  year={2022}
}

@inproceedings{yang2022lavt,
  title={Lavt: Language-aware vision transformer for referring image segmentation},
  author={Yang, Zhao and Wang, Jiaqi and Tang, Yansong and Chen, Kai and Zhao, Hengshuang and Torr, Philip HS},
  booktitle={Proceedings of the IEEE/CVF Conference on Computer Vision and Pattern Recognition},
  pages={18155--18165},
  year={2022}
}

@inproceedings{ye2019cross,
  title={Cross-modal self-attention network for referring image segmentation},
  author={Ye, Linwei and Rochan, Mrigank and Liu, Zhi and Wang, Yang},
  booktitle={Proceedings of the IEEE/CVF conference on computer vision and pattern recognition},
  pages={10502--10511},
  year={2019}
}

@inproceedings{yu2016modeling,
  title={Modeling context in referring expressions},
  author={Yu, Licheng and Poirson, Patrick and Yang, Shan and Berg, Alexander C and Berg, Tamara L},
  booktitle={Computer Vision--ECCV 2016: 14th European Conference, Amsterdam, The Netherlands, October 11-14, 2016, Proceedings, Part II 14},
  pages={69--85},
  year={2016},
  organization={Springer}
}

@inproceedings{yu2018mattnet,
  title={Mattnet: Modular attention network for referring expression comprehension},
  author={Yu, Licheng and Lin, Zhe and Shen, Xiaohui and Yang, Jimei and Lu, Xin and Bansal, Mohit and Berg, Tamara L},
  booktitle={Proceedings of the IEEE conference on computer vision and pattern recognition},
  pages={1307--1315},
  year={2018}
}

@article{yuan2024rrsis,
  title={Rrsis: Referring remote sensing image segmentation},
  author={Yuan, Zhenghang and Mou, Lichao and Hua, Yuansheng and Zhu, Xiao Xiang},
  journal={IEEE Trans. Geosci. Remote Sens.},
  year={2024},
  publisher={IEEE}
}

@article{zhan2023rsvg,
  title={Rsvg: Exploring data and models for visual grounding on remote sensing data},
  author={Zhan, Yang and Xiong, Zhitong and Yuan, Yuan},
  journal={IEEE Trans. Geosci. Remote Sens.},
  volume={61},
  pages={1--13},
  year={2023},
  publisher={IEEE}
}

@article{zhang2025referring,
  title={Referring Remote Sensing Image Segmentation via Bidirectional Alignment Guided Joint Prediction},
  author={Zhang, Tianxiang and Wen, Zhaokun and Kong, Bo and Liu, Kecheng and Zhang, Yisi and Zhuang, Peixian and Li, Jiangyun},
  journal={arXiv preprint arXiv:2502.08486},
  year={2025}
}

@article{zhao2021high,
  title={High-resolution remote sensing image captioning based on structured attention},
  author={Zhao, Rui and Shi, Zhenwei and Zou, Zhengxia},
  journal={IEEE Trans. Geosci. Remote Sens.},
  volume={60},
  pages={1--14},
  year={2021},
  publisher={IEEE}
}

