@article{brown2020language,
  title={Language models are few-shot learners},
  author={Brown, Tom and Mann, Benjamin and Ryder, Nick and Subbiah, Melanie and Kaplan, Jared D and Dhariwal, Prafulla and Neelakantan, Arvind and Shyam, Pranav and Sastry, Girish and Askell, Amanda and others},
  journal={Advances in neural information processing systems},
  volume={33},
  pages={1877--1901},
  year={2020}
}

@article{das2024two,
  title={Two-layer retrieval augmented generation framework for low-resource medical question-answering: proof of concept using Reddit data},
  author={Das, Sudeshna and Ge, Yao and Guo, Yuting and Rajwal, Swati and Hairston, JaMor and Powell, Jeanne and Walker, Drew and Peddireddy, Snigdha and Lakamana, Sahithi and Bozkurt, Selen and others},
  journal={arXiv preprint arXiv:2405.19519},
  year={2024}
}

@article{ding2024retrieve,
  title={Retrieve only when it needs: Adaptive retrieval augmentation for hallucination mitigation in large language models},
  author={Ding, Hanxing and Pang, Liang and Wei, Zihao and Shen, Huawei and Cheng, Xueqi},
  journal={arXiv preprint arXiv:2402.10612},
  year={2024}
}

@inproceedings{guu2020retrieval,
  title={Retrieval augmented language model pre-training},
  author={Guu, Kelvin and Lee, Kenton and Tung, Zora and Pasupat, Panupong and Chang, Mingwei},
  booktitle={International conference on machine learning},
  pages={3929--3938},
  year={2020},
  organization={PMLR}
}

@article{jin2020disease,
  title={What disease does this patient have},
  author={Jin, Di and Pan, Eileen and Oufattole, Nassim and Weng, Wei-Hung and Fang, Hanyi and Szolovits, Peter},
  journal={A Large-scale Open Domain Question Answering Dataset from Medical Exams. arXiv [cs. CL]},
  year={2020}
}

@article{li2024uncertaintyrag,
  title={UncertaintyRAG: Span-Level Uncertainty Enhanced Long-Context Modeling for Retrieval-Augmented Generation},
  author={Li, Zixuan and Xiong, Jing and Ye, Fanghua and Zheng, Chuanyang and Wu, Xun and Lu, Jianqiao and Wan, Zhongwei and Liang, Xiaodan and Li, Chengming and Sun, Zhenan and others},
  journal={arXiv preprint arXiv:2410.02719},
  year={2024}
}

@article{liu2024ctrla,
  title={CtrlA: Adaptive Retrieval-Augmented Generation via Probe-Guided Control},
  author={Liu, Huanshuo and Zhang, Hao and Guo, Zhijiang and Dong, Kuicai and Li, Xiangyang and Lee, Yi Quan and Zhang, Cong and Liu, Yong},
  journal={arXiv preprint arXiv:2405.18727},
  year={2024}
}

@article{ozaki2024understanding,
  title={Understanding the Impact of Confidence in Retrieval Augmented Generation: A Case Study in the Medical Domain},
  author={Ozaki, Shintaro and Kato, Yuta and Feng, Siyuan and Tomita, Masayo and Hayashi, Kazuki and Obara, Ryoma and Oyamada, Masafumi and Hayashi, Katsuhiko and Kamigaito, Hidetaka and Watanabe, Taro},
  journal={arXiv preprint arXiv:2412.20309},
  year={2024}
}

@article{qiu2024entropy,
  title={Entropy-based decoding for retrieval-augmented large language models},
  author={Qiu, Zexuan and Ou, Zijing and Wu, Bin and Li, Jingjing and Liu, Aiwei and King, Irwin},
  journal={arXiv preprint arXiv:2406.17519},
  year={2024}
}

@article{shi2023mededit,
  title={Mededit: Model editing for medical question answering with external knowledge bases},
  author={Shi, Yucheng and Xu, Shaochen and Liu, Zhengliang and Liu, Tianming and Li, Xiang and Liu, Ninghao},
  journal={arXiv preprint arXiv:2309.16035},
  year={2023}
}

@article{xiong2024benchmarking,
  title={Benchmarking retrieval-augmented generation for medicine},
  author={Xiong, Guangzhi and Jin, Qiao and Lu, Zhiyong and Zhang, Aidong},
  journal={arXiv preprint arXiv:2402.13178},
  year={2024}
}

@inproceedings{xiong2024improving,
  title={Improving retrieval-augmented generation in medicine with iterative follow-up questions},
  author={Xiong, Guangzhi and Jin, Qiao and Wang, Xiao and Zhang, Minjia and Lu, Zhiyong and Zhang, Aidong},
  booktitle={Biocomputing 2025: Proceedings of the Pacific Symposium},
  pages={199--214},
  year={2024},
  organization={World Scientific}
}

