@String(PAMI = {IEEE Trans. Pattern Anal. Mach. Intell.})
@String(IJCV = {Int. J. Comput. Vis.})
@String(CVPR= {IEEE Conf. Comput. Vis. Pattern Recog.})
@String(ICCV= {Int. Conf. Comput. Vis.})
@String(ECCV= {Eur. Conf. Comput. Vis.})
@String(NIPS= {Adv. Neural Inform. Process. Syst.})
@String(ICPR = {Int. Conf. Pattern Recog.})
@String(BMVC= {Brit. Mach. Vis. Conf.})
@String(TOG= {ACM Trans. Graph.})
@String(TIP  = {IEEE Trans. Image Process.})
@String(TVCG  = {IEEE Trans. Vis. Comput. Graph.})
@String(TMM  = {IEEE Trans. Multimedia})
@String(ACMMM= {ACM Int. Conf. Multimedia})
@String(ICME = {Int. Conf. Multimedia and Expo})
@String(ICASSP=	{ICASSP})
@String(ICIP = {IEEE Int. Conf. Image Process.})
@String(ACCV  = {ACCV})
@String(ICLR = {Int. Conf. Learn. Represent.})
@String(IJCAI = {IJCAI})
@String(PR   = {Pattern Recognition})
@String(AAAI = {AAAI})
@String(CVPRW= {IEEE Conf. Comput. Vis. Pattern Recog. Worksh.})
@String(CSVT = {IEEE Trans. Circuit Syst. Video Technol.})

@String(SPL	= {IEEE Sign. Process. Letters})
@String(VR   = {Vis. Res.})
@String(JOV	 = {J. Vis.})
@String(TVC  = {The Vis. Comput.})
@String(JCST  = {J. Comput. Sci. Tech.})
@String(CGF  = {Comput. Graph. Forum})
@String(CVM = {Computational Visual Media})


@String(PAMI  = {IEEE TPAMI})
@String(IJCV  = {IJCV})
@String(CVPR  = {CVPR})
@String(ICCV  = {ICCV})
@String(ECCV  = {ECCV})
@String(NIPS  = {NeurIPS})
@String(ICPR  = {ICPR})
@String(BMVC  =	{BMVC})
@String(TOG   = {ACM TOG})
@String(TIP   = {IEEE TIP})
@String(TVCG  = {IEEE TVCG})
@String(TCSVT = {IEEE TCSVT})
@String(TMM   =	{IEEE TMM})
@String(ACMMM = {ACM MM})
@String(ICME  =	{ICME})
@String(ICASSP=	{ICASSP})
@String(ICIP  = {ICIP})
@String(ACCV  = {ACCV})
@String(ICLR  = {ICLR})
@String(IJCAI = {IJCAI})
@String(PR = {PR})
@String(AAAI = {AAAI})
@String(CVPRW= {CVPRW})
@String(CSVT = {IEEE TCSVT})



@article{berg2022self,
  title={{Self-supervised learning for scene classification in remote sensing: Current state of the art and perspectives}},
  author={Berg, Paul and Pham, Minh-Tan and Courty, Nicolas},
  journal={Remote Sensing},
  volume={14},
  number={16},
  pages={3995},
  year={2022},
  publisher={MDPI}
}
@article{jean2016combining,
  title={{Combining satellite imagery and machine learning to predict poverty}},
  author={Jean, Neal and Burke, Marshall and Xie, Michael and Davis, W Matthew and Lobell, David B and Ermon, Stefano},
  journal={Science},
  volume={353},
  number={6301},
  pages={790--794},
  year={2016},
  publisher={American Association for the Advancement of Science}
}
@article{caron2020unsupervised,
  title={{Unsupervised learning of visual features by contrasting cluster assignments}},
  author={Caron, Mathilde and Misra, Ishan and Mairal, Julien and Goyal, Priya and Bojanowski, Piotr and Joulin, Armand},
  journal={Advances in neural information processing systems},
  volume={33},
  pages={9912--9924},
  year={2020}
}

@article{calhoun2022self,
  title={{Self-supervised encoders are better transfer learners in remote sensing applications}},
  author={Calhoun, Zachary D and Lahrichi, Saad and Ren, Simiao and Malof, Jordan M and Bradbury, Kyle},
  journal={Remote Sensing},
  volume={14},
  number={21},
  pages={5500},
  year={2022},
  publisher={MDPI}
}
@Article{chen2020mocov2,
  author  = {Xinlei Chen and Haoqi Fan and Ross Girshick and Kaiming He},
  title   = {{Improved Baselines with Momentum Contrastive Learning}},
  journal = {arXiv preprint arXiv:2003.04297},
  year    = {2020},
}
@article{xiong2024earthnets,
  title={{EarthNets: Empowering artificial intelligence for Earth observation}},
  author={Xiong, Zhitong and Zhang, Fahong and Wang, Yi and Shi, Yilei and Zhu, Xiao Xiang},
  journal={IEEE Geoscience and Remote Sensing Magazine},
  year={2024},
  publisher={IEEE}
}
@article{wang2023ssl4eo,
  title={{SSL4EO-S12: A large-scale multimodal, multitemporal dataset for self-supervised learning in Earth observation [Software and Data Sets]}},
  author={Wang, Yi and Braham, Nassim Ait Ali and Xiong, Zhitong and Liu, Chenying and Albrecht, Conrad M and Zhu, Xiao Xiang},
  journal={IEEE Geoscience and Remote Sensing Magazine},
  volume={11},
  number={3},
  pages={98--106},
  year={2023},
  publisher={IEEE}
}
@inproceedings{bastani2023satlaspretrain,
  title={{Satlaspretrain: A large-scale dataset for remote sensing image understanding}},
  author={Bastani, Favyen and Wolters, Piper and Gupta, Ritwik and Ferdinando, Joe and Kembhavi, Aniruddha},
  booktitle={Proceedings of the IEEE/CVF International Conference on Computer Vision},
  pages={16772--16782},
  year={2023}
}
@inproceedings{jean2019tile2vec,
  title={{Tile2vec: Unsupervised representation learning for spatially distributed data}},
  author={Jean, Neal and Wang, Sherrie and Samar, Anshul and Azzari, George and Lobell, David and Ermon, Stefano},
  booktitle={Proceedings of the AAAI Conference on Artificial Intelligence},
  volume={33},
  pages={3967--3974},
  year={2019}
}
@inproceedings{manas2021seasonal,
  title={{Seasonal contrast: Unsupervised pre-training from uncurated remote sensing data}},
  author={Manas, Oscar and Lacoste, Alexandre and Gir{\'o}-i-Nieto, Xavier and Vazquez, David and Rodriguez, Pau},
  booktitle={Proceedings of the IEEE/CVF International Conference on Computer Vision},
  pages={9414--9423},
  year={2021}
}
@inproceedings{ayush2021geography,
  title={{Geography-aware self-supervised learning}},
  author={Ayush, Kumar and Uzkent, Burak and Meng, Chenlin and Tanmay, Kumar and Burke, Marshall and Lobell, David and Ermon, Stefano},
  booktitle={Proceedings of the IEEE/CVF International Conference on Computer Vision},
  pages={10181--10190},
  year={2021}
}

@article{hammoud2024pretraining,
  title={{On Pretraining Data Diversity for Self-Supervised Learning}},
  author={Hammoud, Hasan Abed Al Kader and Das, Tuhin and Pizzati, Fabio and Torr, Philip and Bibi, Adel and Ghanem, Bernard},
  journal={arXiv preprint arXiv:2403.13808},
  year={2024}
}

@article{cong2022satmae,
  title={Satmae: Pre-training transformers for temporal and multi-spectral satellite imagery},
  author={Cong, Yezhen and Khanna, Samar and Meng, Chenlin and Liu, Patrick and Rozi, Erik and He, Yutong and Burke, Marshall and Lobell, David and Ermon, Stefano},
  journal={Advances in Neural Information Processing Systems},
  volume={35},
  pages={197--211},
  year={2022}
}

@article{zhang2023boosting,
  title={Boosting object detectors via strong-classification weak-localization pretraining in remote sensing imagery},
  author={Zhang, Cong and Liu, Tianshan and Xiao, Jun and Lam, Kin-Man and Wang, Qi},
  journal={IEEE Transactions on Instrumentation and Measurement},
  year={2023},
  publisher={IEEE}
}

@article{pires2019convolutional,
  title={Convolutional neural network for remote-sensing scene classification: Transfer learning analysis},
  author={Pires de Lima, Rafael and Marfurt, Kurt},
  journal={Remote Sensing},
  volume={12},
  number={1},
  pages={86},
  year={2019},
  publisher={MDPI}
}

@article{tong2020land,
  title={Land-cover classification with high-resolution remote sensing images using transferable deep models},
  author={Tong, Xin-Yi and Xia, Gui-Song and Lu, Qikai and Shen, Huanfeng and Li, Shengyang and You, Shucheng and Zhang, Liangpei},
  journal={Remote Sensing of Environment},
  volume={237},
  pages={111322},
  year={2020},
  publisher={Elsevier}
}
@inproceedings{de2020using,
  title={Using satellite and aerial imagery for identification of solar PV: State of the art and research opportunities},
  author={de Hoog, Julian and Maetschke, Stefan and Ilfrich, Peter and Kolluri, Ramachandra Rao},
  booktitle={Proceedings of the Eleventh ACM International Conference on Future Energy Systems},
  pages={308--313},
  year={2020}
}

@article{malof2016automatic,
  title={Automatic detection of solar photovoltaic arrays in high resolution aerial imagery},
  author={Malof, Jordan M and Bradbury, Kyle and Collins, Leslie M and Newell, Richard G},
  journal={Applied energy},
  volume={183},
  pages={229--240},
  year={2016},
  publisher={Elsevier}
}
@inproceedings{gupta2019creating,
  title={Creating xBD: A dataset for assessing building damage from satellite imagery},
  author={Gupta, Ritwik and Goodman, Bryce and Patel, Nirav and Hosfelt, Ricky and Sajeev, Sandra and Heim, Eric and Doshi, Jigar and Lucas, Keane and Choset, Howie and Gaston, Matthew},
  booktitle={Proceedings of the IEEE/CVF conference on computer vision and pattern recognition workshops},
  pages={10--17},
  year={2019}
}
@inproceedings{demir2018deepglobe,
  title={Deepglobe 2018: A challenge to parse the earth through satellite images},
  author={Demir, Ilke and Koperski, Krzysztof and Lindenbaum, David and Pang, Guan and Huang, Jing and Basu, Saikat and Hughes, Forest and Tuia, Devis and Raskar, Ramesh},
  booktitle={Proceedings of the IEEE conference on computer vision and pattern recognition workshops},
  pages={172--181},
  year={2018}
}
@article{lam2018xview,
  title={xview: Objects in context in overhead imagery},
  author={Lam, Darius and Kuzma, Richard and McGee, Kevin and Dooley, Samuel and Laielli, Michael and Klaric, Matthew and Bulatov, Yaroslav and McCord, Brendan},
  journal={arXiv preprint arXiv:1802.07856},
  year={2018}
}
@inproceedings{christie2018functional,
  title={Functional map of the world},
  author={Christie, Gordon and Fendley, Neil and Wilson, James and Mukherjee, Ryan},
  booktitle={Proceedings of the IEEE Conference on Computer Vision and Pattern Recognition},
  pages={6172--6180},
  year={2018}
}
@article{cornebise2022open,
  title={Open high-resolution satellite imagery: The worldstrat dataset--with application to super-resolution},
  author={Cornebise, Julien and Or{\v{s}}oli{\'c}, Ivan and Kalaitzis, Freddie},
  journal={Advances in Neural Information Processing Systems},
  volume={35},
  pages={25979--25991},
  year={2022}
}
@inproceedings{chen2020simple,
  title={A simple framework for contrastive learning of visual representations},
  author={Chen, Ting and Kornblith, Simon and Norouzi, Mohammad and Hinton, Geoffrey},
  booktitle={International conference on machine learning},
  pages={1597--1607},
  year={2020},
  organization={PMLR}
}
@article{gidaris2018unsupervised,
  title={Unsupervised representation learning by predicting image rotations},
  author={Gidaris, Spyros and Singh, Praveer and Komodakis, Nikos},
  journal={arXiv preprint arXiv:1803.07728},
  year={2018}
}
@inproceedings{zhang2016colorful,
  title={Colorful image colorization},
  author={Zhang, Richard and Isola, Phillip and Efros, Alexei A},
  booktitle={Computer Vision--ECCV 2016: 14th European Conference, Amsterdam, The Netherlands, October 11-14, 2016, Proceedings, Part III 14},
  pages={649--666},
  year={2016},
  organization={Springer}
}
@inproceedings{pathak2016context,
  title={Context encoders: Feature learning by inpainting},
  author={Pathak, Deepak and Krahenbuhl, Philipp and Donahue, Jeff and Darrell, Trevor and Efros, Alexei A},
  booktitle={Proceedings of the IEEE conference on computer vision and pattern recognition},
  pages={2536--2544},
  year={2016}
}
@inproceedings{noroozi2016unsupervised,
  title={Unsupervised learning of visual representations by solving jigsaw puzzles},
  author={Noroozi, Mehdi and Favaro, Paolo},
  booktitle={European conference on computer vision},
  pages={69--84},
  year={2016},
  organization={Springer}
}
@inproceedings{doersch2015unsupervised,
  title={Unsupervised visual representation learning by context prediction},
  author={Doersch, Carl and Gupta, Abhinav and Efros, Alexei A},
  booktitle={Proceedings of the IEEE international conference on computer vision},
  pages={1422--1430},
  year={2015}
}
@inproceedings{he2020momentum,
  title={Momentum contrast for unsupervised visual representation learning},
  author={He, Kaiming and Fan, Haoqi and Wu, Yuxin and Xie, Saining and Girshick, Ross},
  booktitle={Proceedings of the IEEE/CVF conference on computer vision and pattern recognition},
  pages={9729--9738},
  year={2020}
}
@article{grill2020bootstrap,
  title={Bootstrap your own latent-a new approach to self-supervised learning},
  author={Grill, Jean-Bastien and Strub, Florian and Altch{\'e}, Florent and Tallec, Corentin and Richemond, Pierre and Buchatskaya, Elena and Doersch, Carl and Avila Pires, Bernardo and Guo, Zhaohan and Gheshlaghi Azar, Mohammad and others},
  journal={Advances in neural information processing systems},
  volume={33},
  pages={21271--21284},
  year={2020}
}
@inproceedings{he2022masked,
  title={Masked autoencoders are scalable vision learners},
  author={He, Kaiming and Chen, Xinlei and Xie, Saining and Li, Yanghao and Doll{\'a}r, Piotr and Girshick, Ross},
  booktitle={Proceedings of the IEEE/CVF conference on computer vision and pattern recognition},
  pages={16000--16009},
  year={2022}
}
@inproceedings{misra2020self,
  title={Self-supervised learning of pretext-invariant representations},
  author={Misra, Ishan and Maaten, Laurens van der},
  booktitle={Proceedings of the IEEE/CVF conference on computer vision and pattern recognition},
  pages={6707--6717},
  year={2020}
}
@article{iglovikov2018ternausnet,
  title={Ternausnet: U-net with vgg11 encoder pre-trained on imagenet for image segmentation},
  author={Iglovikov, Vladimir and Shvets, Alexey},
  journal={arXiv preprint arXiv:1801.05746},
  year={2018}
}
@article{li2021semantic,
  title={Semantic segmentation of remote sensing images with self-supervised multitask representation learning},
  author={Li, Wenyuan and Chen, Hao and Shi, Zhenwei},
  journal={IEEE Journal of Selected Topics in Applied Earth Observations and Remote Sensing},
  volume={14},
  pages={6438--6450},
  year={2021},
  publisher={IEEE}
}
@inproceedings{tao2023siamese,
  title={Siamese image modeling for self-supervised vision representation learning},
  author={Tao, Chenxin and Zhu, Xizhou and Su, Weijie and Huang, Gao and Li, Bin and Zhou, Jie and Qiao, Yu and Wang, Xiaogang and Dai, Jifeng},
  booktitle={Proceedings of the IEEE/CVF Conference on Computer Vision and Pattern Recognition},
  pages={2132--2141},
  year={2023}
}
@inproceedings{tukra2023improving,
  title={Improving visual representation learning through perceptual understanding},
  author={Tukra, Samyakh and Hoffman, Frederick and Chatfield, Ken},
  booktitle={Proceedings of the IEEE/CVF Conference on Computer Vision and Pattern Recognition},
  pages={14486--14495},
  year={2023}
}
@article{bai2023deep,
  title={Deep learning for change detection in remote sensing: a review},
  author={Bai, Ting and Wang, Le and Yin, Dameng and Sun, Kaimin and Chen, Yepei and Li, Wenzhuo and Li, Deren},
  journal={Geo-spatial Information Science},
  volume={26},
  number={3},
  pages={262--288},
  year={2023},
  publisher={Taylor \& Francis}
}
@article{joshi2023remote,
  title={Remote-sensing data and deep-learning techniques in crop mapping and yield prediction: A systematic review},
  author={Joshi, Abhasha and Pradhan, Biswajeet and Gite, Shilpa and Chakraborty, Subrata},
  journal={Remote Sensing},
  volume={15},
  number={8},
  pages={2014},
  year={2023},
  publisher={MDPI}
}
@article{adegun2023review,
  title={Review of deep learning methods for remote sensing satellite images classification: experimental survey and comparative analysis},
  author={Adegun, Adekanmi Adeyinka and Viriri, Serestina and Tapamo, Jules-Raymond},
  journal={Journal of Big Data},
  volume={10},
  number={1},
  pages={93},
  year={2023},
  publisher={Springer}
}
@article{wang2022self,
  title={Self-supervised learning in remote sensing: A review},
  author={Wang, Yi and Albrecht, Conrad M and Braham, Nassim Ait Ali and Mou, Lichao and Zhu, Xiao Xiang},
  journal={IEEE Geoscience and Remote Sensing Magazine},
  volume={10},
  number={4},
  pages={213--247},
  year={2022},
  publisher={IEEE}
}
@article{tao2023self,
  title={Self-supervised remote sensing feature learning: Learning paradigms, challenges, and future works},
  author={Tao, Chao and Qi, Ji and Guo, Mingning and Zhu, Qing and Li, Haifeng},
  journal={IEEE Transactions on Geoscience and Remote Sensing},
  volume={61},
  pages={1--26},
  year={2023},
  publisher={IEEE}
}

@inproceedings{johnson2022opensentinelmap,
  title={Opensentinelmap: A large-scale land use dataset using openstreetmap and sentinel-2 imagery},
  author={Johnson, Noah and Treible, Wayne and Crispell, Daniel},
  booktitle={Proceedings of the IEEE/CVF Conference on Computer Vision and Pattern Recognition},
  pages={1333--1341},
  year={2022}
}
@article{tao2023tov,
  title={TOV: The original vision model for optical remote sensing image understanding via self-supervised learning},
  author={Tao, Chao and Qi, Ji and Zhang, Guo and Zhu, Qing and Lu, Weipeng and Li, Haifeng},
  journal={IEEE Journal of Selected Topics in Applied Earth Observations and Remote Sensing},
  volume={16},
  pages={4916--4930},
  year={2023},
  publisher={IEEE}
}
@Article{isprs-archives-XLIII-B3-2022-1399-2022,
AUTHOR = {Risojevi\'c, V. and Stojni\'c, V.},
TITLE = {DO WE STILL NEED IMAGENET PRE-TRAINING IN REMOTE SENSING SCENE CLASSIFICATION?},
JOURNAL = {The International Archives of the Photogrammetry, Remote Sensing and Spatial Information Sciences},
VOLUME = {XLIII-B3-2022},
YEAR = {2022},
PAGES = {1399--1406},
URL = {https://www.int-arch-photogramm-remote-sens-spatial-inf-sci.net/XLIII-B3-2022/1399/2022/},
DOI = {10.5194/isprs-archives-XLIII-B3-2022-1399-2022}
}
@article{latham2014global,
  title={Global land cover share (GLC-SHARE) database beta-release version 1.0-2014},
  author={Latham, John and Cumani, Renato and Rosati, Ilaria and Bloise, Mario},
  journal={FAO: Rome, Italy},
  volume={29},
  year={2014}
}
@article{schmitt2019sen12ms,
  title={SEN12MS--A curated dataset of georeferenced multi-spectral sentinel-1/2 imagery for deep learning and data fusion},
  author={Schmitt, Michael and Hughes, Lloyd Haydn and Qiu, Chunping and Zhu, Xiao Xiang},
  journal={arXiv preprint arXiv:1906.07789},
  year={2019}
}
@book{di2005land,
  title={Land cover classification system: classification concepts and user manual: LCCS},
  author={Di Gregorio, Antonio},
  volume={2},
  year={2005},
  publisher={Food \& Agriculture Org.}
}
@article{yeh2021sustainbench,
  title={Sustainbench: Benchmarks for monitoring the sustainable development goals with machine learning},
  author={Yeh, Christopher and Meng, Chenlin and Wang, Sherrie and Driscoll, Anne and Rozi, Erik and Liu, Patrick and Lee, Jihyeon and Burke, Marshall and Lobell, David B and Ermon, Stefano},
  journal={arXiv preprint arXiv:2111.04724},
  year={2021}
}
@inproceedings{aung2020farm,
  title={Farm Parcel Delineation Using Spatio-temporal Convolutional Networks},
  author={Aung, Han Lin and Uzkent, Burak and Burke, Marshall and Lobell, David and Ermon, Stefano},
  booktitle={Proceedings of the IEEE/CVF Conference on Computer Vision and Pattern Recognition Workshops},
  pages={76--77},
  year={2020}
}
@inproceedings{sumbul2019bigearthnet,
  title={Bigearthnet: A large-scale benchmark archive for remote sensing image understanding},
  author={Sumbul, Gencer and Charfuelan, Marcela and Demir, Beg{\"u}m and Markl, Volker},
  booktitle={IGARSS 2019-2019 IEEE International Geoscience and Remote Sensing Symposium},
  pages={5901--5904},
  year={2019},
  organization={IEEE}
}
@article{helber2019eurosat,
  title={Eurosat: A novel dataset and deep learning benchmark for land use and land cover classification},
  author={Helber, Patrick and Bischke, Benjamin and Dengel, Andreas and Borth, Damian},
  journal={IEEE Journal of Selected Topics in Applied Earth Observations and Remote Sensing},
  volume={12},
  number={7},
  pages={2217--2226},
  year={2019},
  publisher={IEEE}
}
@article{alemohammad2020landcovernet,
  title={LandCoverNet: A global benchmark land cover classification training dataset},
  author={Alemohammad, Hamed and Booth, Kevin},
  journal={arXiv preprint arXiv:2012.03111},
  year={2020}
}
@inproceedings{corley2024revisiting,
  title={Revisiting pre-trained remote sensing model benchmarks: resizing and normalization matters},
  author={Corley, Isaac and Robinson, Caleb and Dodhia, Rahul and Ferres, Juan M Lavista and Najafirad, Peyman},
  booktitle={Proceedings of the IEEE/CVF Conference on Computer Vision and Pattern Recognition},
  pages={3162--3172},
  year={2024}
}
@article{wang2022empirical,
  title={An empirical study of remote sensing pretraining},
  author={Wang, Di and Zhang, Jing and Du, Bo and Xia, Gui-Song and Tao, Dacheng},
  journal={IEEE Transactions on Geoscience and Remote Sensing},
  volume={61},
  pages={1--20},
  year={2022},
  publisher={IEEE}
}
@inproceedings{leenstra2021self,
  title={Self-supervised pre-training enhances change detection in Sentinel-2 imagery},
  author={Leenstra, Marrit and Marcos, Diego and Bovolo, Francesca and Tuia, Devis},
  booktitle={Pattern Recognition. ICPR International Workshops and Challenges: Virtual Event, January 10-15, 2021, Proceedings, Part VII},
  pages={578--590},
  year={2021},
  organization={Springer}
}
@inproceedings{scheibenreif2022self,
  title={Self-supervised vision transformers for land-cover segmentation and classification},
  author={Scheibenreif, Linus and Hanna, Jo{\"e}lle and Mommert, Michael and Borth, Damian},
  booktitle={Proceedings of the IEEE/CVF Conference on Computer Vision and Pattern Recognition},
  pages={1422--1431},
  year={2022}
}
@article{yuan2022sits,
  title={SITS-Former: A pre-trained spatio-spectral-temporal representation model for Sentinel-2 time series classification},
  author={Yuan, Yuan and Lin, Lei and Liu, Qingshan and Hang, Renlong and Zhou, Zeng-Guang},
  journal={International Journal of Applied Earth Observation and Geoinformation},
  volume={106},
  pages={102651},
  year={2022},
  publisher={Elsevier}
}
@inproceedings{ericsson2021well,
  title={How well do self-supervised models transfer?},
  author={Ericsson, Linus and Gouk, Henry and Hospedales, Timothy M},
  booktitle={Proceedings of the IEEE/CVF conference on computer vision and pattern recognition},
  pages={5414--5423},
  year={2021}
}
@inproceedings{hakizimana2024enhanced,
  title={Enhanced Remote Sensing Model Performance Through Self-Supervised Learning with Multi-Spectral Data},
  author={Hakizimana, Marlyne and Mavis, Emelia and Chiu, Yuting and Malof, Jordan and Bradbury, Kyle},
  booktitle={IGARSS 2024-2024 IEEE International Geoscience and Remote Sensing Symposium},
  pages={2833--2836},
  year={2024},
  organization={IEEE}
}
@article{guldenring2021self,
  title={Self-supervised contrastive learning on agricultural images},
  author={G{\"u}ldenring, Ronja and Nalpantidis, Lazaros},
  journal={Computers and Electronics in Agriculture},
  volume={191},
  pages={106510},
  year={2021},
  publisher={Elsevier}
}
@article{bao2021beit,
  title={Beit: Bert pre-training of image transformers},
  author={Bao, Hangbo and Dong, Li and Piao, Songhao and Wei, Furu},
  journal={arXiv preprint arXiv:2106.08254},
  year={2021}
}
@inproceedings{xie2022simmim,
  title={Simmim: A simple framework for masked image modeling},
  author={Xie, Zhenda and Zhang, Zheng and Cao, Yue and Lin, Yutong and Bao, Jianmin and Yao, Zhuliang and Dai, Qi and Hu, Han},
  booktitle={Proceedings of the IEEE/CVF conference on computer vision and pattern recognition},
  pages={9653--9663},
  year={2022}
}
@inproceedings{chen2020generative,
  title={Generative pretraining from pixels},
  author={Chen, Mark and Radford, Alec and Child, Rewon and Wu, Jeffrey and Jun, Heewoo and Luan, David and Sutskever, Ilya},
  booktitle={International conference on machine learning},
  pages={1691--1703},
  year={2020},
  organization={PMLR}
}
@article{tang2024cross,
  title={Cross-Scale MAE: A tale of multiscale exploitation in remote sensing},
  author={Tang, Maofeng and Cozma, Andrei and Georgiou, Konstantinos and Qi, Hairong},
  journal={Advances in Neural Information Processing Systems},
  volume={36},
  year={2024}
}
@inproceedings{reed2023scale,
  title={Scale-mae: A scale-aware masked autoencoder for multiscale geospatial representation learning},
  author={Reed, Colorado J and Gupta, Ritwik and Li, Shufan and Brockman, Sarah and Funk, Christopher and Clipp, Brian and Keutzer, Kurt and Candido, Salvatore and Uyttendaele, Matt and Darrell, Trevor},
  booktitle={Proceedings of the IEEE/CVF International Conference on Computer Vision},
  pages={4088--4099},
  year={2023}
}
@article{lin2023ss,
  title={SS-MAE: Spatial--spectral masked autoencoder for multisource remote sensing image classification},
  author={Lin, Junyan and Gao, Feng and Shi, Xiaochen and Dong, Junyu and Du, Qian},
  journal={IEEE Transactions on Geoscience and Remote Sensing},
  volume={61},
  pages={1--14},
  year={2023},
  publisher={IEEE}
}
@inproceedings{shen2023firerisk,
  title={Firerisk: A remote sensing dataset for fire risk assessment with benchmarks using supervised and self-supervised learning},
  author={Shen, Shuchang and Seneviratne, Sachith and Wanyan, Xinye and Kirley, Michael},
  booktitle={2023 International Conference on Digital Image Computing: Techniques and Applications (DICTA)},
  pages={189--196},
  year={2023},
  organization={IEEE}
}
@article{li2021geographical,
  title={Geographical knowledge-driven representation learning for remote sensing images},
  author={Li, Wenyuan and Chen, Keyan and Chen, Hao and Shi, Zhenwei},
  journal={IEEE Transactions on Geoscience and Remote Sensing},
  volume={60},
  pages={1--16},
  year={2021},
  publisher={IEEE}
}
@article{dimitrovski2024domain,
  title={In-Domain Self-Supervised Learning Improves Remote Sensing Image Scene Classification},
  author={Dimitrovski, Ivica and Kitanovski, Ivan and Simidjievski, Nikola and Kocev, Dragi},
  journal={IEEE Geoscience and Remote Sensing Letters},
  year={2024},
  publisher={IEEE}
}
@article{zhang2022consecutive,
  title={Consecutive pre-training: A knowledge transfer learning strategy with relevant unlabeled data for remote sensing domain},
  author={Zhang, Tong and Gao, Peng and Dong, Hao and Zhuang, Yin and Wang, Guanqun and Zhang, Wei and Chen, He},
  journal={Remote Sensing},
  volume={14},
  number={22},
  pages={5675},
  year={2022},
  publisher={MDPI}
}   