@article{cory2021new,
  title={A new perspective on low-rank optimization},
  author={Cory-Wright, Ryan and Pauphilet, Jean and Lodi, Andrea},
  journal={arXiv preprint arXiv:2105.05947},
  year={2021}
}

@article{hsu2022language,
  title={Language model compression with weighted low-rank factorization},
  author={Hsu, Yen-Chang and Hua, Ting and Chang, Sungen and Lou, Qian and Shen, Yilin and Jin, Hongxia},
  journal={arXiv preprint arXiv:2207.00112},
  year={2022}
}

@article{hu2021lora,
  title={Lo{RA}: Low-rank adaptation of large language models},
  author={Hu, Edward J and Shen, Yelong and Wallis, Phillip and Allen-Zhu, Zeyuan and Li, Yuanzhi and Wang, Shean and Wang, Lu and Chen, Weizhu},
  journal={arXiv preprint arXiv:2106.09685},
  year={2021}
}

@article{janiak2024characterizing,
  title={Characterizing stable regions in the residual stream of {LLM}s},
  author={Janiak, Jett and Karwowski, Jacek and Mangat, Chatrik Singh and Giglemiani, Giorgi and Petrova, Nora and Heimersheim, Stefan},
  journal={arXiv preprint arXiv:2409.17113},
  year={2024}
}

@article{mamou2020emergence,
  title={Emergence of separable manifolds in deep language representations},
  author={Mamou, Jonathan and Le, Hang and Del Rio, Miguel and Stephenson, Cory and Tang, Hanlin and Kim, Yoon and Chung, SueYeon},
  journal={arXiv preprint arXiv:2006.01095},
  year={2020}
}

@article{mcrae2024benign,
  title={Benign landscapes of low-dimensional relaxations for orthogonal synchronization on general graphs},
  author={McRae, Andrew D and Boumal, Nicolas},
  journal={SIAM Journal on Optimization},
  volume={34},
  number={2},
  pages={1427--1454},
  year={2024},
  publisher={SIAM}
}

@article{olikier2022low,
  title={Low-rank optimization methods based on projected-projected gradient descent that accumulate at Bouligand stationary points},
  author={Olikier, Guillaume and Absil, P-A and Hendrickx, Julien M},
  journal={arXiv preprint arXiv:2201.03962},
  year={2022}
}

@article{pham2024householder,
  title={Householder Pseudo-Rotation: A Novel Approach to Activation Editing in {LLM}s with Direction-Magnitude Perspective},
  author={Pham, Van-Cuong and Nguyen, Thien Huu},
  journal={arXiv preprint arXiv:2409.10053},
  year={2024}
}

@article{ref:griffith2013policy,
  title={Policy shaping: Integrating human feedback with reinforcement learning},
  author={Griffith, Shane and Subramanian, Kaushik and Scholz, Jonathan and Isbell, Charles L and Thomaz, Andrea L},
  journal={Advances in Neural Information Processing Systems},
  volume={26},
  year={2013}
}

@article{ref:gunel2020supervised,
  title={Supervised contrastive learning for pre-trained language model fine-tuning},
  author={Gunel, Beliz and Du, Jingfei and Conneau, Alexis and Stoyanov, Ves},
  journal={arXiv preprint arXiv:2011.01403},
  year={2020}
}

@article{ref:li2024inference,
  title={Inference-time intervention: Eliciting truthful answers from a language model},
  author={Li, Kenneth and Patel, Oam and Vi{\'e}gas, Fernanda and Pfister, Hanspeter and Wattenberg, Martin},
  journal={Advances in Neural Information Processing Systems},
  volume={36},
  year={2024}
}

@article{ref:ouyang2022training,
  title={Training language models to follow instructions with human feedback},
  author={Ouyang, Long and others},
  journal={Advances in Neural Information Processing Systems},
  volume={35},
  pages={27730--27744},
  year={2022}
}

@article{ref:peng2023instruction,
  title={Instruction tuning with {GPT}-4},
  author={Peng, Baolin and Li, Chunyuan and He, Pengcheng and Galley, Michel and Gao, Jianfeng},
  journal={arXiv preprint arXiv:2304.03277},
  year={2023}
}

@article{ref:singh2024mimic,
  title={Mi{M}i{C}: Minimally modified counterfactuals in the representation space},
  author={Singh, Shashwat and Ravfogel, Shauli and Herzig, Jonathan and Aharoni, Roee and Cotterell, Ryan and Kumaraguru, Ponnurangam},
  journal={arXiv preprint arXiv:2402.09631},
  year={2024}
}

@article{ref:wang2023knowledge,
  title={Knowledge editing for large language models: A survey},
  author={Wang and others},
  journal={arXiv preprint arXiv:2310.16218},
  year={2023}
}

@article{ref:zhang2024comprehensive,
  title={A comprehensive study of knowledge editing for large language models},
  author={Zhang and others},
  journal={arXiv preprint arXiv:2401.01286},
  year={2024}
}

@article{yin2024lofit,
  title={LoFiT: Localized Fine-tuning on {LLM} Representations},
  author={Yin, Fangcong and Ye, Xi and Durrett, Greg},
  journal={arXiv preprint arXiv:2406.01563},
  year={2024}
}

@article{zhanxuan2020low,
  title={Low Rank Regularization: A review},
  author={Zhanxuan, Hu and Feiping, Nie and Rong, Wang and Xuelong, Li},
  journal={Information Sciences},
  year={2020}
}

