@inproceedings{AMP,
  title={Learning Bipedal Walking on a Quadruped Robot via Adversarial Motion Priors},
  author={Peng, Tianhu and Bao, Lingfan and Humphreys, Joseph and Delfaki, Andromachi Maria and Kanoulas, Dimitrios and Zhou, Chengxu},
  booktitle={Annual Conference Towards Autonomous Robotic Systems},
  pages={118--129},
  year={2024},
  organization={Springer}
}

@article{HugWBC,
  title={A Unified and General Humanoid Whole-Body Controller for Fine-Grained Locomotion},
  author={Xue, Yufei and Dong, Wentao and Liu, Minghuan and Zhang, Weinan and Pang, Jiangmiao},
  journal={arXiv preprint arXiv:2502.03206},
  year={2025}
}

@article{HumanGym1,
  title={Humanoid-Gym: Reinforcement Learning for Humanoid Robot with Zero-Shot Sim2Real Transfer},
  author={Gu, Xinyang and Wang, Yen-Jen and Chen, Jianyu},
  journal={arXiv preprint arXiv:2404.05695},
  year={2024}
}

@inproceedings{HumanGym2,
  title={Advancing Humanoid Locomotion: Mastering Challenging Terrains with Denoising World Model Learning},
  author={Gu, Xinyang and Wang, Yen-Jen and Zhu, Xiang and Shi, Chengming and Guo, Yanjiang and Liu, Yichen and Chen, Jianyu},
  booktitle={RSS},
  year={2024},
}

@inproceedings{Kato1974InformationPower,
  title = {Information-power machine with senses and limbs (Wabot 1)},
  author = {Ichiro Kato and Sadamu Ohteru and Hiroshi Kobayashi and Katsuhiko Shirai and Akihiko Uchiyama},
  booktitle = {First CISM-IFToMM Symposium on Theory and Practice of Robots and Manipulators},
  volume = {1},
  pages = {11--24},
  year = {1974},
  publisher = {Springer-Verlag},
  address = {Vienna},
  doi = {10.1007/978-3-7091-2993-7_2}
}

@inproceedings{Learning-to-walk,
  title={Learning to walk in minutes using massively parallel deep reinforcement learning},
  author={Rudin, Nikita and Hoeller, David and Reist, Philipp and Hutter, Marco},
  booktitle={Conference on Robot Learning},
  pages={91--100},
  year={2022},
}

@article{ZIP-35,
  title={Zero-Moment Point — Thirty Five Years of Its Life},
  author={Miomir Vukobratović and Branislav Borovać},
  journal={International Journal of Humanoid Robotics},
  volume={1},
  number={1},
  pages={157--173},
  year={2004},
  publisher={World Scientific},
  doi={10.1142/S0219843604000083}
}

@article{ZMP-1,
  title={On the Stability of Anthropomorphic Systems},
  author={M. Vukobratovic and J. Stepanenko},
  journal={Mathematical Biosciences},
  volume={15},
  pages={1--37},
  year={1972},
  publisher={American Elsevier Publishing Company, Inc.}
}

@book{ZMP-2,
  title={Biped Locomotion: Dynamics, Stability, Control and Application},
  author={M. Vukobratović and B. Borovac and D. Surla and D. Stokić},
  year={1990},
  publisher={Springer-Verlag},
  address={Berlin}
}

@book{ZMP-book,
author = {Kajita, Shuuji and Hirukawa, Hirohisa and Harada, Kensuke and Yokoi, Kazuhito},
title = {Introduction to Humanoid Robotics},
year = {2016},
isbn = {366250166X},
publisher = {Springer Publishing Company},
edition = {1st},
}

@inproceedings{cheng2024extreme,
  title={Extreme parkour with legged robots},
  author={Cheng, Xuxin and Shi, Kexin and Agarwal, Ananye and Pathak, Deepak},
  booktitle={ICRA},
  pages={11443--11450},
  year={2024},
  organization={IEEE}
}

@article{decentralized,
  title={Decentralized motor skill learning for complex robotic systems},
  author={Guo, Yanjiang and Jiang, Zheyuan and Wang, Yen-Jen and Gao, Jingyue and Chen, Jianyu},
  journal={IEEE RA-L},
  year={2023},
  publisher={IEEE}
}

@article{embrace,
  title={Embrace Collisions: Humanoid Shadowing for Deployable Contact-Agnostics Motions},
  author={Zhuang, Ziwen and Zhao, Hang},
  journal={arXiv preprint arXiv:2502.01465},
  year={2025}
}

@article{grandia2023perceptive,
  author = {Ruben Grandia and Fabian Jenelten and Shaohui Yang and Farbod Farshidian and Marco Hutter},
  title = {Perceptive Locomotion through Nonlinear Model-Predictive Control},
  journal = {IEEE Transactions on Robotics},
  volume = {39},
  number = {5},
  pages = {3402--3421},
  year = {2023},
  doi = {10.1109/TRO.2023.3275384}
}

@article{ha2024learning,
  title={Learning-based legged locomotion: State of the art and future perspectives},
  author={Ha, Sehoon and Lee, Joonho and van de Panne, Michiel and Xie, Zhaoming and Yu, Wenhao and Khadiv, Majid},
  journal={The International Journal of Robotics Research},
  year={2024},
  publisher={SAGE Publications Sage UK: London, England}
}

@article{han2024lifelike,
  title={Lifelike agility and play in quadrupedal robots using reinforcement learning and generative pre-trained models},
  author={Han, Lei and Zhu, Qingxu and Sheng and others},
  journal={Nature Machine Intelligence},
  volume={6},
  number={7},
  pages={787--798},
  year={2024},
  publisher={Nature Publishing Group UK London}
}

@inproceedings{he2024bridging,
  title={Bridging the sim-to-real gap from the information bottleneck perspective},
  author={He, Haoran and Wu, Peilin and Bai, Chenjia and Lai, Hang and Wang, Lingxiao and Pan, Ling and Hu, Xiaolin and Zhang, Weinan},
  booktitle={CoRL},
  year={2024}
}

@article{hilo,
  title={HiLo: Learning Whole-Body Human-like Locomotion with Motion Tracking Controller},
  author={Zhang, Qiyuan and Weng, Chenfan and Li, Guanwu and He, Fulai and Cai, Yusheng},
  journal={arXiv preprint arXiv:2502.03122},
  year={2025}
}

@article{hoeller2024anymal,
  title={Anymal parkour: Learning agile navigation for quadrupedal robots},
  author={Hoeller, David and Rudin, Nikita and Sako, Dhionis and Hutter, Marco},
  journal={Science Robotics},
  volume={9},
  number={88},
  pages={eadi7566},
  year={2024},
  publisher={American Association for the Advancement of Science}
}

@inproceedings{huang2024diffuseloco,
title={DiffuseLoco: Real-Time Legged Locomotion Control with Diffusion from Offline Datasets},
author={Xiaoyu Huang and Yufeng Chi and Ruofeng Wang and Zhongyu Li and Xue Bin Peng and Sophia Shao and Borivoje Nikolic and Koushil Sreenath},
booktitle={CoRL},
year={2024}
}

@inproceedings{koenemann2015whole,
  author = {J. Koenemann and A. Del Prete and Y. Tassa and E. Todorov and O. Stasse and M. Bennewitz and N. Mansard},
  title = {Whole-Body Model-Predictive Control Applied to the {HRP-2} Humanoid},
  booktitle = {IROS},
  pages = {3346--3351},
  year = {2015},
  organization = {IEEE},
  address = {Hamburg, Germany},
  doi = {10.1109/IROS.2015.7353843}
}

@inproceedings{legged-vision,
  title={Legged locomotion in challenging terrains using egocentric vision},
  author={Agarwal, Ananye and Kumar, Ashish and Malik, Jitendra and Pathak, Deepak},
  booktitle={CoRL},
  pages={403--415},
  year={2023},
  organization={PMLR}
}

@inproceedings{levy2024learning,
title={Learning to Walk from Three Minutes of Real-World Data with Semi-structured Dynamics Models},
author={Jacob Levy and Tyler Westenbroek and David Fridovich-Keil},
booktitle={CoRL},
year={2024}
}

@inproceedings{li2023multi,
  author = {Junheng Li and Quan Nguyen},
  title = {Multi-Contact MPC for Dynamic Loco-Manipulation on Humanoid Robots},
  booktitle = {American Control Conference (ACC)},
  pages = {1215--1220},
  year = {2023},
  organization = {IEEE},
}

@article{meduri2023biconmp,
  author = {Avadesh Meduri and Paarth Shah and Julian Viereck and Majid Khadiv and Ioannis Havoutis and Ludovic Righetti},
  title = {Biconmp: A Nonlinear Model Predictive Control Framework for Whole Body Motion Planning},
  journal = {IEEE Transactions on Robotics},
  volume = {39},
  number = {2},
  pages = {905--922},
  year = {2023},
  doi = {10.1109/TRO.2023.3268888}
}

@article{schultz2009modeling,
  author = {Gerrit Schultz and Katja Mombaur},
  title = {Modeling and Optimal Control of Human-Like Running},
  journal = {IEEE/ASME Transactions on Mechatronics},
  volume = {15},
  number = {5},
  pages = {783--792},
  year = {2009},
  doi = {10.1109/TMECH.2009.2032865}
}

@inproceedings{sentis2006whole,
  author = {Luis Sentis and Oussama Khatib},
  title = {A Whole-Body Control Framework for Humanoids Operating in Human Environments},
  booktitle = {ICRA},
  pages = {2641--2648},
  year = {2006},
  organization = {IEEE},
  address = {Orlando, FL, USA},
}

@inproceedings{shi2024robust,
  title={Robust quadrupedal locomotion via risk-averse policy learning},
  author={Shi, Jiyuan and Bai, Chenjia and He, Haoran and Han, Lei and Wang, Dong and Zhao, Bin and Zhao, Mingguo and Li, Xiu and Li, Xuelong},
  booktitle={ICRA},
  pages={11459--11466},
  year={2024},
  organization={IEEE}
}

@article{sleiman2021unified,
  author = {Jean-Pierre Sleiman and Farbod Farshidian and Maria Vittoria Minniti and Marco Hutter},
  title = {A Unified MPC Framework for Whole-Body Dynamic Locomotion and Manipulation},
  journal = {IEEE RA-L},
  volume = {6},
  number = {3},
  pages = {4688--4695},
  year = {2021},
  doi = {10.1109/LRA.2021.3068908}
}

@article{wang2024beamdojo,
  title={BeamDojo: Learning Agile Humanoid Locomotion on Sparse Footholds},
  author={Wang, Huayi and Wang, Zirui and Ren, Junli and Ben, Qingwei and Pang, Jiangmiao and Huang, Tao and Zhang, Weinan},
  year={2024},
  eprint={2502.10363},
  archivePrefix={arXiv},
}

@inproceedings{zhuang2023robot,
title={Robot Parkour Learning},
author={Ziwen Zhuang and Zipeng Fu and Jianren Wang and Christopher G Atkeson and S{\"o}ren Schwertfeger and Chelsea Finn and Hang Zhao},
booktitle={CoRL},
year={2023}
}

