@article{ASAP,
  title={ASAP: Aligning Simulation and Real-World Physics for Learning Agile Humanoid Whole-Body Skills},
  author={He, Tairan and Gao, Jiawei and Xiao, Wenli and Zhang, Yuanhang and Wang, Zi and Wang, Jiashun and Luo, Zhengyi and He, Guanqi and Sobanbab, Nikhil and Pan, Chaoyi and others},
  journal={arXiv preprint arXiv:2502.01143},
  year={2025}
}

@INPROCEEDINGS{angularmomentum,
  author={Popovic, M. and Hofmann, A. and Herr, H.},
  booktitle={IEEE International Conference on Robotics and Automation, 2004. Proceedings. ICRA '04. 2004}, 
  title={Angular momentum regulation during human walking: biomechanics and control}, 
  year={2004},
  volume={3},
  number={},
  pages={2405-2411 Vol.3},
  doi={10.1109/ROBOT.2004.1307421}
}


@article{highspeedlocomotion,
      title={Achieving Stable High-Speed Locomotion for Humanoid Robots with Deep Reinforcement Learning}, 
      author={Xinming Zhang and Xianghui Wang and Lerong Zhang and Guodong Guo and Xiaoyu Shen and Wei Zhang},
      year={2024},
      journal={arXiv preprint arXiv:2409.16611},
      eprint={2409.16611},
      archivePrefix={arXiv},
      primaryClass={cs.RO}
}

@article{Symmetry,
  title={Leveraging Symmetry in RL-based Legged Locomotion Control},
  author={Zhi Su and Xiaoyu Huang and Daniel Ordonez-Apraez and others},
  journal={IROS},
  year={2024},
  pages={6899-6906}
}

@article{embrace,
  title={Embrace Collisions: Humanoid Shadowing for Deployable Contact-Agnostics Motions},
  author={Zhuang, Ziwen and Zhao, Hang},
  journal={arXiv preprint arXiv:2502.01465},
  year={2025}
}

@article{exbody2,
  title={Exbody2: Advanced expressive humanoid whole-body control},
  author={Ji, Mazeyu and Peng, Xuanbin and Liu, Fangchen and Li, Jialong and Yang, Ge and Cheng, Xuxin and Wang, Xiaolong},
  journal={arXiv preprint arXiv:2412.13196},
  year={2024}
}

@article{decentralized,
  title={Decentralized motor skill learning for complex robotic systems},
  author={Guo, Yanjiang and Jiang, Zheyuan and Wang, Yen-Jen and Gao, Jingyue and Chen, Jianyu},
  journal={IEEE RA-L},
  year={2023},
  publisher={IEEE}
}

@article{capo,
  title={CaPo: Cooperative Plan Optimization for Efficient Embodied Multi-Agent Cooperation},
  author={Liu, Jie and Zhou, Pan and Du, Yingjun and Tan, Ah-Hwee and Snoek, Cees GM and Sonke, Jan-Jakob and Gavves, Efstratios},
  journal={arXiv preprint arXiv:2411.04679},
  year={2024}
}

@article{hilo,
  title={HiLo: Learning Whole-Body Human-like Locomotion with Motion Tracking Controller},
  author={Zhang, Qiyuan and Weng, Chenfan and Li, Guanwu and He, Fulai and Cai, Yusheng},
  journal={arXiv preprint arXiv:2502.03122},
  year={2025}
}

@article{hover,
  title={Hover: Versatile neural whole-body controller for humanoid robots},
  author={He, Tairan and Xiao, Wenli and Lin, Toru and Luo, Zhengyi and Xu, Zhenjia and Jiang, Zhenyu and Kautz, Jan and Liu, Changliu and Shi, Guanya and Wang, Xiaolong and others},
  journal={arXiv preprint arXiv:2410.21229},
  year={2024}
}

@article{next-token,
  title={Humanoid locomotion as next token prediction},
  author={Radosavovic, Ilija and Zhang, Bike and Shi, Baifeng and Rajasegaran, Jathushan and Kamat, Sarthak and Darrell, Trevor and Sreenath, Koushil and Malik, Jitendra},
  journal={arXiv preprint arXiv:2402.19469},
  year={2024}
}

@inproceedings{AMP,
  title={Learning Bipedal Walking on a Quadruped Robot via Adversarial Motion Priors},
  author={Peng, Tianhu and Bao, Lingfan and Humphreys, Joseph and Delfaki, Andromachi Maria and Kanoulas, Dimitrios and Zhou, Chengxu},
  booktitle={Annual Conference Towards Autonomous Robotic Systems},
  pages={118--129},
  year={2024},
  organization={Springer}
}

@article{HugWBC,
  title={A Unified and General Humanoid Whole-Body Controller for Fine-Grained Locomotion},
  author={Xue, Yufei and Dong, Wentao and Liu, Minghuan and Zhang, Weinan and Pang, Jiangmiao},
  journal={arXiv preprint arXiv:2502.03206},
  year={2025}
}

@inproceedings{HIM,
  title={Learning humanoid locomotion with perceptive internal model},
  author={Long, Junfeng and Ren, Junli and Shi, Moji and Wang, Zirui and Huang, Tao and Luo, Ping and Pang, Jiangmiao},
  booktitle={ICRA},
  year={2025}
}

@article{HumanGym1,
  title={Humanoid-Gym: Reinforcement Learning for Humanoid Robot with Zero-Shot Sim2Real Transfer},
  author={Gu, Xinyang and Wang, Yen-Jen and Chen, Jianyu},
  journal={arXiv preprint arXiv:2404.05695},
  year={2024}
}

@inproceedings{HumanGym2,
  title={Advancing Humanoid Locomotion: Mastering Challenging Terrains with Denoising World Model Learning},
  author={Gu, Xinyang and Wang, Yen-Jen and Zhu, Xiang and Shi, Chengming and Guo, Yanjiang and Liu, Yichen and Chen, Jianyu},
  booktitle={RSS},
  year={2024},
}
@ARTICLE{ZMP-multicontact,
  author={Caron, Stéphane and Pham, Quang-Cuong and Nakamura, Yoshihiko},
  journal={IEEE Transactions on Robotics}, 
  title={ZMP Support Areas for Multicontact Mobility Under Frictional Constraints}, 
  year={2017},
  volume={33},
  number={1},
  pages={67-80},
  keywords={Stability criteria;Robots;Friction;Force;Aerodynamics;Contact stability;humanoid locomotion;zero-tilting moment point (ZMP)},
  doi={10.1109/TRO.2016.2623338}}

@article{RL-survey,
  title={Introduction to reinforcement learning},
  author={Ernst, Damien and Louette, Arthur},
  pages={111--126},
  year={2024}
}

@article{PPO1,
  title={Proximal policy optimization algorithms},
  author={Schulman, John and Wolski, Filip and Dhariwal, Prafulla and Radford, Alec and Klimov, Oleg},
  journal={arXiv preprint arXiv:1707.06347},
  year={2017}
}

@inproceedings{PPO2,
  title={Implementation matters in deep rl: A case study on ppo and trpo},
  author={Engstrom, Logan and Ilyas, Andrew and Santurkar, Shibani and Tsipras, Dimitris and Janoos, Firdaus and Rudolph, Larry and Madry, Aleksander},
  booktitle={ICLR},
  year={2019}
}

@inproceedings{Learning-to-walk,
  title={Learning to walk in minutes using massively parallel deep reinforcement learning},
  author={Rudin, Nikita and Hoeller, David and Reist, Philipp and Hutter, Marco},
  booktitle={Conference on Robot Learning},
  pages={91--100},
  year={2022},
}

@misc{diverse-gait,
title={Learning Diverse Quadruped Locomotion Gaits via Reward Machines},
author={David DeFazio and Yohei Hayamizu and Shiqi Zhang},
year={2024},
}

@inproceedings{walk-this-way,
  title={Walk these ways: Tuning robot control for generalization with multiplicity of behavior},
  author={Margolis, Gabriel B and Agrawal, Pulkit},
  booktitle={CoRL},
  pages={22--31},
  year={2023},
}

@article{ZMP-1,
  title={On the Stability of Anthropomorphic Systems},
  author={M. Vukobratovic and J. Stepanenko},
  journal={Mathematical Biosciences},
  volume={15},
  pages={1--37},
  year={1972},
  publisher={American Elsevier Publishing Company, Inc.}
}

@book{ZMP-2,
  title={Biped Locomotion: Dynamics, Stability, Control and Application},
  author={M. Vukobratović and B. Borovac and D. Surla and D. Stokić},
  year={1990},
  publisher={Springer-Verlag},
  address={Berlin}
}

@inproceedings{ZMP-3,
  title={Development of a biped walking robot compensation for three — Axis moment by trunk motion},
  author={I. Yamaguchi and A. Takanishi and I. Kato},
  booktitle={Proc. IEEE/RSJ Int. Conf. Intelligent Robot and Systems},
  year={1993},
  address={Yokohama, Japan}
}

@article{ZIP-35,
  title={Zero-Moment Point — Thirty Five Years of Its Life},
  author={Miomir Vukobratović and Branislav Borovać},
  journal={International Journal of Humanoid Robotics},
  volume={1},
  number={1},
  pages={157--173},
  year={2004},
  publisher={World Scientific},
  doi={10.1142/S0219843604000083}
}

@inproceedings{Kato1974InformationPower,
  title = {Information-power machine with senses and limbs (Wabot 1)},
  author = {Ichiro Kato and Sadamu Ohteru and Hiroshi Kobayashi and Katsuhiko Shirai and Akihiko Uchiyama},
  booktitle = {First CISM-IFToMM Symposium on Theory and Practice of Robots and Manipulators},
  volume = {1},
  pages = {11--24},
  year = {1974},
  publisher = {Springer-Verlag},
  address = {Vienna},
  doi = {10.1007/978-3-7091-2993-7_2}
}

@article{grandia2023perceptive,
  author = {Ruben Grandia and Fabian Jenelten and Shaohui Yang and Farbod Farshidian and Marco Hutter},
  title = {Perceptive Locomotion through Nonlinear Model-Predictive Control},
  journal = {IEEE Transactions on Robotics},
  volume = {39},
  number = {5},
  pages = {3402--3421},
  year = {2023},
  doi = {10.1109/TRO.2023.3275384}
}

@article{orin2013centroidal,
  author = {David E. Orin and Ambarish Goswami and Sung-Hee Lee},
  title = {Centroidal Dynamics of a Humanoid Robot},
  journal = {Autonomous Robots},
  volume = {35},
  number = {1},
  pages = {161--176},
  year = {2013}
}

@article{meduri2023biconmp,
  author = {Avadesh Meduri and Paarth Shah and Julian Viereck and Majid Khadiv and Ioannis Havoutis and Ludovic Righetti},
  title = {Biconmp: A Nonlinear Model Predictive Control Framework for Whole Body Motion Planning},
  journal = {IEEE Transactions on Robotics},
  volume = {39},
  number = {2},
  pages = {905--922},
  year = {2023},
  doi = {10.1109/TRO.2023.3268888}
}


@inproceedings{li2023multi,
  author = {Junheng Li and Quan Nguyen},
  title = {Multi-Contact MPC for Dynamic Loco-Manipulation on Humanoid Robots},
  booktitle = {American Control Conference (ACC)},
  pages = {1215--1220},
  year = {2023},
  organization = {IEEE},
}

@inproceedings{sentis2006whole,
  author = {Luis Sentis and Oussama Khatib},
  title = {A Whole-Body Control Framework for Humanoids Operating in Human Environments},
  booktitle = {ICRA},
  pages = {2641--2648},
  year = {2006},
  organization = {IEEE},
  address = {Orlando, FL, USA},
}

@article{sleiman2021unified,
  author = {Jean-Pierre Sleiman and Farbod Farshidian and Maria Vittoria Minniti and Marco Hutter},
  title = {A Unified MPC Framework for Whole-Body Dynamic Locomotion and Manipulation},
  journal = {IEEE RA-L},
  volume = {6},
  number = {3},
  pages = {4688--4695},
  year = {2021},
  doi = {10.1109/LRA.2021.3068908}
}

@inproceedings{koenemann2015whole,
  author = {J. Koenemann and A. Del Prete and Y. Tassa and E. Todorov and O. Stasse and M. Bennewitz and N. Mansard},
  title = {Whole-Body Model-Predictive Control Applied to the {HRP-2} Humanoid},
  booktitle = {IROS},
  pages = {3346--3351},
  year = {2015},
  organization = {IEEE},
  address = {Hamburg, Germany},
  doi = {10.1109/IROS.2015.7353843}
}

@article{schultz2009modeling,
  author = {Gerrit Schultz and Katja Mombaur},
  title = {Modeling and Optimal Control of Human-Like Running},
  journal = {IEEE/ASME Transactions on Mechatronics},
  volume = {15},
  number = {5},
  pages = {783--792},
  year = {2009},
  doi = {10.1109/TMECH.2009.2032865}
}

@inproceedings{legged-vision,
  title={Legged locomotion in challenging terrains using egocentric vision},
  author={Agarwal, Ananye and Kumar, Ashish and Malik, Jitendra and Pathak, Deepak},
  booktitle={CoRL},
  pages={403--415},
  year={2023},
  organization={PMLR}
}

@article{hoeller2024anymal,
  title={Anymal parkour: Learning agile navigation for quadrupedal robots},
  author={Hoeller, David and Rudin, Nikita and Sako, Dhionis and Hutter, Marco},
  journal={Science Robotics},
  volume={9},
  number={88},
  pages={eadi7566},
  year={2024},
  publisher={American Association for the Advancement of Science}
}

@article{wang2024beamdojo,
  title={BeamDojo: Learning Agile Humanoid Locomotion on Sparse Footholds},
  author={Wang, Huayi and Wang, Zirui and Ren, Junli and Ben, Qingwei and Pang, Jiangmiao and Huang, Tao and Zhang, Weinan},
  year={2024},
  eprint={2502.10363},
  archivePrefix={arXiv},
}

@article{ha2024learning,
  title={Learning-based legged locomotion: State of the art and future perspectives},
  author={Ha, Sehoon and Lee, Joonho and van de Panne, Michiel and Xie, Zhaoming and Yu, Wenhao and Khadiv, Majid},
  journal={The International Journal of Robotics Research},
  year={2024},
  publisher={SAGE Publications Sage UK: London, England}
}

@inproceedings{levy2024learning,
title={Learning to Walk from Three Minutes of Real-World Data with Semi-structured Dynamics Models},
author={Jacob Levy and Tyler Westenbroek and David Fridovich-Keil},
booktitle={CoRL},
year={2024}
}

@inproceedings{huang2024diffuseloco,
title={DiffuseLoco: Real-Time Legged Locomotion Control with Diffusion from Offline Datasets},
author={Xiaoyu Huang and Yufeng Chi and Ruofeng Wang and Zhongyu Li and Xue Bin Peng and Sophia Shao and Borivoje Nikolic and Koushil Sreenath},
booktitle={CoRL},
year={2024}
}

@inproceedings{zhuang2023robot,
title={Robot Parkour Learning},
author={Ziwen Zhuang and Zipeng Fu and Jianren Wang and Christopher G Atkeson and S{\"o}ren Schwertfeger and Chelsea Finn and Hang Zhao},
booktitle={CoRL},
year={2023}
}

@inproceedings{cheng2024extreme,
  title={Extreme parkour with legged robots},
  author={Cheng, Xuxin and Shi, Kexin and Agarwal, Ananye and Pathak, Deepak},
  booktitle={ICRA},
  pages={11443--11450},
  year={2024},
  organization={IEEE}
}

@article{han2024lifelike,
  title={Lifelike agility and play in quadrupedal robots using reinforcement learning and generative pre-trained models},
  author={Han, Lei and Zhu, Qingxu and Sheng and others},
  journal={Nature Machine Intelligence},
  volume={6},
  number={7},
  pages={787--798},
  year={2024},
  publisher={Nature Publishing Group UK London}
}

@inproceedings{shi2024robust,
  title={Robust quadrupedal locomotion via risk-averse policy learning},
  author={Shi, Jiyuan and Bai, Chenjia and He, Haoran and Han, Lei and Wang, Dong and Zhao, Bin and Zhao, Mingguo and Li, Xiu and Li, Xuelong},
  booktitle={ICRA},
  pages={11459--11466},
  year={2024},
  organization={IEEE}
}

@inproceedings{he2024bridging,
  title={Bridging the sim-to-real gap from the information bottleneck perspective},
  author={He, Haoran and Wu, Peilin and Bai, Chenjia and Lai, Hang and Wang, Lingxiao and Pan, Ling and Hu, Xiaolin and Zhang, Weinan},
  booktitle={CoRL},
  year={2024}
}

@book{ZMP-book,
author = {Kajita, Shuuji and Hirukawa, Hirohisa and Harada, Kensuke and Yokoi, Kazuhito},
title = {Introduction to Humanoid Robotics},
year = {2016},
isbn = {366250166X},
publisher = {Springer Publishing Company},
edition = {1st},
}

@inproceedings{AAC,
  title={Asymmetric Actor Critic for Image-Based Robot Learning},
  author={Pinto, Lerrel and Andrychowicz, Marcin and Welinder, Peter and Zaremba, Wojciech and Abbeel, Pieter},
  booktitle={RSS},
  year={2018},
  organization={MIT Press Journals}
}

@article{ZML,
  title={Zero moment line—universal stability parameter for multi-contact systems in three dimensions},
  author={Brecelj, Tilen and Petri{\v{c}}, Tadej},
  journal={Sensors},
  volume={22},
  number={15},
  pages={5656},
  year={2022},
  publisher={MDPI}
}

@article{makoviychuk2021isaac,
  title={Isaac gym: High performance gpu-based physics simulation for robot learning},
  author={Makoviychuk, Viktor and Wawrzyniak, Lukasz and Guo, Yunrong and Lu, Michelle and Storey, Kier and Macklin, Miles and Hoeller, David and Rudin, Nikita and Allshire, Arthur and Handa, Ankur and others},
  journal={arXiv preprint arXiv:2108.10470},
  year={2021}
}

@inproceedings{todorov2012mujoco,
  title={Mujoco: A physics engine for model-based control},
  author={Todorov, Emanuel and Erez, Tom and Tassa, Yuval},
  booktitle={2012 IEEE/RSJ international conference on intelligent robots and systems},
  pages={5026--5033},
  year={2012},
  organization={IEEE}
}