@article{DBLP:journals/corr/abs-2307-13565,
  author       = {Jayanta Mandi and
                  James Kotary and
                  Senne Berden and
                  Maxime Mulamba and
                  Victor Bucarey and
                  Tias Guns and
                  Ferdinando Fioretto},
  title        = {Decision-Focused Learning: Foundations, State of the Art, Benchmark
                  and Future Opportunities},
  journal      = {CoRR},
  volume       = {abs/2307.13565},
  year         = {2023},
  url          = {https://doi.org/10.48550/arXiv.2307.13565},
  doi          = {10.48550/ARXIV.2307.13565},
  eprinttype    = {arXiv},
  eprint       = {2307.13565},
  timestamp    = {Tue, 01 Aug 2023 14:49:51 +0200},
  biburl       = {https://dblp.org/rec/journals/corr/abs-2307-13565.bib},
  bibsource    = {dblp computer science bibliography, https://dblp.org}
}

@article{a-note-on-learning-algorithms-for-quadratic-assignment-with-gnns,
    title = {A Note on Learning Algorithms for Quadratic Assignment with Graph Neural Networks},
    author = {Nowak, Alex and Villar, Soledad and Bandeira, Afonso and Bruna, Joan},
    journal = {arXiv preprint arXiv:1706.07450},
    year = {2017},
    month = {Jun}
}
url = {https://arxiv.org/abs/1706.07450}

@inproceedings{adaptive-imle,
    author = {Minervini, Pasquale and Franceschi, Luca and Niepert, Mathias},
    title = {Adaptive perturbation-based gradient estimation for discrete latent variable models},
    year = {2023},
    publisher = {AAAI Press},
    doi = {10.1609/aaai.v37i8.26103},
    booktitle = {Proceedings of the Thirty-Seventh AAAI Conference on Artificial Intelligence},
    numpages = {9},
}
    articleno = {1034},
    isbn = {978-1-57735-880-0},
    series = {AAAI'23/IAAI'23/EAAI'23}
    booktitle = {Proceedings of the Thirty-Seventh AAAI Conference on Artificial Intelligence and Thirty-Fifth Conference on Innovative Applications of Artificial Intelligence and Thirteenth Symposium on Educational Advances in Artificial Intelligence}

@article{alpha-go-zero,
    title = {Mastering the game of go without human knowledge},
    author = {Silver, David and Schrittwieser, Julian and Simonyan, Karen and Antonoglou, Ioannis and Huang, Aja and Guez, Arthur and Hubert, Thomas and Baker, Lucas and Lai, Matthew and Bolton, Adrian and Chen, Yutian and Lillicrap, Timothy and Hui, Fan and Sifre, Laurent and van den Driessche, George and Graepel, Thore and Hassabis, Demis},
    journal={Nature},
    volume = {550},
    number = {7676},
    pages = {354--359},
    year = {2017},
    month = {May},
    doi = {10.1038/nature24270},
    publisher = {Nature Publishing Group}
}

@article{an-efficient-gcn-technique-for-the-tsp,
    title = {An efficient graph convolutional network technique for the travelling salesman problem},
    author = {Joshi, Chaitanya K and Laurent, Thomas and Bresson, Xavier},
    journal = {arXiv preprint arXiv:1906.01227},
    year = {2019}
}
url = {https://arxiv.org/abs/1906.01227}

@inproceedings{attention-learn-to-solve-routing-problems,
    title = {Attention, Learn to Solve Routing Problems!},
    author = {Wouter Kool and Herke van Hoof and Max Welling},
    booktitle = {International Conference on Learning Representations},
    year = {2019}
}
url = {https://openreview.net/forum?id=ByxBFsRqYm}

@inproceedings{augment-with-care,
    title = {Augment with Care: Contrastive Learning for Combinatorial Problems},
    author = {Duan, Haonan and Vaezipoor, Pashootan and Paulus, Max B and Ruan, Yangjun and Maddison, Chris},
    booktitle = {Proceedings of the 39th International Conference on Machine Learning},
    pages = {5627--5642},
    year = {2022},
    volume = {162},
    series = {Proceedings of Machine Learning Research},
    month = {Jul},
    day = {17--23},
    publisher = {PMLR}
}
editor = {Chaudhuri, Kamalika and Jegelka, Stefanie and Song, Le and Szepesvari, Csaba and Niu, Gang and Sabato, Sivan},
pdf = {https://proceedings.mlr.press/v162/duan22b/duan22b.pdf},
url = {https://proceedings.mlr.press/v162/duan22b.html}

@article{co-with-physics-inspired-gnns,
    title = {Combinatorial optimization with physics-inspired graph neural networks},
    author = {Schuetz, Martin J. A. and Brubaker, J. Kyle and Katzgraber, Helmut G.},
    journal = {Nature Machine Intelligence},
    year = {2022},
    month = {Apr},
    day = {01},
    volume = {4},
    number = {4},
    pages = {367-377},
    doi = {10.1038/s42256-022-00468-6}
}
issn = {2522-5839},
url = {https://doi.org/10.1038/s42256-022-00468-6}

@inproceedings{differentiation-of-blackbox-co-solvers,
  title = {Differentiation of Blackbox Combinatorial Solvers},
  author = {Vlastelica, Marin and Paulus, Anselm and Musil, V{\'i}t and Martius, Georg and Rol{\'i}nek, Michal},
  booktitle = {International Conference on Learning Representations},
  series = {ICLR'20},
  month = {May},
  year = {2020},
}
  url = {https://openreview.net/forum?id=BkevoJSYPB}

@inproceedings{diffusion-model-framework-for-unsupervised-nco,
    title = {A Diffusion Model Framework for Unsupervised Neural Combinatorial Optimization},
    author = {Sanokowski, Sebastian and Hochreiter, Sepp and Lehner, Sebastian},
    booktitle = {Proceedings of the 41st International Conference on Machine Learning},
    pages = {43346--43367},
    year = {2024},
    volume = {235},
    series = {Proceedings of Machine Learning Research},
    month = {Jul},
    day = {21--27},
    publisher = {PMLR},
}
editor = {Salakhutdinov, Ruslan and Kolter, Zico and Heller, Katherine and Weller, Adrian and Oliver, Nuria and Scarlett, Jonathan and Berkenkamp, Felix},
pdf = {https://raw.githubusercontent.com/mlresearch/v235/main/assets/sanokowski24a/sanokowski24a.pdf},
url = {https://proceedings.mlr.press/v235/sanokowski24a.html}

@inproceedings{difusco,
    author = {Sun, Zhiqing and Yang, Yiming},
    booktitle = {Advances in Neural Information Processing Systems},
    pages = {3706--3731},
    publisher = {Curran Associates, Inc.},
    title = {{DIFUSCO}: Graph-based Diffusion Solvers for Combinatorial Optimization},
    volume = {36},
    year = {2023}
}
editor = {A. Oh and T. Naumann and A. Globerson and K. Saenko and M. Hardt and S. Levine},
url = {https://proceedings.neurips.cc/paper_files/paper/2023/file/0ba520d93c3df592c83a611961314c98-Paper-Conference.pdf}

@article{elmachtoub2022smart,
  title={Smart “predict, then optimize”},
  author={Elmachtoub, Adam N and Grigas, Paul},
  journal={Management Science},
  volume={68},
  number={1},
  pages={9--26},
  month={Jan},
  year={2022},
  doi = {10.1287/mnsc.2020.3922},
  publisher={INFORMS}
}

@inproceedings{erdos-goes-neural,
    author = {Karalias, Nikolaos and Loukas, Andreas},
    booktitle = {Advances in Neural Information Processing Systems},
    pages = {6659--6672},
    publisher = {Curran Associates, Inc.},
    title = {Erd{\H{o}}s Goes Neural: an Unsupervised Learning Framework for Combinatorial Optimization on Graphs},
    volume = {33},
    year = {2020}
}
editor = {H. Larochelle and M. Ranzato and R. Hadsell and M.F. Balcan and H. Lin},
url = {https://proceedings.neurips.cc/paper_files/paper/2020/file/49f85a9ed090b20c8bed85a5923c669f-Paper.pdf}

@inproceedings{exact-co-with-gcns,
    author = {Gasse, Maxime and Chetelat, Didier and Ferroni, Nicola and Charlin, Laurent and Lodi, Andrea},
    booktitle = {Advances in Neural Information Processing Systems},
    pages = {},
    publisher = {Curran Associates, Inc.},
    title = {Exact Combinatorial Optimization with Graph Convolutional Neural Networks},
    volume = {32},
    year = {2019}
}
editor = {H. Wallach and H. Larochelle and A. Beygelzimer and F. d\textquotesingle Alch\'{e}-Buc and E. Fox and R. Garnett},
url = {https://proceedings.neurips.cc/paper_files/paper/2019/file/d14c2267d848abeb81fd590f371d39bd-Paper.pdf}

@article{gnns-for-maximum-constraint-satisfaction,
    title={Graph neural networks for maximum constraint satisfaction},
    author={Toenshoff, Jan and Ritzert, Martin and Wolf, Hinrikus and Grohe, Martin},
    journal={Frontiers in artificial intelligence},
    volume={3},
    pages={580607},
    year={2021},
    publisher={Frontiers Media SA}
}

@inproceedings{imle,
    title = {Implicit {MLE}: Backpropagating Through Discrete Exponential Family Distributions},
    author = {Niepert, Mathias and Minervini, Pasquale and Franceschi, Luca},
    booktitle = {Advances in Neural Information Processing Systems},
    pages = {14567--14579},
    publisher = {Curran Associates, Inc.},
    volume = {34},
    year = {2021}
}
editor = {M. Ranzato and A. Beygelzimer and Y. Dauphin and P.S. Liang and J. Wortman Vaughan},
url = {https://proceedings.neurips.cc/paper_files/paper/2021/file/7a430339c10c642c4b2251756fd1b484-Paper.pdf}

@inproceedings{learning-co-algorithms-over-graphs,
    author = {Khalil, Elias and Dai, Hanjun and Zhang, Yuyu and Dilkina, Bistra and Song, Le},
    booktitle = {Advances in Neural Information Processing Systems},
    pages = {},
    publisher = {Curran Associates, Inc.},
    title = {Learning Combinatorial Optimization Algorithms over Graphs},
    volume = {30},
    year = {2017}
}
editor = {I. Guyon and U. Von Luxburg and S. Bengio and H. Wallach and R. Fergus and S. Vishwanathan and R. Garnett},
url = {https://proceedings.neurips.cc/paper_files/paper/2017/file/d9896106ca98d3d05b8cbdf4fd8b13a1-Paper.pdf}

@inproceedings{learning-tsp-requires-rethinking-generalization,
    title = {Learning TSP Requires Rethinking Generalization},
    author = {Joshi, Chaitanya K and Cappart, Quentin and Rousseau, Louis-Martin and Laurent, Thomas},
    booktitle = {International Conference on Principles and Practice of Constraint Programming},
    year = {2021}
}

@inproceedings{neural-algorithmic-reasoning-for-co,
    title = {Neural Algorithmic Reasoning for Combinatorial Optimisation},
    author = {Georgiev, Dobrik Georgiev and Numeroso, Danilo and Bacciu, Davide and Lio, Pietro},
    booktitle = {Proceedings of the Second Learning on Graphs Conference},
    pages = {28:1--28:15},
    year = {2023},
    volume = {231},
    series = {Proceedings of Machine Learning Research},
    month = {Nov},
    day = {27--30},
    publisher = {PMLR}
}
editor = {Villar, Soledad and Chamberlain, Benjamin},
pdf = {https://proceedings.mlr.press/v231/georgiev24a/georgiev24a.pdf},
url = {https://proceedings.mlr.press/v231/georgiev24a.html}

@inproceedings{neural-co-with-rl,
    title = {Neural combinatorial optimization with reinforcement learning},
    author = {Bello, Irwan and Pham, Hieu and Le, Quoc V. and Norouzi, Mohammad and Bengio, Samy},
    booktitle = {International Conference on Learning Representations},
    year = {2017}
}

@inproceedings{pointer-networks,
    title = {Pointer Networks},
    author = {Vinyals, Oriol and Fortunato, Meire and Jaitly, Navdeep},
    booktitle = {Advances in Neural Information Processing Systems},
    pages = {},
    publisher = {Curran Associates, Inc.},
    volume = {28},
    year = {2015}
}
editor = {C. Cortes and N. Lawrence and D. Lee and M. Sugiyama and R. Garnett},
url = {https://proceedings.neurips.cc/paper_files/paper/2015/file/29921001f2f04bd3baee84a12e98098f-Paper.pdf}

@article{solving-np-hard-problems-on-graphs-with-extended-alphago-zero,
    title = {Solving NP-Hard Problems on Graphs with Extended AlphaGo Zero},
    author = {Zijian Xu and Kenshin Abe and Issei Sato and Masashi Sugiyama},
    journal = {arXiv preprint arXiv:1905.11623},
    year = {2020}
}
url = {https://arxiv.org/abs/1905.11623}

@inproceedings{symmetric-replay-training--sample-efficiency-rl-co,
    title = {Symmetric Replay Training: Enhancing Sample Efficiency in Deep Reinforcement Learning for Combinatorial Optimization},
    author = {Kim, Hyeonah and Kim, Minsu and Ahn, Sungsoo and Park, Jinkyoo},
    booktitle = {Proceedings of the 41st International Conference on Machine Learning},
    pages = {24110--24136},
    year = {2024},
    volume = {235},
    series = {Proceedings of Machine Learning Research},
    month = {Jul},
    day = {21--27},
    publisher = {PMLR},
}
editor = {Salakhutdinov, Ruslan and Kolter, Zico and Heller, Katherine and Weller, Adrian and Oliver, Nuria and Scarlett, Jonathan and Berkenkamp, Felix},
pdf = {https://raw.githubusercontent.com/mlresearch/v235/main/assets/kim24o/kim24o.pdf},
url = {https://proceedings.mlr.press/v235/kim24o.html}

@inproceedings{tackling-prevalent-conditions-in-unsupervised-co,
    title = {Tackling Prevalent Conditions in Unsupervised Combinatorial Optimization: Cardinality, Minimum, Covering, and More},
    author = {Bu, Fanchen and Jo, Hyeonsoo and Lee, Soo Yong and Ahn, Sungsoo and Shin, Kijung},
    booktitle = {Proceedings of the 41st International Conference on Machine Learning},
    pages = {4696--4729},
    year = {2024},
    volume = {235},
    series = {Proceedings of Machine Learning Research},
    month = {Jul},
    day = {21--27},
    publisher = {PMLR},
}
editor = {Salakhutdinov, Ruslan and Kolter, Zico and Heller, Katherine and Weller, Adrian and Oliver, Nuria and Scarlett, Jonathan and Berkenkamp, Felix},
pdf = {https://raw.githubusercontent.com/mlresearch/v235/main/assets/bu24b/bu24b.pdf},
url = {https://proceedings.mlr.press/v235/bu24b.html}

