@String(PAMI = {IEEE Trans. Pattern Anal. Mach. Intell.})
@String(IJCV = {Int. J. Comput. Vis.})
@String(CVPR= {IEEE Conf. Comput. Vis. Pattern Recog.})
@String(ICCV= {Int. Conf. Comput. Vis.})
@String(ECCV= {Eur. Conf. Comput. Vis.})
@String(NIPS= {Adv. Neural Inform. Process. Syst.})
@String(ICPR = {Int. Conf. Pattern Recog.})
@String(BMVC= {Brit. Mach. Vis. Conf.})
@String(TOG= {ACM Trans. Graph.})
@String(TIP  = {IEEE Trans. Image Process.})
@String(TVCG  = {IEEE Trans. Vis. Comput. Graph.})
@String(TMM  = {IEEE Trans. Multimedia})
@String(ACMMM= {ACM Int. Conf. Multimedia})
@String(ICME = {Int. Conf. Multimedia and Expo})
@String(ICASSP=	{ICASSP})
@String(ICIP = {IEEE Int. Conf. Image Process.})
@String(ACCV  = {ACCV})
@String(ICLR = {Int. Conf. Learn. Represent.})
@String(IJCAI = {IJCAI})
@String(PR   = {Pattern Recognition})
@String(AAAI = {AAAI})
@String(CVPRW= {IEEE Conf. Comput. Vis. Pattern Recog. Worksh.})
@String(CSVT = {IEEE Trans. Circuit Syst. Video Technol.})

@String(SPL	= {IEEE Sign. Process. Letters})
@String(VR   = {Vis. Res.})
@String(JOV	 = {J. Vis.})
@String(TVC  = {The Vis. Comput.})
@String(JCST  = {J. Comput. Sci. Tech.})
@String(CGF  = {Comput. Graph. Forum})
@String(CVM = {Computational Visual Media})


@String(PAMI  = {IEEE TPAMI})
@String(IJCV  = {IJCV})
@String(CVPR  = {CVPR})
@String(ICCV  = {ICCV})
@String(ECCV  = {ECCV})
@String(NIPS  = {NeurIPS})
@String(ICPR  = {ICPR})
@String(BMVC  =	{BMVC})
@String(TOG   = {ACM TOG})
@String(TIP   = {IEEE TIP})
@String(TVCG  = {IEEE TVCG})
@String(TCSVT = {IEEE TCSVT})
@String(TMM   =	{IEEE TMM})
@String(ACMMM = {ACM MM})
@String(ICME  =	{ICME})
@String(ICASSP=	{ICASSP})
@String(ICIP  = {ICIP})
@String(ACCV  = {ACCV})
@String(ICLR  = {ICLR})
@String(IJCAI = {IJCAI})
@String(PR = {PR})
@String(AAAI = {AAAI})
@String(CVPRW= {CVPRW})
@String(CSVT = {IEEE TCSVT})



@misc{Authors14,
 author = {FirstName LastName},
 title = {The frobnicatable foo filter},
 note = {Face and Gesture submission ID 324. Supplied as supplemental material {\tt fg324.pdf}},
 year = 2014
}

@misc{Authors14b,
 author = {FirstName LastName},
 title = {Frobnication tutorial},
 note = {Supplied as supplemental material {\tt tr.pdf}},
 year = 2014
}

@article{Alpher02,
author = {FirstName Alpher},
title = {Frobnication},
journal = PAMI,
volume = 12,
number = 1,
pages = {234--778},
year = 2002
}

@article{Alpher03,
author = {FirstName Alpher and  FirstName Fotheringham-Smythe},
title = {Frobnication revisited},
journal = {Journal of Foo},
volume = 13,
number = 1,
pages = {234--778},
year = 2003
}

@article{Alpher04,
author = {FirstName Alpher and FirstName Fotheringham-Smythe and FirstName Gamow},
title = {Can a machine frobnicate?},
journal = {Journal of Foo},
volume = 14,
number = 1,
pages = {234--778},
year = 2004
}

@inproceedings{Alpher05,
author = {FirstName Alpher and FirstName Gamow},
title = {Can a computer frobnicate?},
booktitle = CVPR,
pages = {234--778},
year = 2005
}



@inproceedings{wu2020learning,
  title={Learning to purify noisy labels via meta soft label corrector},
  author={Wu, Yichen and Shu, Jun and Xie, Qi and Zhao, Qian and Meng, Deyu},
  booktitle={AAAI},
  pages={10388--10396},
  year={2021}
}
@inproceedings{deng2009imagenet,
  title={Imagenet: A large-scale hierarchical image database},
  author={Deng, Jia and Dong, Wei and Socher, Richard and Li, Li-Jia and Li, Kai and Fei-Fei, Li},
  booktitle={CVPR},
  pages={248--255},
  year={2009}
}
@article{aldahdooh2022adversarial,
  title={Adversarial example detection for DNN models: A review and experimental comparison},
  author={Aldahdooh, Ahmed and Hamidouche, Wassim and Fezza, Sid Ahmed and D{\'e}forges, Olivier},
  journal={Artificial Intelligence Review},
  pages={1--60},
  year={2022}
}
@inproceedings{andriushchenko2020square,
  title={Square attack: a query-efficient black-box adversarial attack via random search},
  author={Andriushchenko, Maksym and Croce, Francesco and Flammarion, Nicolas and Hein, Matthias},
  booktitle={ECCV},
  pages={484--501},
  year={2020}
}
@inproceedings{cui2021learnable,
  title={Learnable boundary guided adversarial training},
  author={Cui, Jiequan and Liu, Shu and Wang, Liwei and Jia, Jiaya},
  booktitle={ICCV},
  pages={15721--15730},
  year={2021}
}
@article{deng2021adversarial,
  title={Adversarial training helps transfer learning via better representations},
  author={Deng, Zhun and Zhang, Linjun and Vodrahalli, Kailas and Kawaguchi, Kenji and Zou, James Y},
  journal={Advances in Neural Information Processing Systems},
  volume={34},
  pages={25179--25191},
  year={2021}
}

@article{Junyu1,
  title={Hierarchical Deep Click Feature Prediction for Fine-Grained Image Recognition},
  author={Jun Yu and Min Tan and Hongyuan Zhang and Yong Rui and Dacheng Tao},
  journal={IEEE Trans. Pattern Anal. Mach. Intell},
  volume={44},
  number = {1},
  pages={563--578},
  year={2022}
}

@article{Junyu2,
  title={Click Prediction for Web Image Reranking using Multimodal Sparse Coding},
  author={Jun Yu and Yong Rui and Dacheng Tao},
  journal={IEEE Transactions on Image Processing},
  volume={23},
  number = {5},
  pages={2019--2032},
  year={2014}
}



@article{Devries1708-04552,
  author    = {Terrance Devries and Graham W. Taylor},
  title     = {Improved Regularization of Convolutional Neural Networks with Cutout},
  journal   = {CoRR},
  volume    = {abs/1708.04552},
  year      = {2017},
  pages     = {1--8},
}


@article{luoxin2,
  title={{NeuLFT}: A novel approach to nonlinear canonical polyadic decomposition on high-dimensional incomplete tensors},
  author={Luo, Xin and Wu, Hao and Li, Zechao},
  journal={IEEE Transactions on Knowledge and Data Engineering},
  year={2022},
  publisher={IEEE}
}

@article{luoxin3,
  title={Fast and accurate non-negative latent factor analysis on high-dimensional and sparse matrices in recommender systems},
  author={Luo, Xin and Zhou, Yue and Liu, Zhigang and Zhou, Mengchu},
  journal={IEEE Transactions on Knowledge and Data Engineering},
  year={2021},
  publisher={IEEE}
}


@article{luoxin4,
  title={Hierarchical particle swarm optimization-incorporated latent factor analysis for large-scale incomplete matrices},
  author={Chen, Jia and Luo, Xin and Zhou, Mengchu},
  journal={IEEE Transactions on Big Data},
  volume={8},
  number={6},
  pages={1524--1536},
  year={2021},
  publisher={IEEE}
}

@article{krizhevsky2009learning,
  added-at = {2022-06-08T11:58:01.000+0200},
  author = {Krizhevsky, Alex},
  biburl = {https://www.bibsonomy.org/bibtex/2fe5248afe57647d9c85c50a98a12145c/ogerst},
  description = {learning-features-2009-TR.pdf},
  interhash = {cc2d42f2b7ef6a4e76e47d1a50c8cd86},
  intrahash = {fe5248afe57647d9c85c50a98a12145c},
  keywords = {final thema:resnets},
  pages = {32--33},
  timestamp = {2022-06-08T11:59:28.000+0200},
  title = {Learning Multiple Layers of Features from Tiny Images},
  url = {https://www.cs.toronto.edu/~kriz/learning-features-2009-TR.pdf},
  year = 2009
}

@article{krizhevsky2009learning,
  title={Learning multiple layers of features from tiny images},
  author={Krizhevsky, Alex and Hinton, Geoffrey and others},
  year={2009},
  pages = {32--33},
  publisher={Citeseer}
}
@article{goodfellow2014explaining,
  title={Explaining and harnessing adversarial examples},
  author={Goodfellow, Ian J and Shlens, Jonathon and Szegedy, Christian},
  journal={arXiv preprint arXiv:1412.6572},
  year={2014}
}
@inproceedings{van2018inaturalist,
  title={The inaturalist species classification and detection dataset},
  author={Van Horn, Grant and Mac Aodha, Oisin and Song, Yang and Cui, Yin and Sun, Chen and Shepard, Alex and Adam, Hartwig and Perona, Pietro and Belongie, Serge},
  booktitle={CVPR},
  pages={8769--8778},
  year={2018}
}
@inproceedings{guo2021long,
  title={Long-tailed multi-label visual recognition by collaborative training on uniform and re-balanced samplings},
  author={Guo, Hao and Wang, Song},
  booktitle={CVPR},
  pages={15089--15098},
  year={2021}
}
@article{krizhevsky2009learnin,
  title={Learning multiple layers of features from tiny images},
  author={Krizhevsky, Alex and Hinton, Geoffrey and others},
  year={2009}
}
@InProceedings{xu2021robust,
  title = 	 {To be Robust or to be Fair: Towards Fairness in Adversarial Training},
  author =       {Xu, Han and Liu, Xiaorui and Li, Yaxin and Jain, Anil and Tang, Jiliang},
  booktitle = 	 {ICML},
  pages = 	 {11492--11501},
  year = 	 {2021}
}

@inproceedings{hu2019learning,
  title={Learning data manipulation for augmentation and weighting},
  author={Hu, Zhiting and Tan, Bowen and Salakhutdinov, Ruslan and Mitchell, Tom and Xing, Eric P},
  booktitle={NeurIPS},
  pages={15738--15749},
  year={2019}
}


@inproceedings{zhou2020bbn,
  title={{BBN}: Bilateral-branch network with cumulative learning for long-tailed visual recognition},
  author={Zhou, Boyan and Cui, Quan and Wei, Xiu-Shen and Chen, Zhao-Min},
  booktitle={CVPR},
  pages={9719--9728},
  year={2020}
}

@inproceedings{wu2020dist,
  title={Distribution-balanced loss for multi-label classification in long-tailed datasets},
  author={Wu, Tong and Huang, Qingqiu and Liu, Ziwei and Wang, Yu and Lin, Dahua},
  booktitle={ECCV},
  pages={162--178},
  year={2020}
}

@inproceedings{fan2017learning,
  title={Learning with average top-k loss},
  author={Fan, Yanbo and Lyu, Siwei and Ying, Yiming and Hu, Bao-Gang},
  booktitle={NeurIPS},
  pages={497--505},
  year={2017}
}


@inproceedings{wu2021adversarial,
  title={Adversarial robustness under long-tailed distribution},
  author={Wu, Tong and Liu, Ziwei and Huang, Qingqiu and Wang, Yu and Lin, Dahua},
  booktitle={CVPR},
  pages={8659--8668},
  year={2021}
}

@inproceedings{0Long,
  title={Long-tailed visual recognition via gaussian clouded logit adjustment},
  author={Li, Mengke and Cheung, Yiu-ming and Lu, Yang},
  booktitle={CVPR},
  pages={6929--6938},
  year={2022}
}

@inproceedings{ShafahiLR,
  title={Label Smoothing and Logit Squeezing: A Replacement for Adversarial Training?},
  author={A Shafahi and A Ghiasi and F Huang and T Goldstein},
  booktitle={arXiv:1910.11585 },
}

@inproceedings{patrini2017making,
  title={Making deep neural networks robust to label noise: A loss correction approach},
  author={Patrini, Giorgio and Rozzah, Alessandro and Krishna Menon, Aditya and Nock, Richard and Qu, Lizhen},
  booktitle={CVPR},
  pages={1944--1952},
  year={2017}
}
@inproceedings{wang2021proselflc,
  title={{ProSelfLC}: Progressive self label correction for training robust deep neural networks},
  author={Wang, Xinshao and Hua, Yang and Kodirov, Elyor and Clifton, David A and Robertson, Neil M},
  booktitle={CVPR},
  pages={752--761},
  year={2021}
}
@inproceedings{zhang2017mixup,
  title={Mixup: Beyond empirical risk minimization},
  author={Zhang, Hongyi and Cisse, Moustapha and Dauphin, Yann N and Lopez-Paz, David},
  booktitle={ICLR},
  pages={1--9},
  year={2018}
}
@inproceedings{wang2019implicit,
  title={Implicit semantic data augmentation for deep networks},
  author={Wang, Yulin and Pan, Xuran and Song, Shiji and Zhang, Hong and Huang, Gao and Wu, Cheng},
  booktitle={NeurIPS},
  pages={12635--12644},
  year={2019}
}

@inproceedings{Cui4190,
  title={Large scale fine-grained categorization and
domain-specific transfer learning},
  author={Yin Cui and Yang Song and Chen Sun and Andrew Howard and Serge Belongie},
  booktitle={CVPR},
  pages={4109--4118},
  year={2018}
}

@inproceedings{menon2020long,
  title={Long-tail learning via logit adjustment},
  author={Menon, Aditya Krishna and Jayasumana, Sadeep and Rawat, Ankit Singh and Jain, Himanshu and Veit, Andreas and Kumar, Sanjiv},
  booktitle={ICLR},
  pages = {1-9},
  year={2021}
}

@inproceedings{reed2014training,
  title={Training deep neural networks on noisy labels with bootstrapping},
  author={Reed, Scott and Lee, Honglak and Anguelov, Dragomir and Szegedy, Christian and Erhan, Dumitru and Rabinovich, Andrew},
  booktitle={ICLR},
  pages = {1-9},
  year={2015}
}

@inproceedings{madry2017towards,
  title={Towards deep learning models resistant to adversarial attacks},
  author={Madry, Aleksander and Makelov, Aleksandar and Schmidt, Ludwig and Tsipras, Dimitris and Vladu, Adrian},
  booktitle={ICLR},
  pages = {1-9},
  year={2018}
}
@inproceedings{xie2020adversarial,
  title={Adversarial examples improve image recognition},
  author={Xie, Cihang and Tan, Mingxing and Gong, Boqing and Wang, Jiang and Yuille, Alan L and Le, Quoc V},
  booktitle={CVPR},
  pages={819--828},
  year={2020}
}


@inproceedings{jin2020bert,
  title={Is bert really robust? A strong baseline for natural language attack on text classification and entailment},
  author={Jin, Di and Jin, Zhijing and Zhou, Joey Tianyi and Szolovits, Peter},
  booktitle={AAAI},
  pages={8018--8025},
  year={2020}
}


@inproceedings{li2021metasaug,
  title={{MetaSAug}: Meta semantic augmentation for Long-tailed visual recognition},
  author={Li, Shuang and Gong, Kaixiong and Liu, Chi Harold and Wang, Yulin and Qiao, Feng and Cheng, Xinjing},
  booktitle={CVPR},
  pages={5212--5221},
  year={2021}
}


@inproceedings{liu2016large,
  title={Large-margin softmax loss for convolutional neural networks.},
  author={Liu, Weiyang and Wen, Yandong and Yu, Zhiding and Yang, Meng},
  booktitle={ICML},
  pages={507--516},
  year={2016}
}


@inproceedings{xie2016disturblabel,
  title={{DisturbLabel}: Regularizing cnn on the loss layer},
  author={Xie, Lingxi and Wang, Jingdong and Wei, Zhen and Wang, Meng and Tian, Qi},
  booktitle={CVPR},
  pages={4753--4762},
  year={2016}
}


@inproceedings{lin2017focal,
  title={Focal loss for dense object detection},
  author={Lin, Tsung-Yi and Goyal, Priya and Girshick, Ross and He, Kaiming and Doll{\'a}r, Piotr},
  booktitle={ICCV},
  pages={2980--2988},
  year={2017}
}


@inproceedings{wen2016discriminative,
  title={A discriminative feature learning approach for deep face recognition},
  author={Wen, Yandong and Zhang, Kaipeng and Li, Zhifeng and Qiao, Yu},
  booktitle={ECCV},
  pages={499--515},
  year={2016},
}


@inproceedings{zhang2018generalized,
  title={Generalized cross entropy loss for training deep neural networks with noisy labels},
  author={Zhang, Zhilu and Sabuncu, Mert R},
  booktitle={NeurIPS},
  pages={8778--8788},
  year={2018}
}


@inproceedings{odena2017conditional,
  title={Conditional image synthesis with auxiliary classifier gans},
  author={Odena, Augustus and Olah, Christopher and Shlens, Jonathon},
  booktitle={ICML},
  pages={2642--2651},
  year={2017}
}


@inproceedings{chen2016infogan,
  title={{InfoGAN}: Interpretable representation learning by information maximizing generative adversarial nets},
  author={Chen, Xi and Duan, Yan and Houthooft, Rein and Schulman, John and Sutskever, Ilya and Abbeel, Pieter},
  booktitle={NeurIPS},
  pages={2180--2188},
  year={2016}
}


@inproceedings{cao2019learning,
  title={Learning imbalanced datasets with label-distribution-aware margin loss},
  author={Cao, Kaidi and Wei, Colin and Gaidon, Adrien and Arechiga, Nikos and Ma, Tengyu},
  booktitle={NeurIPS},
  pages={1567--1578},
  year={2019}
}


@inproceedings{tan2020equalization,
  title={Equalization loss for long-tailed object recognition},
  author={Tan, Jingru and Wang, Changbao and Li, Buyu and Li, Quanquan and Ouyang, Wanli and Yin, Changqing and Yan, Junjie},
  booktitle={CVPR},
  pages={11662--11671},
  year={2020}
}


@inproceedings{cui2019class,
  title={Class-balanced loss based on effective number of samples},
  author={Cui, Yin and Jia, Menglin and Lin, Tsung-Yi and Song, Yang and Belongie, Serge},
  booktitle={CVPR},
  pages={9268--9277},
  year={2019}
}



@inproceedings{szegedy2016rethinking,
  title={Rethinking the inception architecture for computer vision},
  author={Szegedy, Christian and Vanhoucke, Vincent and Ioffe, Sergey and Shlens, Jon and Wojna, Zbigniew},
  booktitle={CVPR},
  pages={2818--2826},
  year={2016}
}


@inproceedings{he2016deep,
  title={Deep residual learning for image recognition},
  author={He, Kaiming and Zhang, Xiangyu and Ren, Shaoqing and Sun, Jian},
  booktitle={CVPR},
  pages={770--778},
  year={2016}
}


@inproceedings{zagoruyko2016wide,
  title={Wide residual networks},
  author={Zagoruyko, Sergey and Komodakis, Nikos},
  booktitle={BMVC},
  pages={87.1-87.12},
  year={2016}
}


@inproceedings{shu2019meta,
  title={{Meta-Weight-Net}: Learning an explicit mapping for sample weighting},
  author={Shu, Jun and Xie, Qi and Yi, Lixuan and Zhao, Qian and Zhou, Sanping and Xu, Zongben and Meng, Deyu},
  booktitle={NeurIPS},
  pages={1917--1928},
  year={2019}
}

@inproceedings{hu2018squeeze,
  title={Squeeze-and-excitation networks},
  author={Hu, Jie and Shen, Li and Sun, Gang},
  booktitle={CVPR},
  pages={7132--7141},
  year={2018}
}

@article{mirza2014conditional,
  title={Conditional generative adversarial nets},
  author={Mirza, Mehdi and Osindero, Simon},
  journal={arXiv preprint arXiv:1411.1784},
  year={2014}
}

@misc{kang2019decoupling,
      title={Decoupling representation and classifier for long-tailed recognition},
      author={Kang, Bingyi and Xie, Saining and Rohrbach, Marcus and Yan, Zhicheng and Gordo, Albert and Feng, Jiashi and Kalantidis, Yannis},
      year={2019},
      eprint={1910.09217},
      archivePrefix={arXiv},
}

@article{luo2015generating,
  title={Generating highly accurate predictions for missing QoS data via aggregating nonnegative latent factor models},
  author={Luo, Xin and Zhou, MengChu and Xia, Yunni and Zhu, Qingsheng and Ammari, Ahmed Chiheb and Alabdulwahab, Ahmed},
  journal={IEEE transactions on neural networks and learning systems},
  volume={27},
  number={3},
  pages={524--537},
  year={2015},
  publisher={IEEE}
}

@article{luo2015nonnegative,
  title={A nonnegative latent factor model for large-scale sparse matrices in recommender systems via alternating direction method},
  author={Luo, Xin and Zhou, MengChu and Li, Shuai and You, Zhuhong and Xia, Yunni and Zhu, Qingsheng},
  journal={IEEE transactions on neural networks and learning systems},
  volume={27},
  number={3},
  pages={579--592},
  year={2015},
  publisher={IEEE}
}

@inproceedings{li2022logit,
  title={Logit Perturbation},
  author={Li, Mengyang and Su, Fengguang and Wu, Ou and Zhang, Ji},
  booktitle={AAAI},
  pages={10388--10396},
  year={2022}
}

@inproceedings{yang2016exploit,
  title={Exploit bounding box annotations for multi-label object recognition},
  author={Yang, Hao and Tianyi Zhou, Joey and Zhang, Yu and Gao, Bin-Bin and Wu, Jianxin and Cai, Jianfei},
  booktitle={CVPR},
  pages={280--288},
  year={2016}
}
  
@article{chen2022mnl,
  title={{MNL}: A Highly-Efficient Model for Large-scale Dynamic Weighted Directed Network Representation},
  author={Chen, Minzhi and He, Chunlin and Luo, Xin},
  journal={IEEE Transactions on Big Data},
  year={2022},
  pages={1-14},
  publisher={IEEE}
}

@article{hu2021survey,
  title={A survey on computational models for predicting protein--protein interactions},
  author={Hu, Lun and Wang, Xiaojuan and Huang, Yu-An and Hu, Pengwei and You, Zhu-Hong},
  journal={Briefings in bioinformatics},
  volume={22},
  number={5},
  pages={bbab036},
  year={2021},
  publisher={Oxford University Press}
}


@article{hu2022effectively,
  title={Effectively predicting HIV-1 protease cleavage sites by using an ensemble learning approach},
  author={Hu, Lun and Li, Zhenfeng and Tang, Zehai and Zhao, Cheng and Zhou, Xi and Hu, Pengwei},
  journal={BMC bioinformatics},
  volume={23},
  number={1},
  pages={447},
  year={2022},
  publisher={Springer}
}

@article{zhao2022hingrl,
  title={{HINGL}: predicting drug--disease associations with graph representation learning on heterogeneous information networks},
  author={Zhao, Bo-Wei and Hu, Lun and You, Zhu-Hong and Wang, Lei and Su, Xiao-Rui},
  journal={Briefings in bioinformatics},
  volume={23},
  number={1},
  pages={bbab515},
  year={2022},
  publisher={Oxford University Press}
}

@article{wang2022ppisb,
  title={{PPISB}: a novel network-based algorithm of predicting protein-protein interactions with mixed membership stochastic blockmodel},
  author={Wang, Xiaojuan and Yang, Wen and Yang, Yue and He, Yizhou and Zhang, Jun and Wang, Lusheng and Hu, Lun},
  journal={IEEE/ACM Transactions on Computational Biology and Bioinformatics},
  year={2022},
  pages={1-8},
  publisher={IEEE}
}

@article{yu2014click,
  title={Click prediction for web image reranking using multimodal sparse coding},
  author={Yu, Jun and Rui, Yong and Tao, Dacheng},
  journal={IEEE Transactions on Image Processing},
  volume={23},
  number={5},
  pages={2019--2032},
  year={2014},
  publisher={IEEE}
}

@article{yu2019hierarchical,
  title={Hierarchical deep click feature prediction for fine-grained image recognition},
  author={Yu, Jun and Tan, Min and Zhang, Hongyuan and Rui, Yong and Tao, Dacheng},
  journal={IEEE transactions on pattern analysis and machine intelligence},
  volume={44},
  number={2},
  pages={563--578},
  year={2019},
  publisher={IEEE}
}

@article{tan2019image,
  title={Image recognition by predicted user click feature with multidomain multitask transfer deep network},
  author={Tan, Min and Yu, Jun and Zhang, Hongyuan and Rui, Yong and Tao, Dacheng},
  journal={IEEE Transactions on Image Processing},
  volume={28},
  number={12},
  pages={6047--6062},
  year={2019},
  publisher={IEEE}
}


@article{han2022modeling,
  title={Modeling long-term video semantic distribution for temporal action proposal generation},
  author={Han, Tingting and Zhao, Sicheng and Sun, Xiaoshuai and Yu, Jun},
  journal={Neurocomputing},
  volume={490},
  pages={217--225},
  year={2022},
  publisher={Elsevier}
}

@article{hu2019incorporating,
  title={Incorporating the coevolving information of substrates in predicting HIV-1 protease cleavage sites},
  author={Hu, Lun and Hu, Pengwei and Luo, Xin and Yuan, Xiaohui and You, Zhu-Hong},
  journal={IEEE/ACM transactions on computational biology and bioinformatics},
  volume={17},
  number={6},
  pages={2017--2028},
  year={2019},
  publisher={IEEE}
}

@ARTICLE{WUPSB,
  author={Wu, Di and Luo, Xin and He, Yi and Zhou, MengChu},
  title={A Prediction-Sampling-Based Multilayer-Structured Latent Factor Model for Accurate Representation to High-Dimensional and Sparse Data}, 
  year={2022},
  volume={},
  number={},
   journal={IEEE Transactions on Neural Networks and Learning Systems},
  pages={1-14}}


@inproceedings{wang2021denoising,
  title={Denoising implicit feedback for recommendation},
  author={Wang, Wenjie and Feng, Fuli and He, Xiangnan and Nie, Liqiang and Chua, Tat-Seng},
  booktitle={WSDM},
  pages={373--381},
  year={2021}
}


@article{YeYuan,
  title={A Kalman-filter-incorporated latent factor analysis model for temporally dynamic sparse data},
  author={Yuan, Ye and Luo, Xin and Shang, Mingsheng and Wang, Zidong},
  journal={IEEE Transactions on Cybernetics},
  year={2022},
  publisher={IEEE}
}

@article{luoxin1,
  title={A novel approach to large-scale dynamically weighted directed network representation},
  author={Luo, Xin and Wu, Hao and Wang, Zhi and Wang, Jianjun and Meng, Deyu},
  journal={IEEE Transactions on Pattern Analysis and Machine Intelligence},
  volume={44},
  number={12},
  pages={9756--9773},
  year={2021},
  publisher={IEEE}
}

@inproceedings{yun2021re,
  title={Re-labeling imagenet: from single to multi-labels, from global to localized labels},
  author={Yun, Sangdoo and Oh, Seong Joon and Heo, Byeongho and Han, Dongyoon and Choe, Junsuk and Chun, Sanghyuk},
  booktitle={CVPR},
  pages={2340--2350},
  year={2021}
}
@inproceedings{chen2019multi-,
  title={Multi-label image recognition with joint class-aware map disentangling and label correlation embedding},
  author={Chen, Zhao-Min and Wei, Xiu-Shen and Jin, Xin and Guo, Yanwen},
  booktitle={2019 IEEE International Conference on Multimedia and Expo (ICME)},
  pages={622--627},
  year={2019},
  organization={IEEE}
}
@inproceedings{chen2019multi,
  title={Multi-label image recognition with graph convolutional networks},
  author={Chen, Zhao-Min and Wei, Xiu-Shen and Wang, Peng and Guo, Yanwen},
  booktitle={CVPR},
  pages={5177--5186},
  year={2019}
}
@article{ridnik2021ml,
  title={{ML-Decoder}: Scalable and versatile classification head},
  author={Ridnik, Tal and Sharir, Gilad and Ben-Cohen, Avi and Ben-Baruch, Emanuel and Noy, Asaf},
  journal={arXiv preprint arXiv:2111.12933},
  year={2021}
}
@article{liu2021query2label,
  title={{Query2Label}: A simple transformer way to multi-label classification},
  author={Liu, Shilong and Zhang, Lei and Yang, Xiao and Su, Hang and Zhu, Jun},
  journal={arXiv preprint arXiv:2107.10834},
  year={2021}
}
@article{ben2020asymmetric,
  title={Asymmetric loss for multi-label classification},
  author={Ben-Baruch, Emanuel and Ridnik, Tal and Zamir, Nadav and Noy, Asaf and Friedman, Itamar and Protter, Matan and Zelnik-Manor, Lihi},
  journal={arXiv preprint arXiv:2009.14119},
  year={2020}
}
@article{boutell2004learning,
  title={Learning multi-label scene classification},
  author={Boutell, Matthew R and Luo, Jiebo and Shen, Xipeng and Brown, Christopher M},
  journal={Pattern recognition},
  volume={37},
  number={9},
  pages={1757--1771},
  year={2004},
  publisher={Elsevier}
}
@article{lin2019microsoft,
  title={{Microsoft COCO}: common objects in context (2014)},
  author={Lin, Tsung-Yi and Maire, Michael and Belongie, Serge and Bourdev, Lubomir and Girshick, Ross and Hays, James and Perona, Pietro and Ramanan, Deva and Zitnick, C Lawrence and Doll{\'a}r, Piotr},
  journal={arXiv preprint arXiv:1405.0312},
  year={2019},
  publisher={Available}
}
@article{everingham2007pascal,
  title={The pascal visual object classes challenge 2007 (voc2007) development kit},
  author={Everingham, Mark and Winn, John},
  journal={University of Leeds, Tech. Rep},
  year={2007},
  publisher={Citeseer}
}

@inproceedings{shen2016relay,
  title={Relay backpropagation for effective learning of deep convolutional neural networks},
  author={Shen, Li and Lin, Zhouchen and Huang, Qingming},
  booktitle={ECCV},
  pages={467--482},
  year={2016}
}

@inproceedings{liu2019large,
  title={Large-scale long-tailed recognition in an open world},
  author={Liu, Ziwei and Miao, Zhongqi and Zhan, Xiaohang and Wang, Jiayun and Gong, Boqing and Yu, Stella X},
  booktitle={CVPR},
  pages={2537--2546},
  year={2019}
}

@inproceedings{lin2014microsoft,
  title={{Microsoft COCO}: Common objects in context},
  author={Lin, Tsung-Yi and Maire, Michael and Belongie, Serge and Hays, James and Perona, Pietro and Ramanan, Deva and Doll{\'a}r, Piotr and Zitnick, C Lawrence},
  booktitle={ECCV},
  pages={740--755},
  year={2014}
}

@inproceedings{van2018inaturalist,
  title={The inaturalist species classification and detection dataset},
  author={Van Horn, Grant and Mac Aodha, Oisin and Song, Yang and Cui, Yin and Sun, Chen and Shepard, Alex and Adam, Hartwig and Perona, Pietro and Belongie, Serge},
  booktitle={CVPR},
  pages={8769--8778},
  year={2018}
}

@misc{iNaturalist2018,
   title = {{iNaturalist} 2018 Competition Dataset},
   year={2018},
   howpublished = {\url{https://github.com/visipedia/inat_comp}}
}

@ARTICLE{8766125,
  author={Li, Changsheng and Liu, Chong and Duan, Lixin and Gao, Peng and Zheng, Kai},
  journal={IEEE Transactions on Neural Networks and Learning Systems}, 
  title={Reconstruction Regularized Deep Metric Learning for Multi-Label Image Classification}, 
  year={2020},
  volume={31},
  number={7},
  pages={2294-2303},
  doi={10.1109/TNNLS.2019.2924023}}
 
@article{everingham2015pascal,
  title={The pascal visual object classes challenge: A retrospective},
  author={Everingham, Mark and Eslami, SM and Van Gool, Luc and Williams, Christopher KI and Winn, John and Zisserman, Andrew},
  journal={International journal of computer vision},
  volume={111},
  number={1},
  pages={98--136},
  year={2015},
  publisher={Springer}
}

@ARTICLE{8830456,
  author={Wei, Tong and Li, Yu-Feng},
  journal={IEEE Transactions on Neural Networks and Learning Systems}, 
  title={Does Tail Label Help for Large-Scale Multi-Label Learning?}, 
  year={2020},
  volume={31},
  number={7},
  pages={2315-2324},
  doi={10.1109/TNNLS.2019.2935143}}




%%%%%%%%%%%%%%%%%%%%%%%%%%%%%%%%%%%%%%%%%%%%%%%%%%%%%%%%%%%%%%%%%%%%%%%%%%%%%%%%%%%

@article{devlin2018bert,
  title={Bert: Pre-training of deep bidirectional transformers for language understanding},
  author={Devlin, Jacob and Chang, Ming-Wei and Lee, Kenton and Toutanova, Kristina},
  journal={arXiv preprint arXiv:1810.04805},
  year={2018}
}

@article{brown2020language,
  title={Language models are few-shot learners},
  author={Brown, Tom and Mann, Benjamin and Ryder, Nick and Subbiah, Melanie and Kaplan, Jared D and Dhariwal, Prafulla and Neelakantan, Arvind and Shyam, Pranav and Sastry, Girish and Askell, Amanda and others},
  journal={Advances in neural information processing systems},
  volume={33},
  pages={1877--1901},
  year={2020}
}

@inproceedings{huang2019o2u,
  title={O2u-net: A simple noisy label detection approach for deep neural networks},
  author={Huang, Jinchi and Qu, Lie and Jia, Rongfei and Zhao, Binqiang},
  booktitle={Proceedings of the IEEE/CVF international conference on computer vision},
  pages={3326--3334},
  year={2019}
}



@inproceedings{ren2018learning,
  title={Learning to reweight examples for robust deep learning},
  author={Ren, Mengye and Zeng, Wenyuan and Yang, Bin and Urtasun, Raquel},
  booktitle={International conference on machine learning},
  pages={4334--4343},
  year={2018},
  organization={PMLR}
}