@article{boiko_autonomous_2023,
	title = {Autonomous chemical research with large language models},
	volume = {624},
	issn = {0028-0836, 1476-4687},
	url = {https://www.nature.com/articles/s41586-023-06792-0},
	doi = {10.1038/s41586-023-06792-0},
	language = {en},
	number = {7992},
	urldate = {2024-10-22},
	journal = {Nature},
	author = {Boiko, Daniil A. and MacKnight, Robert and Kline, Ben and Gomes, Gabe},
	month = dec,
	year = {2023},
	pages = {570--578},
}

@article{gao_empowering_2024,
	title = {Empowering biomedical discovery with {AI} agents},
	volume = {187},
	issn = {0092-8674, 1097-4172},
	url = {https://www.cell.com/cell/abstract/S0092-8674(24)01070-5},
	doi = {10.1016/j.cell.2024.09.022},
	language = {English},
	number = {22},
	urldate = {2024-11-01},
	journal = {Cell},
	author = {Gao, Shanghua and Fang, Ada and Huang, Yepeng and Giunchiglia, Valentina and Noori, Ayush and Schwarz, Jonathan Richard and Ektefaie, Yasha and Kondic, Jovana and Zitnik, Marinka},
	month = oct,
	year = {2024},
	note = {Publisher: Elsevier},
	keywords = {AI agent, agent systems, artificial intelligence, biomedical discovery, foundation models, large language models},
	pages = {6125--6151},
}

@article{ghafarollahi_protagents_2024,
	title = {{ProtAgents}: protein discovery via large language model multi-agent collaborations combining physics and machine learning},
	volume = {3},
	shorttitle = {{ProtAgents}},
	url = {https://pubs.rsc.org/en/content/articlelanding/2024/dd/d4dd00013g},
	doi = {10.1039/D4DD00013G},
	language = {en},
	number = {7},
	urldate = {2024-10-22},
	journal = {Digital Discovery},
	author = {Ghafarollahi, Alireza and J. Buehler, Markus},
	year = {2024},
	note = {Publisher: Royal Society of Chemistry},
	pages = {1389--1409},
}

@misc{inoue_drugagent_2024,
	title = {{DrugAgent}: {Explainable} {Drug} {Repurposing} {Agent} with {Large} {Language} {Model}-based {Reasoning}},
	shorttitle = {{DrugAgent}},
	url = {http://arxiv.org/abs/2408.13378},
	doi = {10.48550/arXiv.2408.13378},
	urldate = {2024-10-22},
	publisher = {arXiv},
	author = {Inoue, Yoshitaka and Song, Tianci and Fu, Tianfan},
	month = sep,
	year = {2024},
	note = {arXiv:2408.13378},
	keywords = {Computer Science - Artificial Intelligence, Computer Science - Computation and Language, Computer Science - Information Retrieval, Computer Science - Machine Learning, Quantitative Biology - Quantitative Methods},
}

@article{m_bran_augmenting_2024,
	title = {Augmenting large language models with chemistry tools},
	volume = {6},
	copyright = {2024 The Author(s)},
	issn = {2522-5839},
	url = {https://www.nature.com/articles/s42256-024-00832-8},
	doi = {10.1038/s42256-024-00832-8},
	language = {en},
	number = {5},
	urldate = {2024-10-22},
	journal = {Nature Machine Intelligence},
	author = {M. Bran, Andres and Cox, Sam and Schilter, Oliver and Baldassari, Carlo and White, Andrew D. and Schwaller, Philippe},
	month = may,
	year = {2024},
	note = {Publisher: Nature Publishing Group},
	keywords = {Chemistry, Machine learning},
	pages = {525--535},
}

@misc{mcnaughton_cactus_2024,
	title = {{CACTUS}: {Chemistry} {Agent} {Connecting} {Tool}-{Usage} to {Science}},
	shorttitle = {{CACTUS}},
	url = {http://arxiv.org/abs/2405.00972},
	doi = {10.48550/arXiv.2405.00972},
	urldate = {2024-10-22},
	publisher = {arXiv},
	author = {McNaughton, Andrew D. and Ramalaxmi, Gautham and Kruel, Agustin and Knutson, Carter R. and Varikoti, Rohith A. and Kumar, Neeraj},
	month = may,
	year = {2024},
	note = {arXiv:2405.00972},
	keywords = {Computer Science - Artificial Intelligence, Computer Science - Computation and Language, Computer Science - Machine Learning, Physics - Chemical Physics, Quantitative Biology - Quantitative Methods},
}

@article{szymanski_autonomous_2023,
	title = {An autonomous laboratory for the accelerated synthesis of novel materials},
	volume = {624},
	copyright = {2023 The Author(s)},
	issn = {1476-4687},
	url = {https://www.nature.com/articles/s41586-023-06734-w},
	doi = {10.1038/s41586-023-06734-w},
	language = {en},
	number = {7990},
	urldate = {2024-10-22},
	journal = {Nature},
	author = {Szymanski, Nathan J. and Rendy, Bernardus and Fei, Yuxing and Kumar, Rishi E. and He, Tanjin and Milsted, David and others},
	month = dec,
	year = {2023},
	note = {Publisher: Nature Publishing Group},
	keywords = {Characterization and analytical techniques, Computational methods, Design, synthesis and processing},
	pages = {86--91},
}

@misc{zhou_automated_2023,
	title = {Automated {Bioinformatics} {Analysis} via {AutoBA}},
	url = {http://arxiv.org/abs/2309.03242},
	urldate = {2024-11-01},
	publisher = {arXiv},
	author = {Zhou, Juexiao and Zhang, Bin and Chen, Xiuying and Li, Haoyang and Xu, Xiaopeng and Chen, Siyuan and others},
	month = sep,
	year = {2023},
	note = {arXiv:2309.03242},
	keywords = {Computer Science - Artificial Intelligence, Computer Science - Machine Learning, Computer Science - Multiagent Systems, Quantitative Biology - Genomics},
}

