@inproceedings{bai2022near,
  title={Near-optimal learning of extensive-form games with imperfect information},
  author={Bai, Yu and Jin, Chi and Mei, Song and Yu, Tiancheng},
  booktitle={International Conference on Machine Learning},
  pages={1337--1382},
  year={2022},
  organization={PMLR}
}

@inproceedings{cutkosky2018black,
  title={Black-box reductions for parameter-free online learning in banach spaces},
  author={Cutkosky, Ashok and Orabona, Francesco},
  booktitle={Conference On Learning Theory},
  pages={1493--1529},
  year={2018},
  organization={PMLR}
}

@article{even2008regret,
  title={Regret to the best vs. regret to the average},
  author={Even-Dar, Eyal and Kearns, Michael and Mansour, Yishay and Wortman, Jennifer},
  journal={Machine Learning},
  volume={72},
  number={1},
  pages={21--37},
  year={2008},
  publisher={Springer}
}

@article{ganzfried2015safe,
  title={Safe opponent exploitation},
  author={Ganzfried, Sam and Sandholm, Tuomas},
  journal={ACM Transactions on Economics and Computation (TEAC)},
  volume={3},
  number={2},
  pages={1--28},
  year={2015},
  publisher={ACM New York, NY, USA}
}

@article{hutter2005adaptive,
  title={Adaptive Online Prediction by Following the Perturbed Leader.},
  author={Hutter, Marcus and Poland, Jan and Warmuth, Manfred},
  journal={Journal of Machine Learning Research},
  volume={6},
  number={4},
  year={2005}
}

@article{kapralov2011prediction,
  title={Prediction strategies without loss},
  author={Kapralov, Michael and Panigrahy, Rina},
  journal={Advances in Neural Information Processing Systems},
  volume={24},
  year={2011}
}

@article{koolen2013pareto,
  title={The pareto regret frontier},
  author={Koolen, Wouter M},
  journal={Advances in Neural Information Processing Systems},
  volume={26},
  year={2013}
}

@article{kozuno2021model,
  title={Model-free learning for two-player zero-sum partially observable markov games with perfect recall},
  author={Kozuno, Tadashi and M{\'e}nard, Pierre and Munos, R{\'e}mi and Valko, Michal},
  journal={arXiv preprint arXiv:2106.06279},
  year={2021}
}

@article{lattimore2015pareto,
  title={The pareto regret frontier for bandits},
  author={Lattimore, Tor},
  journal={Advances in Neural Information Processing Systems},
  volume={28},
  year={2015}
}

@article{orabona2016coin,
  title={Coin betting and parameter-free online learning},
  author={Orabona, Francesco and P{\'a}l, D{\'a}vid},
  journal={Advances in Neural Information Processing Systems},
  volume={29},
  year={2016}
}

@article{orabona2019modern,
  title={A modern introduction to online learning},
  author={Orabona, Francesco},
  journal={arXiv preprint arXiv:1912.13213},
  year={2019}
}

@article{sani2014exploiting,
  title={Exploiting easy data in online optimization},
  author={Sani, Amir and Neu, Gergely and Lazaric, Alessandro},
  journal={Advances in Neural Information Processing Systems},
  volume={27},
  year={2014}
}

