@inproceedings{arunachaleswaran2024pareto,
  title={Pareto-optimal algorithms for learning in games},
  author={Arunachaleswaran, Eshwar Ram and Collina, Natalie and Schneider, Jon},
  booktitle={Proceedings of the 25th ACM Conference on Economics and Computation},
  pages={490--510},
  year={2024}
}

@article{kolumbus2022and,
  title={How and why to manipulate your own agent: On the incentives of users of learning agents},
  author={Kolumbus, Yoav and Nisan, Noam},
  journal={Advances in Neural Information Processing Systems},
  volume={35},
  pages={28080--28094},
  year={2022}
}

@inproceedings{kolumbus2022auctions,
  title={Auctions between regret-minimizing agents},
  author={Kolumbus, Yoav and Nisan, Noam},
  booktitle={Proceedings of the ACM Web Conference 2022},
  pages={100--111},
  year={2022}
}

@article{chen2023persuading,
  title={Persuading a Behavioral Agent: Approximately Best Responding and Learning},
  author={Chen, Yiling and Lin, Tao},
  journal={arXiv preprint arXiv:2302.03719},
  year={2023}
}


@article{guruganesh2024contracting,
  title={Contracting with a Learning Agent},
  author={Guruganesh, Guru and Kolumbus, Yoav and Schneider, Jon and Talgam-Cohen, Inbal and Vlatakis-Gkaragkounis, Emmanouil-Vasileios and Wang, Joshua R and Weinberg, S Matthew},
  journal={arXiv preprint arXiv:2401.16198},
  year={2024}
}

@inproceedings{cai2023selling,
  title={Selling to multiple no-regret buyers},
  author={Cai, Linda and Weinberg, S Matthew and Wildenhain, Evan and Zhang, Shirley},
  booktitle={International Conference on Web and Internet Economics},
  pages={113--129},
  year={2023},
  organization={Springer}
}

@article{ananthakrishnan2024knowledge,
  title={Is Knowledge Power? On the (Im) possibility of Learning from Strategic Interaction},
  author={Ananthakrishnan, Nivasini and Haghtalab, Nika and Podimata, Chara and Yang, Kunhe},
  journal={arXiv preprint arXiv:2408.08272},
  year={2024}
}

@article{haghtalab2024calibrated,
  title={Calibrated stackelberg games: Learning optimal commitments against calibrated agents},
  author={Haghtalab, Nika and Podimata, Chara and Yang, Kunhe},
  journal={Advances in Neural Information Processing Systems},
  volume={36},
  year={2024}
}

@inproceedings{brown2023is,
    title={Is Learning in Games Good for the Learners?},
    author={William Brown and Jon Schneider and Kiran Vodrahalli},
    booktitle={Thirty-seventh Conference on Neural Information Processing Systems},
    year={2023},
    url={https://openreview.net/forum?id=jR2FkqW6GB}
}

@article{DSSstrat,
  title={Strategizing against no-regret learners},
  author={Deng, Yuan and Schneider, Jon and Sivan, Balasubramanian},
  journal={Advances in Neural Information Processing Systems},
  volume={32},
  year={2019}
}


@inproceedings{MMSSbayesian,
  title={Strategizing against learners in bayesian games},
  author={Mansour, Yishay and Mohri, Mehryar and Schneider, Jon and Sivan, Balasubramanian},
  booktitle={Conference on Learning Theory},
  pages={5221--5252},
  year={2022},
  organization={PMLR}
}

@article{orabona2019modern,
  title={A modern introduction to online learning},
  author={Orabona, Francesco},
  journal={arXiv preprint arXiv:1912.13213},
  year={2019}
}

@inproceedings{cutkosky2018black,
  title={Black-box reductions for parameter-free online learning in banach spaces},
  author={Cutkosky, Ashok and Orabona, Francesco},
  booktitle={Conference On Learning Theory},
  pages={1493--1529},
  year={2018},
  organization={PMLR}
}
@book{osborne1994course,
  title={A course in game theory},
  author={Osborne, Martin J and Rubinstein, Ariel},
  publisher={MIT Press},
  year={1994}
}
@inproceedings{farina2021bandit,
   title={Bandit Linear Optimization for Sequential Decision Making and Extensive-Form Games},
   author={Farina, Gabriele and Schmucker, Robin and Sandholm, Tuomas},
   booktitle={AAAI Conference on Artificial Intelligence},
   year={2021}
 }
@article{kozuno2021model,
  title={Model-free learning for two-player zero-sum partially observable markov games with perfect recall},
  author={Kozuno, Tadashi and M{\'e}nard, Pierre and Munos, R{\'e}mi and Valko, Michal},
  journal={arXiv preprint arXiv:2106.06279},
  year={2021}
}
@inproceedings{bai2022near,
  title={Near-optimal learning of extensive-form games with imperfect information},
  author={Bai, Yu and Jin, Chi and Mei, Song and Yu, Tiancheng},
  booktitle={International Conference on Machine Learning},
  pages={1337--1382},
  year={2022},
  organization={PMLR}
}
@article{fiegel2023local,
  title={Local and adaptive mirror descents in extensive-form games},
  author={Fiegel, C{\^o}me and M{\'e}nard, Pierre and Kozuno, Tadashi and Munos, R{\'e}mi and Perchet, Vianney and Valko, Michal},
  journal={arXiv preprint arXiv:2309.00656},
  year={2023}
}
@inproceedings{fiegel2023adapting,
  title={Adapting to game trees in zero-sum imperfect information games},
  author={Fiegel, C{\^o}me and M{\'e}nard, Pierre and Kozuno, Tadashi and Munos, R{\'e}mi and Perchet, Vianney and Valko, Michal},
  booktitle={International Conference on Machine Learning},
  pages={10093--10135},
  year={2023},
  organization={PMLR}
}
@article{van2020comparator,
  title={Comparator-adaptive convex bandits},
  author={van der Hoeven, Dirk and Cutkosky, Ashok and Luo, Haipeng},
  journal={Advances in Neural Information Processing Systems},
  volume={33},
  pages={19795--19804},
  year={2020}
}

@article{streeter2012no,
  title={No-regret algorithms for unconstrained online convex optimization},
  author={Streeter, Matthew and McMahan, H Brendan},
  journal={arXiv preprint arXiv:1211.2260},
  year={2012}
}

@book{cesa2006prediction,
  title={Prediction, learning, and games},
  author={Cesa-Bianchi, Nicolo and Lugosi, G{\'a}bor},
  year={2006},
  publisher={Cambridge university press}
}

@article{even2008regret,
  title={Regret to the best vs. regret to the average},
  author={Even-Dar, Eyal and Kearns, Michael and Mansour, Yishay and Wortman, Jennifer},
  journal={Machine Learning},
  volume={72},
  number={1},
  pages={21--37},
  year={2008},
  publisher={Springer}
}

@article{cesa2007improved,
  title={Improved second-order bounds for prediction with expert advice},
  author={Cesa-Bianchi, Nicolo and Mansour, Yishay and Stoltz, Gilles},
  journal={Machine Learning},
  volume={66},
  pages={321--352},
  year={2007},
  publisher={Springer}
}

@article{kapralov2011prediction,
  title={Prediction strategies without loss},
  author={Kapralov, Michael and Panigrahy, Rina},
  journal={Advances in Neural Information Processing Systems},
  volume={24},
  year={2011}
}

@article{koolen2013pareto,
  title={The pareto regret frontier},
  author={Koolen, Wouter M},
  journal={Advances in Neural Information Processing Systems},
  volume={26},
  year={2013}
}

@article{lattimore2015pareto,
  title={The pareto regret frontier for bandits},
  author={Lattimore, Tor},
  journal={Advances in Neural Information Processing Systems},
  volume={28},
  year={2015}
}

@article{sani2014exploiting,
  title={Exploiting easy data in online optimization},
  author={Sani, Amir and Neu, Gergely and Lazaric, Alessandro},
  journal={Advances in Neural Information Processing Systems},
  volume={27},
  year={2014}
}

@book{lattimore2020bandit,
  title={Bandit algorithms},
  author={Lattimore, Tor and Szepesv{\'a}ri, Csaba},
  year={2020},
  publisher={Cambridge University Press}
}

@article{fan2024optimality,
  title={On the Optimality of Dilated Entropy and Lower Bounds for Online Learning in Extensive-Form Games},
  author={Fan, Zhiyuan and Kroer, Christian and Farina, Gabriele},
  journal={arXiv preprint arXiv:2410.23398},
  year={2024}
}

@article{zinkevich2007regret,
  title={Regret minimization in games with incomplete information},
  author={Zinkevich, Martin and Johanson, Michael and Bowling, Michael and Piccione, Carmelo},
  journal={Advances in neural information processing systems},
  volume={20},
  year={2007}
}

@article{lanctot2009monte,
  title={Monte Carlo sampling for regret minimization in extensive games},
  author={Lanctot, Marc and Waugh, Kevin and Zinkevich, Martin and Bowling, Michael},
  journal={Advances in neural information processing systems},
  volume={22},
  year={2009}
}

@article{hutter2005adaptive,
  title={Adaptive Online Prediction by Following the Perturbed Leader.},
  author={Hutter, Marcus and Poland, Jan and Warmuth, Manfred},
  journal={Journal of Machine Learning Research},
  volume={6},
  number={4},
  year={2005}
}

@article{orabona2016coin,
  title={Coin betting and parameter-free online learning},
  author={Orabona, Francesco and P{\'a}l, D{\'a}vid},
  journal={Advances in Neural Information Processing Systems},
  volume={29},
  year={2016}
}

@inproceedings{wu2016conservative,
  title={Conservative bandits},
  author={Wu, Yifan and Shariff, Roshan and Lattimore, Tor and Szepesv{\'a}ri, Csaba},
  booktitle={International Conference on Machine Learning},
  pages={1254--1262},
  year={2016},
  organization={PMLR}
}

@inproceedings{garcelon2020conservative,
  title={Conservative exploration in reinforcement learning},
  author={Garcelon, Evrard and Ghavamzadeh, Mohammad and Lazaric, Alessandro and Pirotta, Matteo},
  booktitle={International conference on artificial intelligence and statistics},
  pages={1431--1441},
  year={2020},
  organization={PMLR}
}

@article{efroni2020exploration,
  title={Exploration-exploitation in constrained mdps},
  author={Efroni, Yonathan and Mannor, Shie and Pirotta, Matteo},
  journal={arXiv preprint arXiv:2003.02189},
  year={2020}
}

@article{badanidiyuru2018bandits,
  title={Bandits with knapsacks},
  author={Badanidiyuru, Ashwinkumar and Kleinberg, Robert and Slivkins, Aleksandrs},
  journal={Journal of the ACM (JACM)},
  volume={65},
  number={3},
  pages={1--55},
  year={2018},
  publisher={ACM New York, NY, USA}
}

@article{liu2021learning,
  title={Learning policies with zero or bounded constraint violation for constrained mdps},
  author={Liu, Tao and Zhou, Ruida and Kalathil, Dileep and Kumar, Panganamala and Tian, Chao},
  journal={Advances in Neural Information Processing Systems},
  volume={34},
  pages={17183--17193},
  year={2021}
}

@article{blum2024winning,
  title={Winning Without Observing Payoffs: Exploiting Behavioral Biases to Win Nearly Every Round},
  author={Blum, Avrim and Dutz, Melissa},
  journal={arXiv preprint arXiv:2404.00150},
  year={2024}
}

@inproceedings{auer1995gambling,
  title={Gambling in a rigged casino: The adversarial multi-armed bandit problem},
  author={Auer, Peter and Cesa-Bianchi, Nicolo and Freund, Yoav and Schapire, Robert E},
  booktitle={Proceedings of IEEE 36th annual foundations of computer science},
  pages={322--331},
  year={1995},
  organization={IEEE}
}

@inproceedings{farina2019online,
   title={Online Convex Optimization for Sequential Decision Processes and Extensive-Form Games},
   author={Farina, Gabriele and Kroer, Christian and Sandholm, Tuomas},
   booktitle={AAAI Conference on Artificial Intelligence},
   year={2019}
 }

@article{ponsen2011computing,
  title={Computing Approximate Nash Equilibria and Robust Best-Responses Using Sampling},
  author={Marc J. V. Ponsen and Steven de Jong and Marc Lanctot},
  journal={J. Artif. Intell. Res.},
  year={2011},
  volume={42},
  pages={575-605},
  url={https://api.semanticscholar.org/CorpusID:6347533}
}

@inproceedings{jakobsen2016timeability,
  title={Timeability of extensive-form games},
  author={Jakobsen, Sune K and S{\o}rensen, Troels B and Conitzer, Vincent},
  booktitle={Proceedings of the 2016 ACM Conference on Innovations in Theoretical Computer Science},
  pages={191--199},
  year={2016}
}

@article{kuhn1950simplified,
  title={A simplified two-person poker},
  author={Kuhn, Harold W},
  journal={Contributions to the Theory of Games},
  volume={1},
  number={97-103},
  pages={2},
  year={1950}
}

@article{braggion2020strong,
  title={Strong Nash equilibria and mixed strategies},
  author={Braggion, Eleonora and Gatti, Nicola and Lucchetti, Roberto and Sandholm, Tuomas and Von Stengel, Bernhard},
  journal={International Journal of Game Theory},
  volume={49},
  pages={699--710},
  year={2020},
  publisher={Springer}
}

@article{ganzfried2015safe,
  title={Safe opponent exploitation},
  author={Ganzfried, Sam and Sandholm, Tuomas},
  journal={ACM Transactions on Economics and Computation (TEAC)},
  volume={3},
  number={2},
  pages={1--28},
  year={2015},
  publisher={ACM New York, NY, USA}
}

@article{bernasconi2021exploiting,
  title={Exploiting opponents under utility constraints in sequential games},
  author={Bernasconi-de-Luca, Martino and Cacciamani, Federico and Fioravanti, Simone and Gatti, Nicola and Marchesi, Alberto and Trov{\`o}, Francesco},
  journal={Advances in Neural Information Processing Systems},
  volume={34},
  pages={13177--13188},
  year={2021}
}

@article{liu2022safe,
  title={Safe opponent-exploitation subgame refinement},
  author={Liu, Mingyang and Wu, Chengjie and Liu, Qihan and Jing, Yansen and Yang, Jun and Tang, Pingzhong and Zhang, Chongjie},
  journal={Advances in Neural Information Processing Systems},
  volume={35},
  pages={27610--27622},
  year={2022}
}

@article{jeary2023safe,
  title={Safe Opponent Exploitation For Epsilon Equilibrium Strategies},
  author={Jeary, Linus and Turrini, Paolo},
  journal={arXiv preprint arXiv:2307.12338},
  year={2023}
}

@inproceedings{ganzfried2018bayesian,
  title={Bayesian opponent exploitation in imperfect-information games},
  author={Ganzfried, Sam and Sun, Qingyun},
  booktitle={2018 IEEE Conference on Computational Intelligence and Games (CIG)},
  pages={1--8},
  year={2018},
  organization={IEEE}
}

@inproceedings{damer2017safely,
  title={Safely using predictions in general-sum normal form games},
  author={Damer, Steven and Gini, Maria},
  booktitle={Proceedings of the 16th conference on autonomous agents and multiagent systems},
  pages={924--932},
  year={2017}
}

@inproceedings{mccracken2004safe,
  title={Safe Strategies for Agent Modelling in Games.},
  author={McCracken, Peter and Bowling, Michael},
  booktitle={AAAI Technical Report (2)},
  pages={103--110},
  year={2004}
}

@article{powers2007general,
  title={A general criterion and an algorithmic framework for learning in multi-agent systems},
  author={Powers, Rob and Shoham, Yoav and Vu, Thuc},
  journal={Machine Learning},
  volume={67},
  pages={45--76},
  year={2007},
  publisher={Springer}
}

@article{H17,
  author       = {Elad Hazan},
  title        = {Introduction to Online Convex Optimization},
  journal      = {CoRR},
  volume       = {abs/1909.05207},
  year         = {2019},
  url          = {http://arxiv.org/abs/1909.05207},
  eprinttype    = {arXiv},
  eprint       = {1909.05207},
  timestamp    = {Tue, 17 Sep 2019 11:23:44 +0200},
  biburl       = {https://dblp.org/rec/journals/corr/abs-1909-05207.bib},
  bibsource    = {dblp computer science bibliography, https://dblp.org}
}

@InProceedings{CB04,
  Title = "Safe Strategies for Agent Modelling in Games",
  Author = "Peter McCracken and Michael Bowling",
  Booktitle = "AAAI Fall Symposium on Artificial Multi-agent Learning",
  Year = "2004",
  Month = "October"
}

@article{HGPS10,
  author       = {Samid Hoda and
                  Andrew Gilpin and
                  Javier Pe{\~{n}}a and
                  Tuomas Sandholm},
  title        = {Smoothing Techniques for Computing Nash Equilibria of Sequential Games},
  journal      = {Math. Oper. Res.},
  volume       = {35},
  number       = {2},
  pages        = {494--512},
  year         = {2010}
}

@incollection{von2007theory,
  title={Theory of games and economic behavior: 60th anniversary commemorative edition},
  author={Von Neumann, John and Morgenstern, Oskar},
  booktitle={Theory of games and economic behavior},
  year={2007},
  publisher={Princeton university press}
}

@article{MAL-077,
url = {http://dx.doi.org/10.1561/2200000077},
year = {2022},
volume = {15},
journal = {Foundations and Trends® in Machine Learning},
title = {Learning in Repeated Auctions},
doi = {10.1561/2200000077},
issn = {1935-8237},
number = {3},
pages = {176-334},
author = {Thomas Nedelec and Clément Calauzènes and Noureddine El Karoui and Vianney Perchet}
}

@inproceedings{BGMMS19,
 author = {Balseiro, Santiago and Golrezaei, Negin and Mahdian, Mohammad and Mirrokni, Vahab and Schneider, Jon},
 booktitle = {Advances in Neural Information Processing Systems},
 editor = {H. Wallach and H. Larochelle and A. Beygelzimer and F. d\textquotesingle Alch\'{e}-Buc and E. Fox and R. Garnett},
 pages = {},
 publisher = {Curran Associates, Inc.},
 title = {Contextual Bandits with Cross-Learning},
 url = {https://proceedings.neurips.cc/paper_files/paper/2019/file/6aadca7bd86c4743e6724f9607256126-Paper.pdf},
 volume = {32},
 year = {2019}
}

@inproceedings{10.1145/3543507.3583427,
author = {Badanidiyuru, Ashwinkumar and Feng, Zhe and Guruganesh, Guru},
title = {Learning to Bid in Contextual First Price Auctions✱},
year = {2023},
isbn = {9781450394161},
publisher = {Association for Computing Machinery},
address = {New York, NY, USA},
url = {https://doi.org/10.1145/3543507.3583427},
doi = {10.1145/3543507.3583427},
booktitle = {Proceedings of the ACM Web Conference 2023},
pages = {3489–3497},
numpages = {9},
keywords = {Contextual First Price Auctions, Learning to Bid},
location = {Austin, TX, USA},
series = {WWW '23}
}

@article{auer2008near,
  title={Near-optimal regret bounds for reinforcement learning},
  author={Auer, Peter and Jaksch, Thomas and Ortner, Ronald},
  journal={Advances in neural information processing systems},
  volume={21},
  year={2008}
}

@article{maiti2023logarithmic,
  title={Logarithmic regret for matrix games against an adversary with noisy bandit feedback},
  author={Maiti, Arnab and Jamieson, Kevin and Ratliff, Lillian J},
  journal={arXiv preprint arXiv:2306.13233},
  year={2023}
}

@inproceedings{bernasconi2022safe,
  title={Safe learning in tree-form sequential decision making: Handling hard and soft constraints},
  author={Bernasconi, Martino and Cacciamani, Federico and Castiglioni, Matteo and Marchesi, Alberto and Gatti, Nicola and Trov{\`o}, Francesco},
  booktitle={International Conference on Machine Learning},
  pages={1854--1873},
  year={2022},
  organization={PMLR}
}

@inproceedings{ge2024safe,
  title={Safe and Robust Subgame Exploitation in Imperfect Information Games},
  author={Ge, Zhenxing and Xu, Zheng and Ding, Tianyu and Meng, Linjian and An, Bo and Li, Wenbin and Gao, Yang},
  booktitle={Forty-first International Conference on Machine Learning},
  year={2024}
}

@article{zhang2021subgame,
  title={Subgame solving without common knowledge},
  author={Zhang, Brian and Sandholm, Tuomas},
  journal={Advances in Neural Information Processing Systems},
  volume={34},
  pages={23993--24004},
  year={2021}
}