@inproceedings{Behley2015,
	author    = {Behley, Jens and Steinhage, Volker and Cremers, Armin B.},
	booktitle = {2015 IEEE International Conference on Robotics and Automation (ICRA)},
	doi       = {10.1109/ICRA.2015.7139702},
	keywords  = {Octrees;Indexes;Three-dimensional displays;Lasers;Artificial neural networks;Buildings;Runtime},
	number    = {},
	pages     = {3625-3630},
	title     = {Efficient radius neighbor search in three-dimensional point clouds},
	volume    = {},
	year      = {2015},
}

@article{Bentley1975,
	address    = {New York, NY, USA},
	author     = {Bentley, Jon Louis},
	doi        = {10.1145/361002.361007},
	issn       = {0001-0782},
	issue_date = {Sept. 1975},
	journal    = {Commun. ACM},
	keywords   = {associative retrieval, attribute, binary search trees, binary tree insertion, information retrieval system, intersection queries, key, nearest neighbor queries, partial match queries},
	month      = {sep},
	number     = {9},
	numpages   = {9},
	pages      = {509--517},
	publisher  = {Association for Computing Machinery},
	title      = {Multidimensional binary search trees used for associative searching},
	url        = {https://doi.org/10.1145/361002.361007},
	volume     = {18},
	year       = {1975},
}

@article{Brodu2012,
	author   = {N. Brodu and D. Lague},
	doi      = {10.1016/j.isprsjprs.2012.01.006},
	issn     = {0924-2716},
	journal  = {ISPRS Journal of Photogrammetry and Remote Sensing},
	keywords = {LIDAR, Classification, Automation, Algorithms, Feature, Scale},
	pages    = {121-134},
	title    = {{3D} terrestrial {LiDAR} data classification of complex natural scenes using a multi-scale dimensionality criterion: Applications in geomorphology},
	url      = {https://www.sciencedirect.com/science/article/pii/S0924271612000330},
	volume   = {68},
	year     = {2012},
}

@article{Che2019,
	article-number = {836},
	author         = {Che, Erzhuo and Olsen, Michael J.},
	doi            = {10.3390/rs11070836},
	issn           = {2072-4292},
	journal        = {Remote Sensing},
	number         = {7},
	title          = {An Efficient Framework for Mobile Lidar Trajectory Reconstruction and Mo-norvana Segmentation},
	url            = {https://www.mdpi.com/2072-4292/11/7/836},
	volume         = {11},
	year           = {2019},
}

@article{Cook1986,
	address    = {New York, NY, USA},
	author     = {Cook, Robert L.},
	doi        = {10.1145/7529.8927},
	issn       = {0730-0301},
	issue_date = {Jan. 1986},
	journal    = {ACM Trans. Graph.},
	month      = {jan},
	number     = {1},
	numpages   = {22},
	pages      = {51–72},
	publisher  = {Association for Computing Machinery},
	title      = {Stochastic sampling in computer graphics},
	url        = {https://doi.org/10.1145/7529.8927},
	volume     = {5},
	year       = {1986},
}

@article{Cover1967,
	author   = {Cover, T. and Hart, P.},
	doi      = {10.1109/TIT.1967.1053964},
	journal  = {IEEE Transactions on Information Theory},
	keywords = {},
	number   = {1},
	pages    = {21-27},
	title    = {Nearest neighbor pattern classification},
	volume   = {13},
	year     = {1967},
}

@article{Elseberg2012,
	author  = {Elseberg, Jan and Magnenat, St{\'e}phane and Siegwart, Roland and N{\"u}chter, Andreas},
	journal = {Journal of Software Engineering for Robotics},
	number  = {1},
	pages   = {2--12},
	title   = {Comparison of nearest-neighbor-search strategies and implementations for efficient shape registration},
	url     = {https://robotik.informatik.uni-wuerzburg.de/telematics/download/joser2012.pdf},
	volume  = {3},
	year    = {2012},
}

@inproceedings{Feng2013,
	author       = {YiCong Feng and MinYi Cen and TongGang Zhang},
	booktitle    = {PIAGENG 2013: Intelligent Information, Control, and Communication Technology for Agricultural Engineering},
	doi          = {10.1117/12.2019658},
	editor       = {Honghua Tan},
	keywords     = { Index constructing,  3D grid, octree, neighbor searching, point-cloud},
	organization = {International Society for Optics and Photonics},
	pages        = {87620Y},
	publisher    = {SPIE},
	title        = {{An algorithm of fast index constructing and neighbor searching for 3D LiDAR data}},
	url          = {https://doi.org/10.1117/12.2019658},
	volume       = {8762},
	year         = {2013},
}

@article{Filin2005,
	author  = {Filin, Sagi and Pfeifer, Norbert},
	doi     = {10.14358/PERS.71.6.743},
	journal = {Photogrammetric Engineering and Remote Sensing},
	number  = {6},
	pages   = {743 – 755},
	source  = {Scopus},
	title   = {Neighborhood systems for airborne laser data},
	type    = {Review},
	url     = {https://www.scopus.com/inward/record.uri?eid=2-s2.0-27444443641&doi=10.14358%2fPERS.71.6.743&partnerID=40&md5=20f5ee6ed3d6c95e80b3308e85e00007},
	volume  = {71},
	year    = {2005},
}

@article{Fix1989,
	author    = {Evelyn Fix and J. L. Hodges},
	doi       = {10.2307/1403797},
	issn      = {03067734, 17515823},
	journal   = {International Statistical Review / Revue Internationale de Statistique},
	number    = {3},
	pages     = {238--247},
	publisher = {[Wiley, International Statistical Institute (ISI)]},
	title     = {{Discriminatory Analysis. Nonparametric Discrimination: Consistency Properties}},
	url       = {http://www.jstor.org/stable/1403797},
	urldate   = {2024-02-18},
	volume    = {57},
	year      = {1989},
}

@inproceedings{Guttman1984,
	address   = {New York, NY, USA},
	author    = {Guttman, Antonin},
	booktitle = {Proceedings of the 1984 ACM SIGMOD International Conference on Management of Data},
	doi       = {10.1145/602259.602266},
	isbn      = {0897911288},
	location  = {Boston, Massachusetts},
	numpages  = {11},
	pages     = {47–57},
	publisher = {Association for Computing Machinery},
	series    = {SIGMOD '84},
	title     = {R-trees: a dynamic index structure for spatial searching},
	url       = {https://doi.org/10.1145/602259.602266},
	year      = {1984},
}

@article{Hackel2016,
	author  = {Hackel, T. and Wegner, J. D. and Schindler, K.},
	doi     = {10.5194/isprs-annals-III-3-177-2016},
	journal = {ISPRS Annals of the Photogrammetry, Remote Sensing and Spatial Information Sciences},
	pages   = {177--184},
	title   = {FAST SEMANTIC SEGMENTATION OF {3D} POINT CLOUDS WITH STRONGLY VARYING DENSITY},
	url     = {https://isprs-annals.copernicus.org/articles/III-3/177/2016/},
	volume  = {III-3},
	year    = {2016},
}

@inproceedings{Lawson2022,
	author    = {Lawson, Margaret and Gropp, William and Lofstead, Jay},
	booktitle = {2022 22nd IEEE International Symposium on Cluster, Cloud and Internet Computing (CCGrid)},
	doi       = {10.1109/CCGrid54584.2022.00070},
	keywords  = {Visualization;Cloud computing;Scalability;Force;C++ languages;Libraries;Spatial indexes;geometric range searching;spatial indexing;k-d tree;R-tree;octree},
	number    = {},
	pages     = {605-614},
	title     = {Exploring Spatial Indexing for Accelerated Feature Retrieval in {HPC}},
	volume    = {},
	year      = {2022},
}

@inproceedings{Li2018,
	author    = {Li, Jiaxin and Chen, Ben M. and Lee, Gim Hee},
	booktitle = {2018 IEEE/CVF Conference on Computer Vision and Pattern Recognition},
	doi       = {10.1109/CVPR.2018.00979},
	keywords  = {Three-dimensional displays;Feature extraction;Training;Shape;Two dimensional displays;Graphical models},
	number    = {},
	pages     = {9397-9406},
	title     = {{SO-Net}: Self-Organizing Network for Point Cloud Analysis},
	volume    = {},
	year      = {2018},
}

@article{Li2021,
	author    = {Qiujie Li and Pengcheng Yuan and Yusen Lin and Yuekai Tong and Xu Liu},
	doi       = {10.1117/1.JRS.15.024523},
	journal   = {Journal of Applied Remote Sensing},
	keywords  = {classification, mobile laser scanning, point clouds, urban scene, Clouds, LIDAR, Laser scanners, Roads, Binary data, Feature extraction, Spherical lenses, Classification systems, Sensors, Vegetation},
	number    = {2},
	pages     = {024523},
	publisher = {SPIE},
	title     = {{Pointwise classification of mobile laser scanning point clouds of urban scenes using raw data}},
	url       = {https://doi.org/10.1117/1.JRS.15.024523},
	volume    = {15},
	year      = {2021},
}

@article{Liu2021,
	article-number = {127},
	author         = {Liu, Dan and Li, Dajun and Wang, Meizhen and Wang, Zhiming},
	doi            = {10.3390/ijgi10030127},
	issn           = {2220-9964},
	journal        = {ISPRS International Journal of Geo-Information},
	number         = {3},
	title          = {{3D} Change Detection Using Adaptive Thresholds Based on Local Point Cloud Density},
	url            = {https://www.mdpi.com/2220-9964/10/3/127},
	volume         = {10},
	year           = {2021},
}

@misc{Luo2022,
	archiveprefix = {arXiv},
	author        = {Chuanyu Luo and Xiaohan Li and Nuo Cheng and Han Li and Shengguang Lei and Pu Li},
	eprint        = {2201.12769},
	primaryclass  = {cs.CV},
	title         = {{MVP-Net}: Multiple View Pointwise Semantic Segmentation of Large-Scale Point Clouds},
	url           = {https://arxiv.org/abs/2201.12769},
	year          = {2022},
}

@article{Niemeyer2014,
	author   = {Joachim Niemeyer and Franz Rottensteiner and Uwe Soergel},
	doi      = {10.1016/j.isprsjprs.2013.11.001},
	issn     = {0924-2716},
	journal  = {ISPRS Journal of Photogrammetry and Remote Sensing},
	keywords = {LIDAR, Point cloud, Classification, Urban, Contextual, Building, Detection},
	pages    = {152-165},
	title    = {Contextual classification of lidar data and building object detection in urban areas},
	url      = {https://www.sciencedirect.com/science/article/pii/S0924271613002359},
	volume   = {87},
	year     = {2014},
}

@book{Omohundro1989,
	author    = {Omohundro, Stephen M},
	publisher = {International Computer Science Institute Berkeley},
	title     = {Five balltree construction algorithms},
	url       = {https://steveomohundro.com/wp-content/uploads/2009/03/omohundro89_five_balltree_construction_algorithms.pdf},
	year      = {1989},
}

@article{Pauly2003,
	author  = {Pauly, Mark and Keiser, Richard and Gross, Markus},
	doi     = {10.1111/1467-8659.00675},
	eprint  = {https://onlinelibrary.wiley.com/doi/pdf/10.1111/1467-8659.00675},
	journal = {Computer Graphics Forum},
	number  = {3},
	pages   = {281-289},
	title   = {Multi-scale Feature Extraction on Point-Sampled Surfaces},
	url     = {https://onlinelibrary.wiley.com/doi/abs/10.1111/1467-8659.00675},
	volume  = {22},
	year    = {2003},
}

@article{Sevgen2023,
	article-number = {3787},
	author         = {Sevgen, Eray and Abdikan, Saygin},
	doi            = {10.3390/rs15153787},
	issn           = {2072-4292},
	journal        = {Remote Sensing},
	number         = {15},
	title          = {Classification of Large-Scale Mobile Laser Scanning Data in Urban Area with LightGBM},
	url            = {https://www.mdpi.com/2072-4292/15/15/3787},
	volume         = {15},
	year           = {2023},
}

@inproceedings{Thomas2018,
	author    = {Thomas, Hugues and Goulette, François and Deschaud, Jean-Emmanuel and Marcotegui, Beatriz and LeGall, Yann},
	booktitle = {2018 International Conference on 3D Vision (3DV)},
	doi       = {10.1109/3DV.2018.00052},
	keywords  = {Three-dimensional displays;Semantics;Eigenvalues and eigenfunctions;Machine learning;Computer architecture;Image color analysis;Color;3D;Point Clouds;Neighborhoods;features;Semantic;Classification;Multiscale;Random Forest;Learning;Segmentation},
	number    = {},
	pages     = {390-398},
	title     = {Semantic Classification of {3D} Point Clouds with Multiscale Spherical Neighborhoods},
	volume    = {},
	year      = {2018},
}

@article{Tian2020,
	article-number = {2309},
	author         = {Tian, Yifei and Song, Wei and Chen, Long and Sung, Yunsick and Kwak, Jeonghoon and Sun, Su},
	doi            = {10.3390/s20082309},
	issn           = {1424-8220},
	journal        = {Sensors},
	number         = {8},
	pubmedid       = {32325631},
	title          = {A Fast Spatial Clustering Method for Sparse LiDAR Point Clouds Using GPU Programming},
	url            = {https://www.mdpi.com/1424-8220/20/8/2309},
	volume         = {20},
	year           = {2020},
}

@article{Turau1991,
	author  = {Turau, Volker},
	doi     = {10.1016/0020-0190(91)90180-p},
	journal = {Information Processing Letters},
	title   = {Fixed-Radius Near Neighbors Search},
	year    = {1991},
}

@inproceedings{Wang2019,
	author    = {Wang, Lei and Huang, Yuchun and Hou, Yaolin and Zhang, Shenman and Shan, Jie},
	booktitle = {2019 IEEE/CVF Conference on Computer Vision and Pattern Recognition (CVPR)},
	doi       = {10.1109/CVPR.2019.01054},
	keywords  = {Point cloud compression;Representation learning;Three-dimensional displays;Convolution;Shape;Semantics;Pattern recognition;Scene Analysis and Understanding;3D from Multiview and Sensors;Deep Learning;Segmentation;Grouping and Shape},
	number    = {},
	pages     = {10288-10297},
	title     = {Graph Attention Convolution for Point Cloud Semantic Segmentation},
	volume    = {},
	year      = {2019},
}

@article{Wang2021,
	article-number = {9581},
	author         = {Wang, Wei and Zhang, Yi and Ge, Genyu and Jiang, Qin and Wang, Yang and Hu, Lihe},
	doi            = {10.3390/app11209581},
	issn           = {2076-3417},
	journal        = {Applied Sciences},
	number         = {20},
	title          = {A Hybrid Spatial Indexing Structure of Massive Point Cloud Based on Octree and {3D R*-Tree}},
	url            = {https://www.mdpi.com/2076-3417/11/20/9581},
	volume         = {11},
	year           = {2021},
}

@article{Weinmann2015,
	author   = {Martin Weinmann and Boris Jutzi and Stefan Hinz and Clément Mallet},
	doi      = {10.1016/j.isprsjprs.2015.01.016},
	issn     = {0924-2716},
	journal  = {ISPRS Journal of Photogrammetry and Remote Sensing},
	keywords = {Point cloud, Neighborhood selection, Feature extraction, Feature selection, Classification, 3D scene analysis},
	pages    = {286-304},
	title    = {Semantic point cloud interpretation based on optimal neighborhoods, relevant features and efficient classifiers},
	url      = {https://www.sciencedirect.com/science/article/pii/S0924271615000349},
	volume   = {105},
	year     = {2015},
}

@article{Xiang2022,
	author  = {Xiang, Qian and He, Yuntao and Wen, Desheng},
	doi     = {10.1038/s41598-022-06200-z},
	journal = {Scientific Reports},
	title   = {Adaptive Deep Learning-Based Neighborhood Search Method for Point Cloud},
	year    = {2022},
}

@inproceedings{Zeng2009,
	author       = {Xun Zeng and Wei He},
	booktitle    = {MIPPR 2009: Medical Imaging, Parallel Processing of Images, and Optimization Techniques},
	doi          = {10.1117/12.833740},
	editor       = {Faxiong Zhang and Faxiong Zhang},
	keywords     = {LiDAR, parallel computing, GPGPU, CUDA, point cloud},
	organization = {International Society for Optics and Photonics},
	pages        = {749716},
	publisher    = {SPIE},
	title        = {{GPGPU-based parallel processing of massive LiDAR point cloud}},
	url          = {https://doi.org/10.1117/12.833740},
	volume       = {7497},
	year         = {2009},
}

@article{Zhan2018,
	author  = {Xu Zhan and Yong Cai and Ping He},
	doi     = {10.1177/1687814018814330},
	eprint  = {https://doi.org/10.1177/1687814018814330},
	journal = {Advances in Mechanical Engineering},
	number  = {12},
	pages   = {1687814018814330},
	title   = {A three-dimensional point cloud registration based on entropy and particle swarm optimization},
	url     = {https://doi.org/10.1177/1687814018814330},
	volume  = {10},
	year    = {2018},
}

