@ARTICLE{9144429,
  author={Ko, Chia-Yin and Leu, Fang-Yie},
  journal={IEEE Transactions on Education}, 
  title={Examining Successful Attributes for Undergraduate Students by Applying Machine Learning Techniques}, 
  year={2021},
  volume={64},
  number={1},
  pages={50-57},
}

@ARTICLE{9162494,
  author={Xu, Zhuojia and Yuan, Hua and Liu, Qishan},
  journal={IEEE Transactions on Education}, 
  title={Student Performance Prediction Based on Blended Learning}, 
  year={2021},
  volume={64},
  number={1},
  pages={66-73}}

@article{ben2024early,
  title={Early prediction of Student academic performance based on Machine Learning algorithms: A case study of bachelor’s degree students in KSA},
  author={Ben Said, Mouna and Hadj Kacem, Yessine and Algarni, Abdulmohsen and Masmoudi, Atef},
  journal={Education and Information Technologies},
  volume={29},
  number={11},
  pages={13247--13270},
  year={2024},
  publisher={Springer}
}

@article{bujang2021multiclass,
  title={Multiclass prediction model for student grade prediction using machine learning},
  author={Bujang, Siti Dianah Abdul and Selamat, Ali and Ibrahim, Roliana and Krejcar, Ondrej and Herrera-Viedma, Enrique and Fujita, Hamido and Ghani, Nor Azura Md},
  journal={IEEE Access},
  volume={9},
  pages={95608--95621},
  year={2021},
  publisher={IEEE}
}

@article{freeman2018mathematics,
  title={Mathematics Instruction for Secondary Students with Learning Disabilities in the Era of Tiered Instruction.},
  author={Freeman-Green, Shaqwana and Person, Julie and O'Brien, Chris},
  journal={Insights into Learning Disabilities},
  volume={15},
  number={2},
  pages={175--194},
  year={2018},
  publisher={ERIC}
}

@article{magableh2020effectiveness,
  title={On the Effectiveness of Differentiated Instruction in the Enhancement of Jordanian Students' Overall Achievement.},
  author={Magableh, Ibrahim Suleiman Ibrahim and Abdullah, Amelia},
  journal={International Journal of Instruction},
  volume={13},
  number={2},
  pages={533--548},
  year={2020},
  publisher={ERIC}
}

@article{nichols2020teacher,
  title={Teacher Efficacy and Attributes on the Implementation of Tiered Instructional Frameworks.},
  author={Nichols, Janet Alys and Nichols, William D and Rupley, William H},
  journal={International Journal of Evaluation and Research in Education},
  volume={9},
  number={3},
  pages={731--742},
  year={2020},
  publisher={ERIC}
}

@article{peng2023examining,
  title={Examining ICT attitudes, use and support in blended learning settings for students’ reading performance: Approaches of artificial intelligence and multilevel model},
  author={Peng, Yi and Wang, Yanyu and Hu, Jie},
  journal={Computers \& Education},
  volume={203},
  pages={104846},
  year={2023},
  publisher={Elsevier}
}

@article{pullen2010tiered,
  title={A tiered intervention model for early vocabulary instruction: The effects of tiered instruction for young students at risk for reading disability},
  author={Pullen, Paige C and Tuckwiller, Elizabeth D and Konold, Timothy R and Maynard, Katrina L and Coyne, Michael D},
  journal={Learning Disabilities Research \& Practice},
  volume={25},
  number={3},
  pages={110--123},
  year={2010},
  publisher={Wiley Online Library}
}

@article{richards2007effects,
  title={Effects of tiered instruction on academic performance in a secondary science course},
  author={Richards, MRE and Omdal, Stuart N},
  journal={Journal of advanced academics},
  volume={18},
  number={3},
  pages={424--453},
  year={2007},
  publisher={SAGE Publications Sage CA: Los Angeles, CA}
}

@article{silva2024identifying,
  title={Identifying complex causal patterns in students’ performance using machine learning},
  author={Silva, MPRIR and Rupasingha, RAHM and Kumara, BTGS},
  journal={Technology, Pedagogy and Education},
  volume={33},
  number={1},
  pages={103--119},
  year={2024},
  publisher={Taylor \& Francis}
}

@inproceedings{su2018exercise,
  title={Exercise-enhanced sequential modeling for student performance prediction},
  author={Su, Yu and Liu, Qingwen and Liu, Qi and Huang, Zhenya and Yin, Yu and Chen, Enhong and Ding, Chris and Wei, Si and Hu, Guoping},
  booktitle={Proceedings of the AAAI Conference on Artificial Intelligence},
  volume={32},
  number={1},
  year={2018}
}

@article{talebi2024ensemble,
  title={Ensemble models based on CNN and LSTM for dropout prediction in MOOC},
  author={Talebi, Kowsar and Torabi, Zeinab and Daneshpour, Negin},
  journal={Expert Systems with Applications},
  volume={235},
  pages={121187},
  year={2024},
  publisher={Elsevier}
}

@article{vojinovic2020tiered,
  title={Tiered assignments in lab programming sessions: Exploring objective effects on students’ motivation and performance},
  author={Vojinovic, Oliver and Simic, Vladimir and Milentijevic, Ivan and Ciric, Vladimir},
  journal={IEEE Transactions on Education},
  volume={63},
  number={3},
  pages={164--172},
  year={2020},
  publisher={IEEE}
}

@article{zhou2015performance,
  title={The performance of corporate financial distress prediction models with features selection guided by domain knowledge and data mining approaches},
  author={Zhou, Ligang and Lu, Dong and Fujita, Hamido},
  journal={Knowledge-Based Systems},
  volume={85},
  pages={52--61},
  year={2015},
  publisher={Elsevier}
}

