@article{baker2009state,
  title={The state of educational data mining in 2009: A review and future visions},
  author={Baker, Ryan SJD and Yacef, Kalina and others},
  journal={Journal of educational data mining},
  volume={1},
  number={1},
  pages={3--17},
  year={2009}
}

@article{tomasevic2020overview,
  title={An overview and comparison of supervised data mining techniques for student exam performance prediction},
  author={Tomasevic, Nikola and Gvozdenovic, Nikola and Vranes, Sanja},
  journal={Computers \& education},
  volume={143},
  pages={103676},
  year={2020},
  publisher={Elsevier}
}


@article{bousbia2014contribution,
  title={Which contribution does EDM provide to computer-based learning environments?},
  author={Bousbia, Nabila and Belamri, Idriss},
  journal={Educational data mining: Applications and trends},
  pages={3--28},
  year={2014},
  publisher={Springer}
}

@article{pena2014educational,
  title={Educational data mining: A survey and a data mining-based analysis of recent works},
  author={Pe{\~n}a-Ayala, Alejandro},
  journal={Expert systems with applications},
  volume={41},
  number={4},
  pages={1432--1462},
  year={2014},
  publisher={Elsevier}
}

@article{khan2021student,
  title={Student performance analysis and prediction in classroom learning: A review of educational data mining studies},
  author={Khan, Anupam and Ghosh, Soumya K},
  journal={Education and information technologies},
  volume={26},
  pages={205--240},
  year={2021},
  publisher={Springer}
}

@inproceedings{meghji2018analysis,
  title={Analysis of student performance using EDM methods},
  author={Meghji, Areej Fatemah and Mahoto, Naeem Ahmed and Unar, Mukhtiar Ali and Shaikh, Muhammad Akram},
  booktitle={2018 5th International Multi-Topic ICT Conference (IMTIC)},
  pages={1--7},
  year={2018},
  organization={IEEE}
}

@article{quadri2010drop,
  title={Drop out feature of student data for academic performance using decision tree techniques},
  author={Quadri, MM and Kalyankar, NV},
  journal={Global Journal of Computer Science and Technology},
  volume={10},
  number={2},
  pages={2--5},
  year={2010}
}

@inproceedings{ibrahim2007predicting,
  title={Predicting studentsâ€™ academic performance: comparing artificial neural network, decision tree and linear regression},
  author={Ibrahim, Zaidah and Rusli, Daliela},
  booktitle={21st Annual SAS Malaysia Forum, 5th September},
  year={2007},
  organization={Kuala Lumpur}
}

@inproceedings{mayilvaganan2014comparison,
  title={Comparison of classification techniques for predicting the performance of students academic environment},
  author={Mayilvaganan, M and Kalpanadevi, D},
  booktitle={2014 International Conference on Communication and Network Technologies},
  pages={113--118},
  year={2014},
  organization={IEEE}
}

@article{marbouti2016models,
  title={Models for early prediction of at-risk students in a course using standards-based grading},
  author={Marbouti, Farshid and Diefes-Dux, Heidi A and Madhavan, Krishna},
  journal={Computers \& Education},
  volume={103},
  pages={1--15},
  year={2016},
  publisher={Elsevier}
}

@inproceedings{gray2014application,
  title={An application of classification models to predict learner progression in tertiary education},
  author={Gray, Geraldine and McGuinness, Colm and Owende, Philip},
  booktitle={2014 IEEE international advance computing conference (IACC)},
  pages={549--554},
  year={2014},
  organization={IEEE}
}

@article{maltz2007decision,
  title={Decision support for university enrollment management: Implementation and experience},
  author={Maltz, Elliot N and Murphy, Kenneth E and Hand, Michael L},
  journal={Decision Support Systems},
  volume={44},
  number={1},
  pages={106--123},
  year={2007},
  publisher={Elsevier}
}

@inproceedings{rish2001empirical,
  title={An empirical study of the naive Bayes classifier},
  author={Rish, Irina and others},
  booktitle={IJCAI 2001 workshop on empirical methods in artificial intelligence},
  volume={3},
  number={22},
  pages={41--46},
  year={2001}
}

@inproceedings{tripathi2019naive,
  title={Naive Bayes classification model for the student performance prediction},
  author={Tripathi, Akarshita and Yadav, Saumya and Rajan, Rajiv},
  booktitle={2019 2nd International conference on intelligent computing, instrumentation and control technologies (ICICICT)},
  volume={1},
  pages={1548--1553},
  year={2019},
  organization={IEEE}
}

@article{suthaharan2016support,
  title={Support vector machine},
  author={Suthaharan, Shan and Suthaharan, Shan},
  journal={Machine learning models and algorithms for big data classification: thinking with examples for effective learning},
  pages={207--235},
  year={2016},
  publisher={Springer}
}

@article{kr2018efficient,
  title={Efficient prediction of Student Performance Using hybrid SVM Classifier},
  author={KR, Ms Vineetha and Blessie, E Chandra},
  journal={International Journal of Computer Science \& Engineering Technology (IJCSET)},
  volume={9},
  number={03},
  pages={32--39},
  year={2018}
}

@article{bujang2021multiclass,
  title={Multiclass prediction model for student grade prediction using machine learning},
  author={Bujang, Siti Dianah Abdul and Selamat, Ali and Ibrahim, Roliana and Krejcar, Ondrej and Herrera-Viedma, Enrique and Fujita, Hamido and Ghani, Nor Azura Md},
  journal={IEEE Access},
  volume={9},
  pages={95608--95621},
  year={2021},
  publisher={IEEE}
}


@article{shahiri2015review,
  title={A review on predicting student's performance using data mining techniques},
  author={Shahiri, Amirah Mohamed and Husain, Wahidah and others},
  journal={Procedia Computer Science},
  volume={72},
  pages={414--422},
  year={2015},
  publisher={Elsevier}
}

@article{naser2015predicting,
  title={Predicting student performance using artificial neural network: In the faculty of engineering and information technology},
  author={Naser, S Abu and Zaqout, Ihab and Ghosh, Mahmoud Abu and Atallah, Rasha and Alajrami, Eman},
  journal={International journal of hybrid information technology},
  volume={8},
  number={2},
  pages={221--228},
  year={2015},
  publisher={Global Vision Press}
}

@article{zhou2015performance,
  title={The performance of corporate financial distress prediction models with features selection guided by domain knowledge and data mining approaches},
  author={Zhou, Ligang and Lu, Dong and Fujita, Hamido},
  journal={Knowledge-Based Systems},
  volume={85},
  pages={52--61},
  year={2015},
  publisher={Elsevier}
}


@article{pullen2010tiered,
  title={A tiered intervention model for early vocabulary instruction: The effects of tiered instruction for young students at risk for reading disability},
  author={Pullen, Paige C and Tuckwiller, Elizabeth D and Konold, Timothy R and Maynard, Katrina L and Coyne, Michael D},
  journal={Learning Disabilities Research \& Practice},
  volume={25},
  number={3},
  pages={110--123},
  year={2010},
  publisher={Wiley Online Library}
}

@article{freeman2018mathematics,
  title={Mathematics Instruction for Secondary Students with Learning Disabilities in the Era of Tiered Instruction.},
  author={Freeman-Green, Shaqwana and Person, Julie and O'Brien, Chris},
  journal={Insights into Learning Disabilities},
  volume={15},
  number={2},
  pages={175--194},
  year={2018},
  publisher={ERIC}
}

@article{cohen2009pearson,
  title={Pearson correlation coefficient},
  author={Cohen, Israel and Huang, Yiteng and Chen, Jingdong and Benesty, Jacob and Benesty, Jacob and Chen, Jingdong and Huang, Yiteng and Cohen, Israel},
  journal={Noise reduction in speech processing},
  pages={1--4},
  year={2009},
  publisher={Springer}
}

@inproceedings{amra2017students,
  title={Students performance prediction using KNN and Na{\"\i}ve Bayesian},
  author={Amra, Ihsan A Abu and Maghari, Ashraf YA},
  booktitle={2017 8th international conference on information technology (ICIT)},
  pages={909--913},
  year={2017},
  organization={IEEE}
}

@inproceedings{maghari2018prediction,
  title={Prediction of student's performance using modified KNN classifiers},
  author={Maghari, Ashraf},
  booktitle={Alfere, SS, \& Maghari, AY (2018). Prediction of Student's Performance Using Modified KNN Classifiers. In The First International Conference on Engineering and Future Technology (ICEFT 2018)},
  pages={143--150},
  year={2018}
}

@article{yekun2021student,
  title={Student performance prediction with optimum multilabel ensemble model},
  author={Yekun, Ephrem Admasu and Haile, Abrahaley Teklay},
  journal={Journal of Intelligent Systems},
  volume={30},
  number={1},
  pages={511--523},
  year={2021},
  publisher={De Gruyter}
}

@article{mengash2020using,
  title={Using data mining techniques to predict student performance to support decision making in university admission systems},
  author={Mengash, Hanan Abdullah},
  journal={Ieee Access},
  volume={8},
  pages={55462--55470},
  year={2020},
  publisher={IEEE}
}

@inproceedings{priya2020novel,
  title={A novel approach to predict diabetes by using Naive Bayes classifier},
  author={Priya, K Lakshmi and Kypa, Mourya Sai Charan Reddy and Reddy, Muchumarri Madhu Sudhan and Reddy, G Ram Mohan},
  booktitle={2020 4th International Conference on Trends in Electronics and Informatics (ICOEI)(48184)},
  pages={603--607},
  year={2020},
  organization={IEEE}
}


@article{albahli2024efficient,
  title={Efficient hyperparameter tuning for predicting student performance with Bayesian optimization},
  author={Albahli, Saleh},
  journal={Multimedia tools and applications},
  volume={83},
  number={17},
  pages={52711--52735},
  year={2024},
  publisher={Springer}
}

@article{liu2021projection,
  title={A projection multi-objective SVM method for multi-class classification},
  author={Liu, Ling and Mart{\'\i}n-Barrag{\'a}n, Bel{\'e}n and Prieto, Francisco J},
  journal={Computers \& Industrial Engineering},
  volume={158},
  pages={107425},
  year={2021},
  publisher={Elsevier}
}


@article{wertsch1984zone,
  title={The zone of proximal development: Some conceptual issues.},
  author={Wertsch, James V},
  journal={New directions for child development},
  year={1984},
  publisher={Jossey-Bass Publishers, Inc.}
}

@article{ko2020examining,
  title={Examining successful attributes for undergraduate students by applying machine learning techniques},
  author={Ko, Chia-Yin and Leu, Fang-Yie},
  journal={IEEE Transactions on Education},
  volume={64},
  number={1},
  pages={50--57},
  year={2020},
  publisher={IEEE}
}

@article{luan2021review,
  title={A review of using machine learning approaches for precision education},
  author={Luan, Hui and Tsai, Chin-Chung},
  journal={Educational Technology \& Society},
  volume={24},
  number={1},
  pages={250--266},
  year={2021},
  publisher={JSTOR}
}


@article{chui2020predicting,
  title={Predicting at-risk university students in a virtual learning environment via a machine learning algorithm},
  author={Chui, Kwok Tai and Fung, Dennis Chun Lok and Lytras, Miltiadis D and Lam, Tin Miu},
  journal={Computers in Human behavior},
  volume={107},
  pages={105584},
  year={2020},
  publisher={Elsevier}
}  

@ARTICLE{9144429,
  author={Ko, Chia-Yin and Leu, Fang-Yie},
  journal={IEEE Transactions on Education}, 
  title={Examining Successful Attributes for Undergraduate Students by Applying Machine Learning Techniques}, 
  year={2021},
  volume={64},
  number={1},
  pages={50-57},
}

@ARTICLE{9925094,
  author={Deeva, Galina and De Smedt, Johannes and De Weerdt, Jochen},
  journal={IEEE Transactions on Learning Technologies}, 
  title={Educational Sequence Mining for Dropout Prediction in MOOCs: Model Building, Evaluation, and Benchmarking}, 
  year={2022},
  volume={15},
  number={6},
  pages={720-735}}


@article{xu2020student,
  title={Student performance prediction based on blended learning},
  author={Xu, Zhuojia and Yuan, Hua and Liu, Qishan},
  journal={IEEE Transactions on Education},
  volume={64},
  number={1},
  pages={66--73},
  year={2020},
  publisher={IEEE}
}

@ARTICLE{10172338,
  author={So, Joseph Chi-Ho and Ho, Yik Him and Wong, Adam Ka-Lok and Chan, Henry C. B. and Tsang, Kia Ho-Yin and Chan, Ada Pui-Ling and Wong, Simon Chi-Wang},
  journal={IEEE Transactions on Learning Technologies}, 
  title={Analytic Study for Predictor Development on Student Participation in Generic Competence Development Activities Based on Academic Performance}, 
  year={2023},
  volume={16},
  number={5},
  pages={790-803},
 }

@ARTICLE{9162494,
  author={Xu, Zhuojia and Yuan, Hua and Liu, Qishan},
  journal={IEEE Transactions on Education}, 
  title={Student Performance Prediction Based on Blended Learning}, 
  year={2021},
  volume={64},
  number={1},
  pages={66-73}}

@inproceedings{su2018exercise,
  title={Exercise-enhanced sequential modeling for student performance prediction},
  author={Su, Yu and Liu, Qingwen and Liu, Qi and Huang, Zhenya and Yin, Yu and Chen, Enhong and Ding, Chris and Wei, Si and Hu, Guoping},
  booktitle={Proceedings of the AAAI Conference on Artificial Intelligence},
  volume={32},
  number={1},
  year={2018}
}

@ARTICLE{10065517,
  author={Wang, Fei and Huang, Zhenya and Liu, Qi and Chen, Enhong and Yin, Yu and Ma, Jianhui and Wang, Shijin},
  journal={IEEE Transactions on Learning Technologies}, 
  title={Dynamic Cognitive Diagnosis: An Educational Priors-Enhanced Deep Knowledge Tracing Perspective}, 
  year={2023},
  volume={16},
  number={3},
  pages={306-323}}

@article{silva2024identifying,
  title={Identifying complex causal patterns in studentsâ€™ performance using machine learning},
  author={Silva, MPRIR and Rupasingha, RAHM and Kumara, BTGS},
  journal={Technology, Pedagogy and Education},
  volume={33},
  number={1},
  pages={103--119},
  year={2024},
  publisher={Taylor \& Francis}
}

@article{peng2023examining,
  title={Examining ICT attitudes, use and support in blended learning settings for studentsâ€™ reading performance: Approaches of artificial intelligence and multilevel model},
  author={Peng, Yi and Wang, Yanyu and Hu, Jie},
  journal={Computers \& Education},
  volume={203},
  pages={104846},
  year={2023},
  publisher={Elsevier}
}

@article{talebi2024ensemble,
  title={Ensemble models based on CNN and LSTM for dropout prediction in MOOC},
  author={Talebi, Kowsar and Torabi, Zeinab and Daneshpour, Negin},
  journal={Expert Systems with Applications},
  volume={235},
  pages={121187},
  year={2024},
  publisher={Elsevier}
}

@article{ben2024early,
  title={Early prediction of Student academic performance based on Machine Learning algorithms: A case study of bachelorâ€™s degree students in KSA},
  author={Ben Said, Mouna and Hadj Kacem, Yessine and Algarni, Abdulmohsen and Masmoudi, Atef},
  journal={Education and Information Technologies},
  volume={29},
  number={11},
  pages={13247--13270},
  year={2024},
  publisher={Springer}
}

@article{nichols2020teacher,
  title={Teacher Efficacy and Attributes on the Implementation of Tiered Instructional Frameworks.},
  author={Nichols, Janet Alys and Nichols, William D and Rupley, William H},
  journal={International Journal of Evaluation and Research in Education},
  volume={9},
  number={3},
  pages={731--742},
  year={2020},
  publisher={ERIC}
}

@article{vojinovic2020tiered,
  title={Tiered assignments in lab programming sessions: Exploring objective effects on studentsâ€™ motivation and performance},
  author={Vojinovic, Oliver and Simic, Vladimir and Milentijevic, Ivan and Ciric, Vladimir},
  journal={IEEE Transactions on Education},
  volume={63},
  number={3},
  pages={164--172},
  year={2020},
  publisher={IEEE}
}

@article{magableh2020effectiveness,
  title={On the Effectiveness of Differentiated Instruction in the Enhancement of Jordanian Students' Overall Achievement.},
  author={Magableh, Ibrahim Suleiman Ibrahim and Abdullah, Amelia},
  journal={International Journal of Instruction},
  volume={13},
  number={2},
  pages={533--548},
  year={2020},
  publisher={ERIC}
}

@article{richards2007effects,
  title={Effects of tiered instruction on academic performance in a secondary science course},
  author={Richards, MRE and Omdal, Stuart N},
  journal={Journal of advanced academics},
  volume={18},
  number={3},
  pages={424--453},
  year={2007},
  publisher={SAGE Publications Sage CA: Los Angeles, CA}
}


@article{verma2022scalable,
  title={A scalable machine learning-based ensemble approach to enhance the prediction accuracy for identifying students at-risk},
  author={Verma, Swati and Yadav, Rakesh Kumar and Kholiya, Kuldeep},
  journal={International Journal of Advanced Computer Science and Applications},
  volume={13},
  number={8},
  year={2022},
  publisher={Science and Information (SAI) Organization Limited}
}

@article{pallathadka2023classification,
  title={Classification and prediction of student performance data using various machine learning algorithms},
  author={Pallathadka, Harikumar and Wenda, Alex and Ramirez-As{\'\i}s, Edwin and As{\'\i}s-L{\'o}pez, Maximiliano and Flores-Albornoz, Judith and Phasinam, Khongdet},
  journal={Materials today: proceedings},
  volume={80},
  pages={3782--3785},
  year={2023},
  publisher={Elsevier}
}

@article{chen2023comparative,
  title={A comparative study on student performance prediction using machine learning},
  author={Chen, Yawen and Zhai, Linbo},
  journal={Education and Information Technologies},
  volume={28},
  number={9},
  pages={12039--12057},
  year={2023},
  publisher={Springer}
}

@article{batool2023educational,
  title={Educational data mining to predict students' academic performance: A survey study},
  author={Batool, Saba and Rashid, Junaid and Nisar, Muhammad Wasif and Kim, Jungeun and Kwon, Hyuk-Yoon and Hussain, Amir},
  journal={Education and Information Technologies},
  volume={28},
  number={1},
  pages={905--971},
  year={2023},
  publisher={Springer}
}

@article{cheng2024evaluation,
  title={Evaluation of students' performance during the academic period using the XG-Boost Classifier-Enhanced AEO hybrid model},
  author={Cheng, Biqian and Liu, Yuping and Jia, Yunjian},
  journal={Expert Systems with Applications},
  volume={238},
  pages={122136},
  year={2024},
  publisher={Elsevier}
}


@article{peretz2024naive,
  title={Naive Bayes classifier--An ensemble procedure for recall and precision enrichment},
  author={Peretz, Or and Koren, Michal and Koren, Oded},
  journal={Engineering Applications of Artificial Intelligence},
  volume={136},
  pages={108972},
  year={2024},
  publisher={Elsevier}
}

@article{chen2023design,
  title={Design and research of MOOC teaching system based on TG-C4. 5 algorithm},
  author={Chen, Xinxin},
  journal={Systems and Soft Computing},
  volume={5},
  pages={200064},
  year={2023},
  publisher={Elsevier}
}

@article{ramraj2016experimenting,
  title={Experimenting XGBoost algorithm for prediction and classification of different datasets},
  author={Ramraj, Santhanam and Uzir, Nishant and Sunil, R and Banerjee, Shatadeep},
  journal={International Journal of Control Theory and Applications},
  volume={9},
  number={40},
  pages={651--662},
  year={2016}
}

@article{yu2024mapping,
  title={Mapping academic perspectives on AI in education: trends, challenges, and sentiments in educational research (2018--2024)},
  author={Yu, Ji Hyun and Chauhan, Devraj and Iqbal, Rubaiyat Asif and Yeoh, Eugene},
  journal={Educational technology research and development},
  pages={1--29},
  year={2024},
  publisher={Springer}
}

@article{webb2021machine,
  title={Machine learning for human learners: opportunities, issues, tensions and threats},
  author={Webb, Mary E and Fluck, Andrew and Magenheim, Johannes and Malyn-Smith, Joyce and Waters, Juliet and Desch{\^e}nes, Michelle and Zagami, Jason},
  journal={Educational Technology Research and Development},
  volume={69},
  number={4},
  pages={2109--2130},
  year={2021},
  publisher={Springer}
}

@article{pietsch2024leading,
  title={Leading the AI transformation in schools: it starts with a digital mindset},
  author={Pietsch, Marcus and Mah, Dana-Kristin},
  journal={Educational technology research and development},
  pages={1--27},
  year={2024},
  publisher={Springer}
}

@article{elen2024education,
  title={Education and technology: elements of a relevant, comprehensive, and cumulative research agenda},
  author={Elen, Jan and Depaepe, Fien},
  journal={Educational technology research and development},
  pages={1--14},
  year={2024},
  publisher={Springer}
}