@article{brookhart2006variable,
  title={Variable selection for propensity score models},
  author={Brookhart, M Alan and Schneeweiss, Sebastian and Rothman, Kenneth J and Glynn, Robert J and Avorn, Jerry and St{\"u}rmer, Til},
  journal={American Journal of Epidemiology},
  volume={163},
  number={12},
  pages={1149--1156},
  year={2006},
  publisher={Oxford University Press}
}

@article{cole2010illustrating,
  title={Illustrating bias due to conditioning on a collider},
  author={Cole, Stephen R and Platt, Robert W and Schisterman, Enrique F and Chu, Haitao and Westreich, Daniel and Richardson, David and Poole, Charles},
  journal={International Journal of Epidemiology},
  volume={39},
  number={2},
  pages={417--420},
  year={2010},
  publisher={Oxford University Press}
}

@article{ding2017instrumental,
  title={Instrumental variables as bias amplifiers with general outcome and confounding},
  author={Ding, Peng and VanderWeele, TJ and Robins, James M},
  journal={Biometrika},
  volume={104},
  number={2},
  pages={291--302},
  year={2017},
  publisher={Oxford University Press}
}

@article{greenland2003quantifying,
  title={Quantifying biases in causal models: Classical confounding vs collider-stratification bias},
  author={Greenland, Sander},
  journal={Epidemiology},
  volume={14},
  number={3},
  pages={300--306},
  year={2003},
  publisher={LWW}
}

@book{hernan2024causal,
  title={Causal Inference: What If},
  author={Hernan, M.A. and Robins, J.M.},
  year={2024},
  publisher={CRC Press}
}

@article{maathuis2009estimating,
  title={Estimating high-dimensional intervention effects from observational data},
  author={Maathuis, Marloes H and Kalisch, Markus and B{\"u}hlmann, Peter},
  journal={The Annals of Statistics},
  volume={37},
  number={6A},
  pages={3133--3164},
  year={2009},
  publisher={Institute of Mathematical Statistics}
}

@article{maathuis2015generalized,
  title={A generalized back-door criterion},
  author={Maathuis, Marloes H and Colombo, Diego},
  journal={The Annals of Statistics},
  volume={43},
  number={3},
  pages={1060--1088},
  year={2015},
  publisher={Institute of Mathematical Statistics}
}

@article{patrick2011implications,
  title={The implications of propensity score variable selection strategies in pharmacoepidemiology: an empirical illustration},
  author={Patrick, Amanda R and Schneeweiss, Sebastian and Brookhart, M Alan and Glynn, Robert J and Rothman, Kenneth J and Avorn, Jerry and St{\"u}rmer, Til},
  journal={Pharmacoepidemiology and Drug Safety},
  volume={20},
  number={6},
  pages={551--559},
  year={2011},
  publisher={Wiley Online Library}
}

@book{pearl2009causality,
  title={Causality},
  author={Pearl, Judea},
  year={2009},
  publisher={Cambridge University Press}
}

@inproceedings{perkovic2015,
author = {Perkovi\'{c}, Emilija and Textor, Johannes and Kalisch, Markus and Maathuis, Marloes H.},
title = {A complete generalized adjustment criterion},
year = {2015},
_isbn = {9780996643108},
publisher = {AUAI Press},
_address = {Arlington, Virginia, USA},
booktitle = {Proceedings of the Thirty-First Conference on Uncertainty in Artificial Intelligence},
pages = {682â€“691},
numpages = {10},
_location = {Amsterdam, Netherlands},
series = {UAI'15}
}

@article{rosenbaum1983central,
  title={The central role of the propensity score in observational studies for causal effects},
  author={Rosenbaum, Paul R and Rubin, Donald B},
  journal={Biometrika},
  volume={70},
  number={1},
  pages={41--55},
  year={1983},
  publisher={Oxford University Press}
}

@article{rosenbaum1984consequences,
  title={The consequences of adjustment for a concomitant variable that has been affected by the treatment},
  author={Rosenbaum, Paul R},
  journal={Journal of the Royal Statistical Society: Series A (General)},
  volume={147},
  number={5},
  pages={656--666},
  year={1984},
  publisher={Wiley Online Library}
}

@article{vanderweele2011new,
  title={A new criterion for confounder selection},
  author={VanderWeele, Tyler J and Shpitser, Ilya},
  journal={Biometrics},
  volume={67},
  number={4},
  pages={1406--1413},
  year={2011},
  publisher={Wiley Online Library}
}

@article{vanderweele2019principles,
  title={Principles of confounder selection},
  author={VanderWeele, Tyler J},
  journal={European Journal of Epidemiology},
  volume={34},
  number={3},
  pages={211--219},
  year={2019},
  publisher={Springer}
}

