
#### add
@article{pearl1995,
 _ISSN = {00063444},
 _URL = {http://www.jstor.org/stable/2337329},
 author = {Judea Pearl},
 journal = {Biometrika},
 number = {4},
 pages = {669--688},
 publisher = {[Oxford University Press, Biometrika Trust]},
 title = {Causal Diagrams for Empirical Research},
 urldate = {2023-10-26},
 volume = {82},
 year = {1995}
}
@book{spirtes2000causation,
  title={Causation, prediction, and search},
  author={Spirtes, Peter and Glymour, Clark N and Scheines, Richard},
  year={2000},
  publisher={MIT Press}
}
@book{pearl2009causality,
  title={Causality},
  author={Pearl, Judea},
  year={2009},
  publisher={Cambridge University Press}
}
@inproceedings{shpitser2010,
author = {Shpitser, Ilya and VanderWeele, Tyler and Robins, James M.},
title = {On the validity of covariate adjustment for estimating causal effects},
year = {2010},
_isbn = {9780974903965},
publisher = {AUAI Press},
_address = {Arlington, Virginia, USA},
booktitle = {Proceedings of the Twenty-Sixth Conference on Uncertainty in Artificial Intelligence},
pages = {527–536},
numpages = {10},
_location = {Catalina Island, CA},
series = {UAI'10}
}
@article{shrier2008reducing,
  title={Reducing bias through directed acyclic graphs},
  author={Shrier, Ian and Platt, Robert W},
  journal={BMC Medical Research Methodology},
  volume={8},
  pages={1--15},
  year={2008},
  publisher={Springer}
}
@article{kuroki2003covariate,
  title={Covariate selection for estimating the causal effect of control plans by using causal diagrams},
  author={Kuroki, Manabu and Miyakawa, Masami},
  journal={Journal of the Royal Statistical Society Series B: Statistical Methodology},
  volume={65},
  number={1},
  pages={209--222},
  year={2003},
  publisher={Oxford University Press}
}
@inproceedings{Kuroki2004SelectionOI,
author = {Kuroki, Manabu and Cai, Zhihong},
title = {Selection of identifiability criteria for total effects by using path diagrams},
year = {2004},
_isbn = {0974903906},
publisher = {AUAI Press},
_address = {Arlington, Virginia, USA},
booktitle = {Proceedings of the 20th Conference on Uncertainty in Artificial Intelligence},
pages = {333–340},
numpages = {8},
_location = {Banff, Canada},
series = {UAI '04}
}
@article{henckel2022graphical,
  title={Graphical criteria for efficient total effect estimation via adjustment in causal linear models},
  author={Henckel, Leonard and Perkovi{\'c}, Emilija and Maathuis, Marloes H},
  journal={Journal of the Royal Statistical Society Series B: Statistical Methodology},
  volume={84},
  number={2},
  pages={579--599},
  year={2022},
  publisher={Oxford University Press}
}
@article{witte2020efficient,
  title={On efficient adjustment in causal graphs},
  author={Witte, Janine and Henckel, Leonard and Maathuis, Marloes H and Didelez, Vanessa},
  journal={The Journal of Machine Learning Research},
  volume={21},
  number={1},
  pages={9956--10000},
  year={2020},
  publisher={JMLRORG}
}
@article{cheng2022sufficient,
  title={Sufficient dimension reduction for average causal effect estimation},
  author={Cheng, Debo and Li, Jiuyong and Liu, Lin and Le, Thuc Duy and Liu, Jixue and Yu, Kui},
  journal={Data Mining and Knowledge Discovery},
  volume={36},
  number={3},
  pages={1174--1196},
  year={2022},
  publisher={Springer}
}
@inproceedings{meekUAI95,
author = {Meek, Christopher},
title = {Causal inference and causal explanation with background knowledge},
year = {1995},
_isbn = {1558603859},
publisher = {Morgan Kaufmann Publishers Inc.},
_address = {San Francisco, CA, USA},
booktitle = {Proceedings of the Eleventh Conference on Uncertainty in Artificial Intelligence},
pages = {403–410},
numpages = {8},
_location = {Montr\'{e}al, Qu\'{e}, Canada},
series = {UAI'95}
}
@article{andersson1997characterization,
  title={A characterization of Markov equivalence classes for acyclic digraphs},
  author={Andersson, Steen A and Madigan, David and Perlman, Michael D and others},
  journal={The Annals of Statistics},
  volume={25},
  number={2},
  pages={505--541},
  year={1997},
  publisher={Institute of Mathematical Statistics}
}
@article{chickering2002learning,
  title={Learning equivalence classes of {B}ayesian-network structures},
  author={Chickering, David Maxwell},
  journal={Journal of Machine Learning Research},
  volume={2},
  number={Feb},
  pages={445--498},
  year={2002}
}
@article{angrist1996identification,
  title={Identification of causal effects using instrumental variables},
  author={Angrist, Joshua D and Imbens, Guido W and Rubin, Donald B},
  journal={Journal of the American statistical Association},
  volume={91},
  number={434},
  pages={444--455},
  year={1996},
  publisher={Taylor \& Francis}
}
@article{abramson1996hailfinder,
  title={Hailfinder: A Bayesian system for forecasting severe weather},
  author={Abramson, Bruce and Brown, John and Edwards, Ward and Murphy, Allan and Winkler, Robert L},
  journal={International Journal of Forecasting},
  volume={12},
  number={1},
  pages={57--71},
  year={1996},
  publisher={Elsevier}
}
@article{binder1997adaptive,
  title={Adaptive probabilistic networks with hidden variables},
  author={Binder, John and Koller, Daphne and Russell, Stuart and Kanazawa, Keiji},
  journal={Machine Learning},
  volume={29},
  pages={213--244},
  year={1997},
  publisher={Springer}
}
@inproceedings{textor2012,
author = {Textor, Johannes and Li\'{s}kiewicz, Maciej},
title = {Adjustment criteria in causal diagrams: an algorithmic perspective},
year = {2011},
_isbn = {9780974903972},
publisher = {AUAI Press},
_address = {Arlington, Virginia, USA},
booktitle = {Proceedings of the Twenty-Seventh Conference on Uncertainty in Artificial Intelligence},
pages = {681–688},
numpages = {8},
_location = {Barcelona, Spain},
series = {UAI'11}
}
@inproceedings{DBLP:conf/uai/PearlR95,
  author    = {Judea Pearl and
               James M. Robins},
  title     = {Probabilistic evaluation of sequential plans from causal models with
               hidden variables},
  booktitle = {{UAI} '95: Proceedings of the Eleventh Annual Conference on Uncertainty
               in Artificial Intelligence, Montreal, Quebec, Canada, August 18-20,
               1995},
  pages     = {444--453},
  publisher = {Morgan Kaufmann},
  year      = {1995},
  _biburl    = {https://dblp.org/rec/conf/uai/PearlR95.bib},
  _bibsource = {dblp computer science bibliography, https://dblp.org}
}
@inproceedings{perkovic2015,
author = {Perkovi\'{c}, Emilija and Textor, Johannes and Kalisch, Markus and Maathuis, Marloes H.},
title = {A complete generalized adjustment criterion},
year = {2015},
_isbn = {9780996643108},
publisher = {AUAI Press},
_address = {Arlington, Virginia, USA},
booktitle = {Proceedings of the Thirty-First Conference on Uncertainty in Artificial Intelligence},
pages = {682–691},
numpages = {10},
_location = {Amsterdam, Netherlands},
series = {UAI'15}
}
@article{ding2017instrumental,
  title={Instrumental variables as bias amplifiers with general outcome and confounding},
  author={Ding, Peng and VanderWeele, TJ and Robins, James M},
  journal={Biometrika},
  volume={104},
  number={2},
  pages={291--302},
  year={2017},
  publisher={Oxford University Press}
}
@book{hernan2024causal,
  title={Causal Inference: What If},
  author={Hernan, M.A. and Robins, J.M.},
  year={2024},
  publisher={CRC Press}
}
@article{vanderweele2011new,
  title={A new criterion for confounder selection},
  author={VanderWeele, Tyler J and Shpitser, Ilya},
  journal={Biometrics},
  volume={67},
  number={4},
  pages={1406--1413},
  year={2011},
  publisher={Wiley Online Library}
}
@article{vanderweele2019principles,
  title={Principles of confounder selection},
  author={VanderWeele, Tyler J},
  journal={European Journal of Epidemiology},
  volume={34},
  number={3},
  pages={211--219},
  year={2019},
  publisher={Springer}
}
@article{rosenbaum1983central,
  title={The central role of the propensity score in observational studies for causal effects},
  author={Rosenbaum, Paul R and Rubin, Donald B},
  journal={Biometrika},
  volume={70},
  number={1},
  pages={41--55},
  year={1983},
  publisher={Oxford University Press}
}
@article{brookhart2006variable,
  title={Variable selection for propensity score models},
  author={Brookhart, M Alan and Schneeweiss, Sebastian and Rothman, Kenneth J and Glynn, Robert J and Avorn, Jerry and St{\"u}rmer, Til},
  journal={American Journal of Epidemiology},
  volume={163},
  number={12},
  pages={1149--1156},
  year={2006},
  publisher={Oxford University Press}
}
@article{patrick2011implications,
  title={The implications of propensity score variable selection strategies in pharmacoepidemiology: an empirical illustration},
  author={Patrick, Amanda R and Schneeweiss, Sebastian and Brookhart, M Alan and Glynn, Robert J and Rothman, Kenneth J and Avorn, Jerry and St{\"u}rmer, Til},
  journal={Pharmacoepidemiology and Drug Safety},
  volume={20},
  number={6},
  pages={551--559},
  year={2011},
  publisher={Wiley Online Library}
}
@article{rosenbaum1984consequences,
  title={The consequences of adjustment for a concomitant variable that has been affected by the treatment},
  author={Rosenbaum, Paul R},
  journal={Journal of the Royal Statistical Society: Series A (General)},
  volume={147},
  number={5},
  pages={656--666},
  year={1984},
  publisher={Wiley Online Library}
}
@article{cole2010illustrating,
  title={Illustrating bias due to conditioning on a collider},
  author={Cole, Stephen R and Platt, Robert W and Schisterman, Enrique F and Chu, Haitao and Westreich, Daniel and Richardson, David and Poole, Charles},
  journal={International Journal of Epidemiology},
  volume={39},
  number={2},
  pages={417--420},
  year={2010},
  publisher={Oxford University Press}
}
@article{greenland2003quantifying,
  title={Quantifying biases in causal models: Classical confounding vs collider-stratification bias},
  author={Greenland, Sander},
  journal={Epidemiology},
  volume={14},
  number={3},
  pages={300--306},
  year={2003},
  publisher={LWW}
}
@article{maathuis2009estimating,
  title={Estimating high-dimensional intervention effects from observational data},
  author={Maathuis, Marloes H and Kalisch, Markus and B{\"u}hlmann, Peter},
  journal={The Annals of Statistics},
  volume={37},
  number={6A},
  pages={3133--3164},
  year={2009},
  publisher={Institute of Mathematical Statistics}
}
@article{maathuis2015generalized,
  title={A generalized back-door criterion},
  author={Maathuis, Marloes H and Colombo, Diego},
  journal={The Annals of Statistics},
  volume={43},
  number={3},
  pages={1060--1088},
  year={2015},
  publisher={Institute of Mathematical Statistics}
}
@article{wright1934method,
  title={The method of path coefficients},
  author={Wright, Sewall},
  journal={The Annals of Mathematical Statistics},
  volume={5},
  number={3},
  pages={161--215},
  year={1934},
  publisher={Institute of Mathematical Statistics}
}


