@misc{chen2020mixtextlinguisticallyinformedinterpolationhidden,
      title={MixText: Linguistically-Informed Interpolation of Hidden Space for Semi-Supervised Text Classification}, 
      author={Jiaao Chen and Zichao Yang and Diyi Yang},
      year={2020},
      eprint={2004.12239},
      archivePrefix={arXiv},
      primaryClass={cs.CL},
      url={https://arxiv.org/abs/2004.12239}, 
}

@article{radford2019language,
  title={Language Models are Unsupervised Multitask Learners},
  author={Radford, Alec and Wu, Jeff and Child, Rewon and Luan, David and Amodei, Dario and Sutskever, Ilya},
  year={2019},
  journal  = ""
}

@misc{thangaraj2024crosslingualtransfermultilingualmodels,
      title={Cross-lingual transfer of multilingual models on low resource African Languages}, 
      author={Harish Thangaraj and Ananya Chenat and Jaskaran Singh Walia and Vukosi Marivate},
      year={2024},
      eprint={2409.10965},
      archivePrefix={arXiv},
      primaryClass={cs.CL},
      url={https://arxiv.org/abs/2409.10965}, 
}

