@article{oroojlooy2023review,
  title={A review of cooperative multi-agent deep reinforcement learning},
  author={Oroojlooy, Afshin and Hajinezhad, Davood},
  journal={Applied Intelligence},
  volume={53},
  number={11},
  pages={13677--13722},
  year={2023},
  publisher={Springer}
}
@article{yun2022cooperative,
  title={Cooperative multiagent deep reinforcement learning for reliable surveillance via autonomous multi-UAV control},
  author={Yun, Won Joon and Park, Soohyun and Kim, Joongheon and Shin, MyungJae and Jung, Soyi and Mohaisen, David A and Kim, Jae-Hyun},
  journal={IEEE Transactions on Industrial Informatics},
  volume={18},
  number={10},
  pages={7086--7096},
  year={2022},
  publisher={IEEE}
}
@article{chen2023deep,
  title={A deep multi-agent reinforcement learning framework for autonomous aerial navigation to grasping points on loads},
  author={Chen, Jingyu and Ma, Ruidong and Oyekan, John},
  journal={Robotics and Autonomous Systems},
  volume={167},
  pages={104489},
  year={2023},
  publisher={Elsevier}
}
@article{orr2023multi,
  title={Multi-agent deep reinforcement learning for multi-robot applications: A survey},
  author={Orr, James and Dutta, Ayan},
  journal={Sensors},
  volume={23},
  number={7},
  pages={3625},
  year={2023},
  publisher={MDPI}
}
@article{jendoubi2023multi,
  title={Multi-agent hierarchical reinforcement learning for energy management},
  author={Jendoubi, Imen and Bouffard, Fran{\c{c}}ois},
  journal={Applied Energy},
  volume={332},
  pages={120500},
  year={2023},
  publisher={Elsevier}
}
@article{oliehoek2008optimal,
  title={Optimal and approximate Q-value functions for decentralized POMDPs},
  author={Oliehoek, Frans A and Spaan, Matthijs TJ and Vlassis, Nikos},
  journal={Journal of Artificial Intelligence Research},
  volume={32},
  pages={289--353},
  year={2008}
}
@article{sunehag2017value,
  title={Value-decomposition networks for cooperative multi-agent learning},
  author={Sunehag, Peter and Lever, Guy and Gruslys, Audrunas and Czarnecki, Wojciech Marian and Zambaldi, Vinicius and Jaderberg, Max and Lanctot, Marc and Sonnerat, Nicolas and Leibo, Joel Z and Tuyls, Karl and others},
  journal={arXiv preprint arXiv:1706.05296},
  year={2017}
}
@article{rashid2020monotonic,
  title={Monotonic value function factorisation for deep multi-agent reinforcement learning},
  author={Rashid, Tabish and Samvelyan, Mikayel and De Witt, Christian Schroeder and Farquhar, Gregory and Foerster, Jakob and Whiteson, Shimon},
  journal={Journal of Machine Learning Research},
  volume={21},
  number={178},
  pages={1--51},
  year={2020}
}
@article{wang2020qplex,
  title={Qplex: Duplex dueling multi-agent q-learning},
  author={Wang, Jianhao and Ren, Zhizhou and Liu, Terry and Yu, Yang and Zhang, Chongjie},
  journal={arXiv preprint arXiv:2008.01062},
  year={2020}
}
@inproceedings{guo2022towards,
  title={Towards comprehensive testing on the robustness of cooperative multi-agent reinforcement learning},
  author={Guo, Jun and Chen, Yonghong and Hao, Yihang and Yin, Zixin and Yu, Yin and Li, Simin},
  booktitle={Proceedings of the IEEE/CVF conference on computer vision and pattern recognition},
  pages={115--122},
  year={2022}
}
@article{moos2022robust,
  title={Robust reinforcement learning: A review of foundations and recent advances},
  author={Moos, Janosch and Hansel, Kay and Abdulsamad, Hany and Stark, Svenja and Clever, Debora and Peters, Jan},
  journal={Machine Learning and Knowledge Extraction},
  volume={4},
  number={1},
  pages={276--315},
  year={2022},
  publisher={MDPI}
}
@inproceedings{yu2021robust,
  title={Robust reinforcement learning: A constrained game-theoretic approach},
  author={Yu, Jing and Gehring, Clement and Sch{\"a}fer, Florian and Anandkumar, Animashree},
  booktitle={Learning for Dynamics and Control},
  pages={1242--1254},
  year={2021},
  organization={PMLR}
}
@article{huang2017adversarial,
  title={Adversarial attacks on neural network policies},
  author={Huang, Sandy and Papernot, Nicolas and Goodfellow, Ian and Duan, Yan and Abbeel, Pieter},
  journal={arXiv preprint arXiv:1702.02284},
  year={2017}
}
@article{goodfellow2014explaining,
  title={Explaining and harnessing adversarial examples},
  author={Goodfellow, Ian J and Shlens, Jonathon and Szegedy, Christian},
  journal={arXiv preprint arXiv:1412.6572},
  year={2014}
}
@article{pattanaik2017robust,
  title={Robust deep reinforcement learning with adversarial attacks},
  author={Pattanaik, Anay and Tang, Zhenyi and Liu, Shuijing and Bommannan, Gautham and Chowdhary, Girish},
  journal={arXiv preprint arXiv:1712.03632},
  year={2017}
}
@inproceedings{pinto2017robust,
  title={Robust adversarial reinforcement learning},
  author={Pinto, Lerrel and Davidson, James and Sukthankar, Rahul and Gupta, Abhinav},
  booktitle={International conference on machine learning},
  pages={2817--2826},
  year={2017},
  organization={PMLR}
}
@article{zhang2021multi,
  title={Multi-agent reinforcement learning: A selective overview of theories and algorithms},
  author={Zhang, Kaiqing and Yang, Zhuoran and Ba{\c{s}}ar, Tamer},
  journal={Handbook of reinforcement learning and control},
  pages={321--384},
  year={2021},
  publisher={Springer}
}
@inproceedings{lin2020robustness,
  title={On the robustness of cooperative multi-agent reinforcement learning},
  author={Lin, Jieyu and Dzeparoska, Kristina and Zhang, Sai Qian and Leon-Garcia, Alberto and Papernot, Nicolas},
  booktitle={2020 IEEE Security and Privacy Workshops (SPW)},
  pages={62--68},
  year={2020},
  organization={IEEE}
}
@article{li2023byzantine,
  title={Byzantine robust cooperative multi-agent reinforcement learning as a bayesian game},
  author={Li, Simin and Guo, Jun and Xiu, Jingqiao and Xu, Ruixiao and Yu, Xin and Wang, Jiakai and Liu, Aishan and Yang, Yaodong and Liu, Xianglong},
  journal={arXiv preprint arXiv:2305.12872},
  year={2023}
}
@inproceedings{phan2021resilient,
  title={Resilient multi-agent reinforcement learning with adversarial value decomposition},
  author={Phan, Thomy and Belzner, Lenz and Gabor, Thomas and Sedlmeier, Andreas and Ritz, Fabian and Linnhoff-Popien, Claudia},
  booktitle={Proceedings of the AAAI Conference on Artificial Intelligence},
  volume={35},
  number={13},
  pages={11308--11316},
  year={2021}
}
@article{xue2021mis,
  title={Mis-spoke or mis-lead: Achieving robustness in multi-agent communicative reinforcement learning},
  author={Xue, Wanqi and Qiu, Wei and An, Bo and Rabinovich, Zinovi and Obraztsova, Svetlana and Yeo, Chai Kiat},
  journal={arXiv preprint arXiv:2108.03803},
  year={2021}
}
@article{vinitsky2020robust,
  title={Robust reinforcement learning using adversarial populations},
  author={Vinitsky, Eugene and Du, Yuqing and Parvate, Kanaad and Jang, Kathy and Abbeel, Pieter and Bayen, Alexandre},
  journal={arXiv preprint arXiv:2008.01825},
  year={2020}
}
@inproceedings{li2019robust,
  title={Robust multi-agent reinforcement learning via minimax deep deterministic policy gradient},
  author={Li, Shihui and Wu, Yi and Cui, Xinyue and Dong, Honghua and Fang, Fei and Russell, Stuart},
  booktitle={Proceedings of the AAAI conference on artificial intelligence},
  volume={33},
  number={01},
  pages={4213--4220},
  year={2019}
}
@article{han2022solution,
  title={What is the solution for state-adversarial multi-agent reinforcement learning?},
  author={Han, Songyang and Su, Sanbao and He, Sihong and Han, Shuo and Yang, Haizhao and Zou, Shaofeng and Miao, Fei},
  journal={arXiv preprint arXiv:2212.02705},
  year={2022}
}
@article{he2023robust,
  title={Robust multi-agent reinforcement learning with state uncertainty},
  author={He, Sihong and Han, Songyang and Su, Sanbao and Han, Shuo and Zou, Shaofeng and Miao, Fei},
  journal={arXiv preprint arXiv:2307.16212},
  year={2023}
}
@article{zhang2023safe,
  title={Safe and robust multi-agent reinforcement learning for connected autonomous vehicles under state perturbations},
  author={Zhang, Zhili and Sun, Yanchao and Huang, Furong and Miao, Fei},
  journal={arXiv preprint arXiv:2309.11057},
  year={2023}
}
% state attack
@article{zhang2020robust_1,
  title={Robust deep reinforcement learning against adversarial perturbations on state observations},
  author={Zhang, Huan and Chen, Hongge and Xiao, Chaowei and Li, Bo and Liu, Mingyan and Boning, Duane and Hsieh, Cho-Jui},
  journal={Advances in Neural Information Processing Systems},
  volume={33},
  pages={21024--21037},
  year={2020}
}
@article{zhang2020robust,
  title={Robust multi-agent reinforcement learning with model uncertainty},
  author={Zhang, Kaiqing and Sun, Tao and Tao, Yunzhe and Genc, Sahika and Mallya, Sunil and Basar, Tamer},
  journal={Advances in neural information processing systems},
  volume={33},
  pages={10571--10583},
  year={2020}
}
@inproceedings{wang2022data,
  title={Data-driven robust multi-agent reinforcement learning},
  author={Wang, Yudan and Wang, Yue and Zhou, Yi and Velasquez, Alvaro and Zou, Shaofeng},
  booktitle={2022 IEEE 32nd International Workshop on Machine Learning for Signal Processing (MLSP)},
  pages={1--6},
  year={2022},
  organization={IEEE}
}

@article{everett2021certifiable,
  title={Certifiable robustness to adversarial state uncertainty in deep reinforcement learning},
  author={Everett, Michael and L{\"u}tjens, Bj{\"o}rn and How, Jonathan P},
  journal={IEEE Transactions on Neural Networks and Learning Systems},
  volume={33},
  number={9},
  pages={4184--4198},
  year={2021},
  publisher={IEEE}
}
@article{zhang2021robust,
  title={Robust reinforcement learning on state observations with learned optimal adversary},
  author={Zhang, Huan and Chen, Hongge and Boning, Duane and Hsieh, Cho-Jui},
  journal={arXiv preprint arXiv:2101.08452},
  year={2021}
}
@article{qiaoben2024understanding,
  title={Understanding adversarial attacks on observations in deep reinforcement learning},
  author={Qiaoben, You and Ying, Chengyang and Zhou, Xinning and Su, Hang and Zhu, Jun and Zhang, Bo},
  journal={Science China Information Sciences},
  volume={67},
  number={5},
  pages={1--15},
  year={2024},
  publisher={Springer}
}
@article{li2023ats,
  title={ATS-O2A: A state-based adversarial attack strategy on deep reinforcement learning},
  author={Li, Xiangjuan and Li, Yang and Feng, Zhaowen and Wang, Zhaoxuan and Pan, Quan},
  journal={Computers \& Security},
  volume={129},
  pages={103259},
  year={2023},
  publisher={Elsevier}
}

% reward attack
@inproceedings{wang2020reinforcement,
  title={Reinforcement learning with perturbed rewards},
  author={Wang, Jingkang and Liu, Yang and Li, Bo},
  booktitle={Proceedings of the AAAI conference on artificial intelligence},
  volume={34},
  number={04},
  pages={6202--6209},
  year={2020}
}
@inproceedings{zhang2020adaptive,
  title={Adaptive reward-poisoning attacks against reinforcement learning},
  author={Zhang, Xuezhou and Ma, Yuzhe and Singla, Adish and Zhu, Xiaojin},
  booktitle={International Conference on Machine Learning},
  pages={11225--11234},
  year={2020},
  organization={PMLR}
}
@article{rakhsha2021reward,
  title={Reward poisoning in reinforcement learning: Attacks against unknown learners in unknown environments},
  author={Rakhsha, Amin and Zhang, Xuezhou and Zhu, Xiaojin and Singla, Adish},
  journal={arXiv preprint arXiv:2102.08492},
  year={2021}
}
@article{xu2022efficient,
  title={Efficient reward poisoning attacks on online deep reinforcement learning},
  author={Xu, Yinglun and Zeng, Qi and Singh, Gagandeep},
  journal={arXiv preprint arXiv:2205.14842},
  year={2022}
}
@article{xu2024reward,
  title={Reward Poisoning Attack Against Offline Reinforcement Learning},
  author={Xu, Yinglun and Gumaste, Rohan and Singh, Gagandeep},
  journal={arXiv preprint arXiv:2402.09695},
  year={2024}
}
@article{cai2023reward,
  title={Reward poisoning attacks in deep reinforcement learning based on exploration strategies},
  author={Cai, Kanting and Zhu, Xiangbin and Hu, Zhaolong},
  journal={Neurocomputing},
  volume={553},
  pages={126578},
  year={2023},
  publisher={Elsevier}
}
@inproceedings{bouhaddi2024rewards,
  title={When Rewards Deceive: Counteracting Reward Poisoning on Online Deep Reinforcement Learning},
  author={Bouhaddi, Myria and Adi, Kamel},
  booktitle={2024 IEEE International Conference on Cyber Security and Resilience (CSR)},
  pages={38--44},
  year={2024},
  organization={IEEE}
}
@inproceedings{bouhaddi2023multi,
  title={Multi-Environment Training Against Reward Poisoning Attacks on Deep Reinforcement Learning.},
  author={Bouhaddi, Myria and Adi, Kamel},
  booktitle={SECRYPT},
  pages={870--875},
  year={2023}
}
% action attack
@inproceedings{tessler2019action,
  title={Action robust reinforcement learning and applications in continuous control},
  author={Tessler, Chen and Efroni, Yonathan and Mannor, Shie},
  booktitle={International Conference on Machine Learning},
  pages={6215--6224},
  year={2019},
  organization={PMLR}
}
@inproceedings{tan2020robustifying,
  title={Robustifying reinforcement learning agents via action space adversarial training},
  author={Tan, Kai Liang and Esfandiari, Yasaman and Lee, Xian Yeow and Sarkar, Soumik and others},
  booktitle={2020 American control conference (ACC)},
  pages={3959--3964},
  year={2020},
  organization={IEEE}
}
@inproceedings{lee2021query,
  title={Query-based targeted action-space adversarial policies on deep reinforcement learning agents},
  author={Lee, Xian Yeow and Esfandiari, Yasaman and Tan, Kai Liang and Sarkar, Soumik},
  booktitle={Proceedings of the ACM/IEEE 12th international conference on cyber-physical systems},
  pages={87--97},
  year={2021}
}
@article{liu2024robust,
  title={Robust Deep Reinforcement Learning with Adaptive Adversarial Perturbations in Action Space},
  author={Liu, Qianmei and Kuang, Yufei and Wang, Jie},
  journal={arXiv preprint arXiv:2405.11982},
  year={2024}
}

@article{vaswani2017attention,
  title={Attention is all you need},
  author={Vaswani, A},
  journal={Advances in Neural Information Processing Systems},
  year={2017}
}
@article{mankowitz2019robust,
  title={Robust reinforcement learning for continuous control with model misspecification},
  author={Mankowitz, Daniel J and Levine, Nir and Jeong, Rae and Shi, Yuanyuan and Kay, Jackie and Abdolmaleki, Abbas and Springenberg, Jost Tobias and Mann, Timothy and Hester, Todd and Riedmiller, Martin},
  journal={arXiv preprint arXiv:1906.07516},
  year={2019}
}
% criticial step
@inproceedings{sun2020stealthy,
  title={Stealthy and efficient adversarial attacks against deep reinforcement learning},
  author={Sun, Jianwen and Zhang, Tianwei and Xie, Xiaofei and Ma, Lei and Zheng, Yan and Chen, Kangjie and Liu, Yang},
  booktitle={Proceedings of the AAAI Conference on Artificial Intelligence},
  volume={34},
  number={04},
  pages={5883--5891},
  year={2020}
}
@article{yu2023learning,
  title={Learning key steps to attack deep reinforcement learning agents},
  author={Yu, Chien-Min and Chen, Ming-Hsin and Lin, Hsuan-Tien},
  journal={Machine Learning},
  volume={112},
  number={5},
  pages={1499--1522},
  year={2023},
  publisher={Springer}
}
@article{zhou2024adversarial,
  title={Adversarial Attacks on Multiagent Deep Reinforcement Learning Models in Continuous Action Space},
  author={Zhou, Ziyuan and Liu, Guanjun and Guo, Weiran and Zhou, MengChu},
  journal={IEEE Transactions on Systems, Man, and Cybernetics: Systems},
  year={2024},
  publisher={IEEE}
}
@inproceedings{tu2021adversarial,
  title={Adversarial attacks on multi-agent communication},
  author={Tu, James and Wang, Tsunhsuan and Wang, Jingkang and Manivasagam, Sivabalan and Ren, Mengye and Urtasun, Raquel},
  booktitle={Proceedings of the IEEE/CVF International Conference on Computer Vision},
  pages={7768--7777},
  year={2021}
}
@inproceedings{sun2023certifiably,
  title={Certifiably robust policy learning against adversarial multi-agent communication},
  author={Sun, Yanchao and Zheng, Ruijie and Hassanzadeh, Parisa and Liang, Yongyuan and Feizi, Soheil and Ganesh, Sumitra and Huang, Furong},
  booktitle={The Eleventh International Conference on Learning Representations},
  year={2023}
}
@article{zhou2023robust,
  title={A robust mean-field actor-critic reinforcement learning against adversarial perturbations on agent states},
  author={Zhou, Ziyuan and Liu, Guanjun and Zhou, Mengchu},
  journal={IEEE Transactions on Neural Networks and Learning Systems},
  year={2023},
  publisher={IEEE}
}
@article{kardecs2011discounted,
  title={Discounted robust stochastic games and an application to queueing control},
  author={Karde{\c{s}}, Erim and Ord{\'o}{\~n}ez, Fernando and Hall, Randolph W},
  journal={Operations research},
  volume={59},
  number={2},
  pages={365--382},
  year={2011},
  publisher={INFORMS}
}
@article{li2023mir2,
  title={MIR2: Towards Provably Robust Multi-Agent Reinforcement Learning by Mutual Information Regularization},
  author={Li, Simin and Xu, Ruixiao and Guo, Jun and Feng, Pu and Wang, Jiakai and Liu, Aishan and Yang, Yaodong and Liu, Xianglong and Lv, Weifeng},
  journal={arXiv preprint arXiv:2310.09833},
  year={2023}
}
@article{du2024robust,
  title={Robust multi-agent reinforcement learning via Bayesian distributional value estimation},
  author={Du, Xinqi and Chen, Hechang and Wang, Che and Xing, Yongheng and Yang, Jielong and Philip, S Yu and Chang, Yi and He, Lifang},
  journal={Pattern Recognition},
  volume={145},
  pages={109917},
  year={2024},
  publisher={Elsevier}
}
@article{he2022robust,
  title={A robust and constrained multi-agent reinforcement learning framework for electric vehicle amod systems},
  author={He, Sihong and Wang, Yue and Han, Shuo and Zou, Shaofeng and Miao, Fei},
  journal={Dynamics},
  volume={8},
  number={10},
  year={2022}
}
@article{shi2024sample,
  title={Sample-Efficient Robust Multi-Agent Reinforcement Learning in the Face of Environmental Uncertainty},
  author={Shi, Laixi and Mazumdar, Eric and Chi, Yuejie and Wierman, Adam},
  journal={arXiv preprint arXiv:2404.18909},
  year={2024}
}
@article{bukharin2024robust,
  title={Robust multi-agent reinforcement learning via adversarial regularization: Theoretical foundation and stable algorithms},
  author={Bukharin, Alexander and Li, Yan and Yu, Yue and Zhang, Qingru and Chen, Zhehui and Zuo, Simiao and Zhang, Chao and Zhang, Songan and Zhao, Tuo},
  journal={Advances in Neural Information Processing Systems},
  volume={36},
  year={2024}
}
@inproceedings{xu2021mmd,
  title={Mmd-mix: Value function factorisation with maximum mean discrepancy for cooperative multi-agent reinforcement learning},
  author={Xu, Zhiwei and Li, Dapeng and Bai, Yunpeng and Fan, Guoliang},
  booktitle={2021 International Joint Conference on Neural Networks (IJCNN)},
  pages={1--7},
  year={2021},
  organization={IEEE}
}
@inproceedings{li2020multi,
  title={Multi-agent reinforcement learning based on value distribution},
  author={Li, Ruiqun and Wang, Ruobing and Tian, Tao and Jia, Fukai and Zheng, Zhong},
  booktitle={Journal of Physics: Conference Series},
  volume={1651},
  number={1},
  pages={012017},
  year={2020},
  organization={IOP Publishing}
}
@article{geng2024noise,
  title={Noise Distribution Decomposition based Multi-Agent Distributional Reinforcement Learning},
  author={Geng, Wei and Xiao, Baidi and Li, Rongpeng and Wei, Ning and Wang, Dong and Zhao, Zhifeng},
  journal={IEEE Transactions on Mobile Computing},
  year={2024},
  publisher={IEEE}
}
@article{wang2023regularization,
  title={Regularization-Adapted Anderson Acceleration for multi-agent reinforcement learning},
  author={Wang, Siying and Chen, Wenyu and Huang, Liwei and Zhang, Fan and Zhao, Zhitong and Qu, Hong},
  journal={Knowledge-Based Systems},
  volume={275},
  pages={110709},
  year={2023},
  publisher={Elsevier}
}
@article{yuan2024robust,
  title={Robust cooperative multi-agent reinforcement learning via multi-view message certification},
  author={Yuan, Lei and Jiang, Tao and Li, Lihe and Chen, Feng and Zhang, Zongzhang and Yu, Yang},
  journal={Science China Information Sciences},
  volume={67},
  number={4},
  pages={142102},
  year={2024},
  publisher={Springer}
}
% model based single agent
@inproceedings{ramesh2024distributionally,
  title={Distributionally robust model-based reinforcement learning with large state spaces},
  author={Ramesh, Shyam Sundhar and Sessa, Pier Giuseppe and Hu, Yifan and Krause, Andreas and Bogunovic, Ilija},
  booktitle={International Conference on Artificial Intelligence and Statistics},
  pages={100--108},
  year={2024},
  organization={PMLR}
}
@article{clavier2023towards,
  title={Towards minimax optimality of model-based robust reinforcement learning},
  author={Clavier, Pierre and Pennec, Erwan Le and Geist, Matthieu},
  journal={arXiv preprint arXiv:2302.05372},
  year={2023}
}
@article{berkenkamp2017safe,
  title={Safe model-based reinforcement learning with stability guarantees},
  author={Berkenkamp, Felix and Turchetta, Matteo and Schoellig, Angela and Krause, Andreas},
  journal={Advances in neural information processing systems},
  volume={30},
  year={2017}
}
@inproceedings{panaganti2021sample,
  title={Sample complexity of model-based robust reinforcement learning},
  author={Panaganti, Kishan and Kalathil, Dileep},
  booktitle={2021 60th IEEE Conference on Decision and Control (CDC)},
  pages={2240--2245},
  year={2021},
  organization={IEEE}
}
@article{shi2024distributionally,
  title={Distributionally robust model-based offline reinforcement learning with near-optimal sample complexity},
  author={Shi, Laixi and Chi, Yuejie},
  journal={Journal of Machine Learning Research},
  volume={25},
  number={200},
  pages={1--91},
  year={2024}
}
@inproceedings{curi2021combining,
  title={Combining pessimism with optimism for robust and efficient model-based deep reinforcement learning},
  author={Curi, Sebastian and Bogunovic, Ilija and Krause, Andreas},
  booktitle={International Conference on Machine Learning},
  pages={2254--2264},
  year={2021},
  organization={PMLR}
}
% advser model 
@article{herremans2024robust,
  title={Robust Model-Based Reinforcement Learning with an Adversarial Auxiliary Model},
  author={Herremans, Siemen and Anwar, Ali and Mercelis, Siegfried},
  journal={arXiv preprint arXiv:2406.09976},
  year={2024}
}
@article{bhardwaj2024adversarial,
  title={Adversarial model for offline reinforcement learning},
  author={Bhardwaj, Mohak and Xie, Tengyang and Boots, Byron and Jiang, Nan and Cheng, Ching-An},
  journal={Advances in Neural Information Processing Systems},
  volume={36},
  year={2024}
}
@article{rigter2022rambo,
  title={Rambo-rl: Robust adversarial model-based offline reinforcement learning},
  author={Rigter, Marc and Lacerda, Bruno and Hawes, Nick},
  journal={Advances in neural information processing systems},
  volume={35},
  pages={16082--16097},
  year={2022}
}
@inproceedings{wang2020falsification,
  title={Falsification-based robust adversarial reinforcement learning},
  author={Wang, Xiao and Nair, Saasha and Althoff, Matthias},
  booktitle={2020 19th IEEE International Conference on Machine Learning and Applications (ICMLA)},
  pages={205--212},
  year={2020},
  organization={IEEE}
}
@article{kobayashi2024lira,
  title={LiRA: Light-Robust Adversary for Model-based Reinforcement Learning in Real World},
  author={Kobayashi, Taisuke},
  journal={arXiv preprint arXiv:2409.19617},
  year={2024}
}
@article{ye2024towards,
  title={Towards robust model-based reinforcement learning against adversarial corruption},
  author={Ye, Chenlu and He, Jiafan and Gu, Quanquan and Zhang, Tong},
  journal={arXiv preprint arXiv:2402.08991},
  year={2024}
}
@article{chen2021decision,
  title={Decision transformer: Reinforcement learning via sequence modeling},
  author={Chen, Lili and Lu, Kevin and Rajeswaran, Aravind and Lee, Kimin and Grover, Aditya and Laskin, Misha and Abbeel, Pieter and Srinivas, Aravind and Mordatch, Igor},
  journal={Advances in neural information processing systems},
  volume={34},
  pages={15084--15097},
  year={2021}
}
@article{samvelyan2019starcraft,
  title={The starcraft multi-agent challenge},
  author={Samvelyan, Mikayel and Rashid, Tabish and De Witt, Christian Schroeder and Farquhar, Gregory and Nardelli, Nantas and Rudner, Tim GJ and Hung, Chia-Man and Torr, Philip HS and Foerster, Jakob and Whiteson, Shimon},
  journal={arXiv preprint arXiv:1902.04043},
  year={2019}
}
@book{chinchuluun2008pareto,
  title={Pareto optimality, game theory and equilibria},
  author={Chinchuluun, Altannar and Migdalas, Athanasios and Pardalos, Panos M and Pitsoulis, Leonidas},
  volume={17},
  year={2008},
  publisher={Springer New York}
}
@article{han2021max,
  title={A max-min entropy framework for reinforcement learning},
  author={Han, Seungyul and Sung, Youngchul},
  journal={Advances in Neural Information Processing Systems},
  volume={34},
  pages={25732--25745},
  year={2021}
}
@inproceedings{jo2024fox,
  title={FoX: Formation-aware exploration in multi-agent reinforcement learning},
  author={Jo, Yonghyeon and Lee, Sunwoo and Yeom, Junghyuk and Han, Seungyul},
  booktitle={Proceedings of the AAAI Conference on Artificial Intelligence},
  volume={38},
  number={12},
  pages={12985--12994},
  year={2024}
}
@article{mahajan2019maven,
  title={Maven: Multi-agent variational exploration},
  author={Mahajan, Anuj and Rashid, Tabish and Samvelyan, Mikayel and Whiteson, Shimon},
  journal={Advances in neural information processing systems},
  volume={32},
  year={2019}
}

@inproceedings{chae2022robust,
  title={Robust imitation learning against variations in environment dynamics},
  author={Chae, Jongseong and Han, Seungyul and Jung, Whiyoung and Cho, Myungsik and Choi, Sungho and Sung, Youngchul},
  booktitle={International Conference on Machine Learning},
  pages={2828--2852},
  year={2022},
  organization={PMLR}
}

@Book{oliehoek2016concise,
  title={A concise introduction to decentralized POMDPs},
  author={Oliehoek, Frans A and Amato, Christopher and others},
  volume={1},
  year={2016},
  publisher={Springer}
}

@inproceedings{yuan2023robust,
  title={Robust multi-agent coordination via evolutionary generation of auxiliary adversarial attackers},
  author={Yuan, Lei and Zhang, Ziqian and Xue, Ke and Yin, Hao and Chen, Feng and Guan, Cong and Li, Lihe and Qian, Chao and Yu, Yang},
  booktitle={Proceedings of the AAAI Conference on Artificial Intelligence},
  volume={37},
  number={10},
  pages={11753--11762},
  year={2023}
}

@TechReport{mitchell80,
  author = 	 "T. M. Mitchell",
  title = 	 "The Need for Biases in Learning Generalizations",
  institution =  "Computer Science Department, Rutgers University",
  year = 	 "1980",
  address =	 "New Brunswick, MA",
}

@phdthesis{kearns89,
  author = {M. J. Kearns},
  title =  {Computational Complexity of Machine Learning},
  school = {Department of Computer Science, Harvard University},
  year =   {1989}
}

@Book{MachineLearningI,
  editor = 	 "R. S. Michalski and J. G. Carbonell and T.
		  M. Mitchell",
  title = 	 "Machine Learning: An Artificial Intelligence
		  Approach, Vol. I",
  publisher = 	 "Tioga",
  year = 	 "1983",
  address =	 "Palo Alto, CA"
}

@Book{DudaHart2nd,
  author =       "R. O. Duda and P. E. Hart and D. G. Stork",
  title =        "Pattern Classification",
  publisher =    "John Wiley and Sons",
  edition =      "2nd",
  year =         "2000"
}

@misc{anonymous,
  title= {Suppressed for Anonymity},
  author= {Author, N. N.},
  year= {2021}
}

@InCollection{Newell81,
  author =       "A. Newell and P. S. Rosenbloom",
  title =        "Mechanisms of Skill Acquisition and the Law of
                  Practice", 
  booktitle =    "Cognitive Skills and Their Acquisition",
  pages =        "1--51",
  publisher =    "Lawrence Erlbaum Associates, Inc.",
  year =         "1981",
  editor =       "J. R. Anderson",
  chapter =      "1",
  address =      "Hillsdale, NJ"
}


@Article{Samuel59,
  author = 	 "A. L. Samuel",
  title = 	 "Some Studies in Machine Learning Using the Game of
		  Checkers",
  journal =	 "IBM Journal of Research and Development",
  year =	 "1959",
  volume =	 "3",
  number =	 "3",
  pages =	 "211--229"
}
