@article{berkenkamp2017safe,
  title={Safe model-based reinforcement learning with stability guarantees},
  author={Berkenkamp, Felix and Turchetta, Matteo and Schoellig, Angela and Krause, Andreas},
  journal={Advances in neural information processing systems},
  volume={30},
  year={2017}
}

@article{bhardwaj2024adversarial,
  title={Adversarial model for offline reinforcement learning},
  author={Bhardwaj, Mohak and Xie, Tengyang and Boots, Byron and Jiang, Nan and Cheng, Ching-An},
  journal={Advances in Neural Information Processing Systems},
  volume={36},
  year={2024}
}

@inproceedings{bouhaddi2023multi,
  title={Multi-Environment Training Against Reward Poisoning Attacks on Deep Reinforcement Learning.},
  author={Bouhaddi, Myria and Adi, Kamel},
  booktitle={SECRYPT},
  pages={870--875},
  year={2023}
}

@inproceedings{bouhaddi2024rewards,
  title={When Rewards Deceive: Counteracting Reward Poisoning on Online Deep Reinforcement Learning},
  author={Bouhaddi, Myria and Adi, Kamel},
  booktitle={2024 IEEE International Conference on Cyber Security and Resilience (CSR)},
  pages={38--44},
  year={2024},
  organization={IEEE}
}

@article{bukharin2024robust,
  title={Robust multi-agent reinforcement learning via adversarial regularization: Theoretical foundation and stable algorithms},
  author={Bukharin, Alexander and Li, Yan and Yu, Yue and Zhang, Qingru and Chen, Zhehui and Zuo, Simiao and Zhang, Chao and Zhang, Songan and Zhao, Tuo},
  journal={Advances in Neural Information Processing Systems},
  volume={36},
  year={2024}
}

@article{cai2023reward,
  title={Reward poisoning attacks in deep reinforcement learning based on exploration strategies},
  author={Cai, Kanting and Zhu, Xiangbin and Hu, Zhaolong},
  journal={Neurocomputing},
  volume={553},
  pages={126578},
  year={2023},
  publisher={Elsevier}
}

@inproceedings{chae2022robust,
  title={Robust imitation learning against variations in environment dynamics},
  author={Chae, Jongseong and Han, Seungyul and Jung, Whiyoung and Cho, Myungsik and Choi, Sungho and Sung, Youngchul},
  booktitle={International Conference on Machine Learning},
  pages={2828--2852},
  year={2022},
  organization={PMLR}
}

@book{chinchuluun2008pareto,
  title={Pareto optimality, game theory and equilibria},
  author={Chinchuluun, Altannar and Migdalas, Athanasios and Pardalos, Panos M and Pitsoulis, Leonidas},
  volume={17},
  year={2008},
  publisher={Springer New York}
}

@article{clavier2023towards,
  title={Towards minimax optimality of model-based robust reinforcement learning},
  author={Clavier, Pierre and Pennec, Erwan Le and Geist, Matthieu},
  journal={arXiv preprint arXiv:2302.05372},
  year={2023}
}

@inproceedings{curi2021combining,
  title={Combining pessimism with optimism for robust and efficient model-based deep reinforcement learning},
  author={Curi, Sebastian and Bogunovic, Ilija and Krause, Andreas},
  booktitle={International Conference on Machine Learning},
  pages={2254--2264},
  year={2021},
  organization={PMLR}
}

@article{du2024robust,
  title={Robust multi-agent reinforcement learning via Bayesian distributional value estimation},
  author={Du, Xinqi and Chen, Hechang and Wang, Che and Xing, Yongheng and Yang, Jielong and Philip, S Yu and Chang, Yi and He, Lifang},
  journal={Pattern Recognition},
  volume={145},
  pages={109917},
  year={2024},
  publisher={Elsevier}
}

@article{everett2021certifiable,
  title={Certifiable robustness to adversarial state uncertainty in deep reinforcement learning},
  author={Everett, Michael and L{\"u}tjens, Bj{\"o}rn and How, Jonathan P},
  journal={IEEE Transactions on Neural Networks and Learning Systems},
  volume={33},
  number={9},
  pages={4184--4198},
  year={2021},
  publisher={IEEE}
}

@article{geng2024noise,
  title={Noise Distribution Decomposition based Multi-Agent Distributional Reinforcement Learning},
  author={Geng, Wei and Xiao, Baidi and Li, Rongpeng and Wei, Ning and Wang, Dong and Zhao, Zhifeng},
  journal={IEEE Transactions on Mobile Computing},
  year={2024},
  publisher={IEEE}
}

@article{han2021max,
  title={A max-min entropy framework for reinforcement learning},
  author={Han, Seungyul and Sung, Youngchul},
  journal={Advances in Neural Information Processing Systems},
  volume={34},
  pages={25732--25745},
  year={2021}
}

@article{han2022solution,
  title={What is the solution for state-adversarial multi-agent reinforcement learning?},
  author={Han, Songyang and Su, Sanbao and He, Sihong and Han, Shuo and Yang, Haizhao and Zou, Shaofeng and Miao, Fei},
  journal={arXiv preprint arXiv:2212.02705},
  year={2022}
}

@article{he2022robust,
  title={A robust and constrained multi-agent reinforcement learning framework for electric vehicle amod systems},
  author={He, Sihong and Wang, Yue and Han, Shuo and Zou, Shaofeng and Miao, Fei},
  journal={Dynamics},
  volume={8},
  number={10},
  year={2022}
}

@article{he2023robust,
  title={Robust multi-agent reinforcement learning with state uncertainty},
  author={He, Sihong and Han, Songyang and Su, Sanbao and Han, Shuo and Zou, Shaofeng and Miao, Fei},
  journal={arXiv preprint arXiv:2307.16212},
  year={2023}
}

@article{herremans2024robust,
  title={Robust Model-Based Reinforcement Learning with an Adversarial Auxiliary Model},
  author={Herremans, Siemen and Anwar, Ali and Mercelis, Siegfried},
  journal={arXiv preprint arXiv:2406.09976},
  year={2024}
}

@article{kardecs2011discounted,
  title={Discounted robust stochastic games and an application to queueing control},
  author={Karde{\c{s}}, Erim and Ord{\'o}{\~n}ez, Fernando and Hall, Randolph W},
  journal={Operations research},
  volume={59},
  number={2},
  pages={365--382},
  year={2011},
  publisher={INFORMS}
}

@article{kobayashi2024lira,
  title={LiRA: Light-Robust Adversary for Model-based Reinforcement Learning in Real World},
  author={Kobayashi, Taisuke},
  journal={arXiv preprint arXiv:2409.19617},
  year={2024}
}

@inproceedings{lee2021query,
  title={Query-based targeted action-space adversarial policies on deep reinforcement learning agents},
  author={Lee, Xian Yeow and Esfandiari, Yasaman and Tan, Kai Liang and Sarkar, Soumik},
  booktitle={Proceedings of the ACM/IEEE 12th international conference on cyber-physical systems},
  pages={87--97},
  year={2021}
}

@inproceedings{li2019robust,
  title={Robust multi-agent reinforcement learning via minimax deep deterministic policy gradient},
  author={Li, Shihui and Wu, Yi and Cui, Xinyue and Dong, Honghua and Fang, Fei and Russell, Stuart},
  booktitle={Proceedings of the AAAI conference on artificial intelligence},
  volume={33},
  number={01},
  pages={4213--4220},
  year={2019}
}

@inproceedings{li2020multi,
  title={Multi-agent reinforcement learning based on value distribution},
  author={Li, Ruiqun and Wang, Ruobing and Tian, Tao and Jia, Fukai and Zheng, Zhong},
  booktitle={Journal of Physics: Conference Series},
  volume={1651},
  number={1},
  pages={012017},
  year={2020},
  organization={IOP Publishing}
}

@article{li2023ats,
  title={ATS-O2A: A state-based adversarial attack strategy on deep reinforcement learning},
  author={Li, Xiangjuan and Li, Yang and Feng, Zhaowen and Wang, Zhaoxuan and Pan, Quan},
  journal={Computers \& Security},
  volume={129},
  pages={103259},
  year={2023},
  publisher={Elsevier}
}

@article{li2023byzantine,
  title={Byzantine robust cooperative multi-agent reinforcement learning as a bayesian game},
  author={Li, Simin and Guo, Jun and Xiu, Jingqiao and Xu, Ruixiao and Yu, Xin and Wang, Jiakai and Liu, Aishan and Yang, Yaodong and Liu, Xianglong},
  journal={arXiv preprint arXiv:2305.12872},
  year={2023}
}

@article{li2023mir2,
  title={MIR2: Towards Provably Robust Multi-Agent Reinforcement Learning by Mutual Information Regularization},
  author={Li, Simin and Xu, Ruixiao and Guo, Jun and Feng, Pu and Wang, Jiakai and Liu, Aishan and Yang, Yaodong and Liu, Xianglong and Lv, Weifeng},
  journal={arXiv preprint arXiv:2310.09833},
  year={2023}
}

@inproceedings{lin2020robustness,
  title={On the robustness of cooperative multi-agent reinforcement learning},
  author={Lin, Jieyu and Dzeparoska, Kristina and Zhang, Sai Qian and Leon-Garcia, Alberto and Papernot, Nicolas},
  booktitle={2020 IEEE Security and Privacy Workshops (SPW)},
  pages={62--68},
  year={2020},
  organization={IEEE}
}

@article{liu2024robust,
  title={Robust Deep Reinforcement Learning with Adaptive Adversarial Perturbations in Action Space},
  author={Liu, Qianmei and Kuang, Yufei and Wang, Jie},
  journal={arXiv preprint arXiv:2405.11982},
  year={2024}
}

@article{mankowitz2019robust,
  title={Robust reinforcement learning for continuous control with model misspecification},
  author={Mankowitz, Daniel J and Levine, Nir and Jeong, Rae and Shi, Yuanyuan and Kay, Jackie and Abdolmaleki, Abbas and Springenberg, Jost Tobias and Mann, Timothy and Hester, Todd and Riedmiller, Martin},
  journal={arXiv preprint arXiv:1906.07516},
  year={2019}
}

@inproceedings{panaganti2021sample,
  title={Sample complexity of model-based robust reinforcement learning},
  author={Panaganti, Kishan and Kalathil, Dileep},
  booktitle={2021 60th IEEE Conference on Decision and Control (CDC)},
  pages={2240--2245},
  year={2021},
  organization={IEEE}
}

@article{pattanaik2017robust,
  title={Robust deep reinforcement learning with adversarial attacks},
  author={Pattanaik, Anay and Tang, Zhenyi and Liu, Shuijing and Bommannan, Gautham and Chowdhary, Girish},
  journal={arXiv preprint arXiv:1712.03632},
  year={2017}
}

@inproceedings{phan2021resilient,
  title={Resilient multi-agent reinforcement learning with adversarial value decomposition},
  author={Phan, Thomy and Belzner, Lenz and Gabor, Thomas and Sedlmeier, Andreas and Ritz, Fabian and Linnhoff-Popien, Claudia},
  booktitle={Proceedings of the AAAI Conference on Artificial Intelligence},
  volume={35},
  number={13},
  pages={11308--11316},
  year={2021}
}

@inproceedings{pinto2017robust,
  title={Robust adversarial reinforcement learning},
  author={Pinto, Lerrel and Davidson, James and Sukthankar, Rahul and Gupta, Abhinav},
  booktitle={International conference on machine learning},
  pages={2817--2826},
  year={2017},
  organization={PMLR}
}

@article{qiaoben2024understanding,
  title={Understanding adversarial attacks on observations in deep reinforcement learning},
  author={Qiaoben, You and Ying, Chengyang and Zhou, Xinning and Su, Hang and Zhu, Jun and Zhang, Bo},
  journal={Science China Information Sciences},
  volume={67},
  number={5},
  pages={1--15},
  year={2024},
  publisher={Springer}
}

@article{rakhsha2021reward,
  title={Reward poisoning in reinforcement learning: Attacks against unknown learners in unknown environments},
  author={Rakhsha, Amin and Zhang, Xuezhou and Zhu, Xiaojin and Singla, Adish},
  journal={arXiv preprint arXiv:2102.08492},
  year={2021}
}

@inproceedings{ramesh2024distributionally,
  title={Distributionally robust model-based reinforcement learning with large state spaces},
  author={Ramesh, Shyam Sundhar and Sessa, Pier Giuseppe and Hu, Yifan and Krause, Andreas and Bogunovic, Ilija},
  booktitle={International Conference on Artificial Intelligence and Statistics},
  pages={100--108},
  year={2024},
  organization={PMLR}
}

@article{rigter2022rambo,
  title={Rambo-rl: Robust adversarial model-based offline reinforcement learning},
  author={Rigter, Marc and Lacerda, Bruno and Hawes, Nick},
  journal={Advances in neural information processing systems},
  volume={35},
  pages={16082--16097},
  year={2022}
}

@article{shi2024distributionally,
  title={Distributionally robust model-based offline reinforcement learning with near-optimal sample complexity},
  author={Shi, Laixi and Chi, Yuejie},
  journal={Journal of Machine Learning Research},
  volume={25},
  number={200},
  pages={1--91},
  year={2024}
}

@article{shi2024sample,
  title={Sample-Efficient Robust Multi-Agent Reinforcement Learning in the Face of Environmental Uncertainty},
  author={Shi, Laixi and Mazumdar, Eric and Chi, Yuejie and Wierman, Adam},
  journal={arXiv preprint arXiv:2404.18909},
  year={2024}
}

@inproceedings{sun2023certifiably,
  title={Certifiably robust policy learning against adversarial multi-agent communication},
  author={Sun, Yanchao and Zheng, Ruijie and Hassanzadeh, Parisa and Liang, Yongyuan and Feizi, Soheil and Ganesh, Sumitra and Huang, Furong},
  booktitle={The Eleventh International Conference on Learning Representations},
  year={2023}
}

@inproceedings{tan2020robustifying,
  title={Robustifying reinforcement learning agents via action space adversarial training},
  author={Tan, Kai Liang and Esfandiari, Yasaman and Lee, Xian Yeow and Sarkar, Soumik and others},
  booktitle={2020 American control conference (ACC)},
  pages={3959--3964},
  year={2020},
  organization={IEEE}
}

@inproceedings{tessler2019action,
  title={Action robust reinforcement learning and applications in continuous control},
  author={Tessler, Chen and Efroni, Yonathan and Mannor, Shie},
  booktitle={International Conference on Machine Learning},
  pages={6215--6224},
  year={2019},
  organization={PMLR}
}

@inproceedings{tu2021adversarial,
  title={Adversarial attacks on multi-agent communication},
  author={Tu, James and Wang, Tsunhsuan and Wang, Jingkang and Manivasagam, Sivabalan and Ren, Mengye and Urtasun, Raquel},
  booktitle={Proceedings of the IEEE/CVF International Conference on Computer Vision},
  pages={7768--7777},
  year={2021}
}

@inproceedings{wang2020falsification,
  title={Falsification-based robust adversarial reinforcement learning},
  author={Wang, Xiao and Nair, Saasha and Althoff, Matthias},
  booktitle={2020 19th IEEE International Conference on Machine Learning and Applications (ICMLA)},
  pages={205--212},
  year={2020},
  organization={IEEE}
}

@inproceedings{wang2020reinforcement,
  title={Reinforcement learning with perturbed rewards},
  author={Wang, Jingkang and Liu, Yang and Li, Bo},
  booktitle={Proceedings of the AAAI conference on artificial intelligence},
  volume={34},
  number={04},
  pages={6202--6209},
  year={2020}
}

@inproceedings{wang2022data,
  title={Data-driven robust multi-agent reinforcement learning},
  author={Wang, Yudan and Wang, Yue and Zhou, Yi and Velasquez, Alvaro and Zou, Shaofeng},
  booktitle={2022 IEEE 32nd International Workshop on Machine Learning for Signal Processing (MLSP)},
  pages={1--6},
  year={2022},
  organization={IEEE}
}

@article{wang2023regularization,
  title={Regularization-Adapted Anderson Acceleration for multi-agent reinforcement learning},
  author={Wang, Siying and Chen, Wenyu and Huang, Liwei and Zhang, Fan and Zhao, Zhitong and Qu, Hong},
  journal={Knowledge-Based Systems},
  volume={275},
  pages={110709},
  year={2023},
  publisher={Elsevier}
}

@inproceedings{xu2021mmd,
  title={Mmd-mix: Value function factorisation with maximum mean discrepancy for cooperative multi-agent reinforcement learning},
  author={Xu, Zhiwei and Li, Dapeng and Bai, Yunpeng and Fan, Guoliang},
  booktitle={2021 International Joint Conference on Neural Networks (IJCNN)},
  pages={1--7},
  year={2021},
  organization={IEEE}
}

@article{xu2022efficient,
  title={Efficient reward poisoning attacks on online deep reinforcement learning},
  author={Xu, Yinglun and Zeng, Qi and Singh, Gagandeep},
  journal={arXiv preprint arXiv:2205.14842},
  year={2022}
}

@article{xu2024reward,
  title={Reward Poisoning Attack Against Offline Reinforcement Learning},
  author={Xu, Yinglun and Gumaste, Rohan and Singh, Gagandeep},
  journal={arXiv preprint arXiv:2402.09695},
  year={2024}
}

@article{xue2021mis,
  title={Mis-spoke or mis-lead: Achieving robustness in multi-agent communicative reinforcement learning},
  author={Xue, Wanqi and Qiu, Wei and An, Bo and Rabinovich, Zinovi and Obraztsova, Svetlana and Yeo, Chai Kiat},
  journal={arXiv preprint arXiv:2108.03803},
  year={2021}
}

@article{ye2024towards,
  title={Towards robust model-based reinforcement learning against adversarial corruption},
  author={Ye, Chenlu and He, Jiafan and Gu, Quanquan and Zhang, Tong},
  journal={arXiv preprint arXiv:2402.08991},
  year={2024}
}

@inproceedings{yuan2023robust,
  title={Robust multi-agent coordination via evolutionary generation of auxiliary adversarial attackers},
  author={Yuan, Lei and Zhang, Ziqian and Xue, Ke and Yin, Hao and Chen, Feng and Guan, Cong and Li, Lihe and Qian, Chao and Yu, Yang},
  booktitle={Proceedings of the AAAI Conference on Artificial Intelligence},
  volume={37},
  number={10},
  pages={11753--11762},
  year={2023}
}

@article{yuan2024robust,
  title={Robust cooperative multi-agent reinforcement learning via multi-view message certification},
  author={Yuan, Lei and Jiang, Tao and Li, Lihe and Chen, Feng and Zhang, Zongzhang and Yu, Yang},
  journal={Science China Information Sciences},
  volume={67},
  number={4},
  pages={142102},
  year={2024},
  publisher={Springer}
}

@inproceedings{zhang2020adaptive,
  title={Adaptive reward-poisoning attacks against reinforcement learning},
  author={Zhang, Xuezhou and Ma, Yuzhe and Singla, Adish and Zhu, Xiaojin},
  booktitle={International Conference on Machine Learning},
  pages={11225--11234},
  year={2020},
  organization={PMLR}
}

@article{zhang2020robust,
  title={Robust multi-agent reinforcement learning with model uncertainty},
  author={Zhang, Kaiqing and Sun, Tao and Tao, Yunzhe and Genc, Sahika and Mallya, Sunil and Basar, Tamer},
  journal={Advances in neural information processing systems},
  volume={33},
  pages={10571--10583},
  year={2020}
}

@article{zhang2020robust_1,
  title={Robust deep reinforcement learning against adversarial perturbations on state observations},
  author={Zhang, Huan and Chen, Hongge and Xiao, Chaowei and Li, Bo and Liu, Mingyan and Boning, Duane and Hsieh, Cho-Jui},
  journal={Advances in Neural Information Processing Systems},
  volume={33},
  pages={21024--21037},
  year={2020}
}

@article{zhang2021robust,
  title={Robust reinforcement learning on state observations with learned optimal adversary},
  author={Zhang, Huan and Chen, Hongge and Boning, Duane and Hsieh, Cho-Jui},
  journal={arXiv preprint arXiv:2101.08452},
  year={2021}
}

@article{zhang2023safe,
  title={Safe and robust multi-agent reinforcement learning for connected autonomous vehicles under state perturbations},
  author={Zhang, Zhili and Sun, Yanchao and Huang, Furong and Miao, Fei},
  journal={arXiv preprint arXiv:2309.11057},
  year={2023}
}

@article{zhou2023robust,
  title={A robust mean-field actor-critic reinforcement learning against adversarial perturbations on agent states},
  author={Zhou, Ziyuan and Liu, Guanjun and Zhou, Mengchu},
  journal={IEEE Transactions on Neural Networks and Learning Systems},
  year={2023},
  publisher={IEEE}
}

@article{zhou2024adversarial,
  title={Adversarial Attacks on Multiagent Deep Reinforcement Learning Models in Continuous Action Space},
  author={Zhou, Ziyuan and Liu, Guanjun and Guo, Weiran and Zhou, MengChu},
  journal={IEEE Transactions on Systems, Man, and Cybernetics: Systems},
  year={2024},
  publisher={IEEE}
}

