@inproceedings{5917038,
  author={Zhu, Wei-Heng and Long, Shun},
  booktitle={2011 International Conference on Business Management and Electronic Information}, 
  title={Data extraction and cleansing of semi-structured Chinese texts}, 
  year={2011},
  volume={1},
  number={},
  pages={726-729},
  keywords={Data mining;Merchandise;Manuals;Syntactics;Terminology;Data warehouses;Semantics;data extraction;data cleansing;semi-structured text;Chinese;manual intervention},
  doi={10.1109/ICBMEI.2011.5917038}}

@book{DBLP:books/acm/IlyasC19,
  author       = {Ihab F. Ilyas and
                  Xu Chu},
  title        = {Data Cleaning},
  series       = {{ACM} Books},
  volume       = {28},
  publisher    = {{ACM}},
  year         = {2019},
  url          = {https://doi.org/10.1145/3310205},
  doi          = {10.1145/3310205},
  isbn         = {978-1-4503-7152-0},
  timestamp    = {Fri, 18 Aug 2023 17:50:19 +0200},
  biburl       = {https://dblp.org/rec/books/acm/IlyasC19.bib},
  bibsource    = {dblp computer science bibliography, https://dblp.org}
}

@incollection{DBLP:books/sp/kimrb85/FurtadoC85,
  author       = {Antonio L. Furtado and
                  Marco A. Casanova},
  _editor       = {Won Kim and
                  David S. Reiner and
                  Don S. Batory},
  title        = {Updating Relational Views},
  booktitle    = {Query Processing in Database Systems},
  pages        = {127--142},
  publisher    = {Springer},
  year         = {1985},
  timestamp    = {Wed, 07 Dec 2022 22:58:51 +0100},
  biburl       = {https://dblp.org/rec/books/sp/kimrb85/FurtadoC85.bib},
  bibsource    = {dblp computer science bibliography, https://dblp.org}
}

@inproceedings{DBLP:conf/adbis/KozankiewiczLS03,
  author    = {Hanna Kozankiewicz and
               Jacek Leszczylowski and
               Kazimierz Subieta},
  editor    = {Leonid A. Kalinichenko and
               Rainer Manthey and
               Bernhard Thalheim and
               Uwe Wloka},
  title     = {Updatable {XML} Views},
  booktitle = {Advances in Databases and Information Systems, 7th East European Conference,
               {ADBIS} 2003, Dresden, Germany, September 3-6, 2003, Proceedings},
  series    = {Lecture Notes in Computer Science},
  volume    = {2798},
  pages     = {381--399},
  publisher = {Springer},
  year      = {2003},
  url       = {https://doi.org/10.1007/978-3-540-39403-7\_29},
  doi       = {10.1007/978-3-540-39403-7\_29},
  timestamp = {Sat, 19 Oct 2019 20:00:26 +0200},
  biburl    = {https://dblp.org/rec/conf/adbis/KozankiewiczLS03.bib},
  bibsource = {dblp computer science bibliography, https://dblp.org}
}

@inproceedings{DBLP:conf/cbms/DeshpandeRTFRA20,
  author       = {Priya Deshpande and
                  Alexander Rasin and
                  Roselyne Tchoua and
                  Jacob D. Furst and
                  Daniela Raicu and
                  Sameer K. Antani},
  editor       = {Alba Garc{\'{\i}}a Seco de Herrera and
                  Alejandro Rodr{\'{\i}}guez Gonz{\'{a}}lez and
                  KC Santosh and
                  Zelalem Temesgen and
                  Bridget Kane and
                  Paolo Soda},
  title        = {Enhancing Recall Using Data Cleaning for Biomedical Big Data},
  booktitle    = {33rd {IEEE} International Symposium on Computer-Based Medical Systems,
                  {CBMS} 2020, Rochester, MN, USA, July 28-30, 2020},
  pages        = {265--270},
  publisher    = {{IEEE}},
  year         = {2020},
  url          = {https://doi.org/10.1109/CBMS49503.2020.00057},
  doi          = {10.1109/CBMS49503.2020.00057},
  timestamp    = {Mon, 16 Jan 2023 08:52:16 +0100},
  biburl       = {https://dblp.org/rec/conf/cbms/DeshpandeRTFRA20.bib},
  bibsource    = {dblp computer science bibliography, https://dblp.org}
}

@Inproceedings{DBLP:conf/chi/KinHDA12,
  author    = "Kenrick Kin and
               Bj{\"o}rn Hartmann and
               Tony DeRose and
               Maneesh Agrawala",
  title     = "Proton: multitouch gestures as regular expressions",
  booktitle = "{ACM} Conference on Human Factors in Computing Systems",
  pages     = "2885--2894",
  year      = "2012", 
  _crossref  = "DBLP:conf/chi/2012",
  doi       = "10.1145/2207676.2208694",
  timestamp = "Tue, 06 Nov 2018 16:58:44 +0100",
  biburl    = "https://dblp.org/rec/bib/conf/chi/KinHDA12",
  bibsource = "dblp computer science bibliography, https://dblp.org"
}

@inproceedings{DBLP:conf/icde/ChuIP13,
  author       = {Xu Chu and
                  Ihab F. Ilyas and
                  Paolo Papotti},
  editor       = {Christian S. Jensen and
                  Christopher M. Jermaine and
                  Xiaofang Zhou},
  title        = {Holistic data cleaning: Putting violations into context},
  booktitle    = {29th {IEEE} International Conference on Data Engineering, {ICDE} 2013,
                  Brisbane, Australia, April 8-12, 2013},
  pages        = {458--469},
  publisher    = {{IEEE} Computer Society},
  year         = {2013},
  url          = {https://doi.org/10.1109/ICDE.2013.6544847},
  doi          = {10.1109/ICDE.2013.6544847},
  timestamp    = {Fri, 24 Mar 2023 00:00:01 +0100},
  biburl       = {https://dblp.org/rec/conf/icde/ChuIP13.bib},
  bibsource    = {dblp computer science bibliography, https://dblp.org}
}

@inproceedings{DBLP:conf/icde/QinHWZZM0O024,
  author       = {Jianbin Qin and
                  Sifan Huang and
                  Yaoshu Wang and
                  Jing Zhu and
                  Yifan Zhang and
                  Yukai Miao and
                  Rui Mao and
                  Makoto Onizuka and
                  Chuan Xiao},
  title        = {BClean: {A} Bayesian Data Cleaning System},
  booktitle    = {40th {IEEE} International Conference on Data Engineering, {ICDE} 2024,
                  Utrecht, The Netherlands, May 13-16, 2024},
  pages        = {3407--3420},
  publisher    = {{IEEE}},
  year         = {2024},
  url          = {https://doi.org/10.1109/ICDE60146.2024.00263},
  doi          = {10.1109/ICDE60146.2024.00263},
  timestamp    = {Mon, 29 Jul 2024 16:48:43 +0200},
  biburl       = {https://dblp.org/rec/conf/icde/QinHWZZM0O024.bib},
  bibsource    = {dblp computer science bibliography, https://dblp.org}
}

@inproceedings{DBLP:conf/icdt/BunemanKT01,
  author    = {Peter Buneman and
               Sanjeev Khanna and
               Wang Chiew Tan},
  title     = {Why and Where: {A} Characterization of Data Provenance},
  booktitle = {Proceedings of 4th Int. Conference on Database Theory ({ICDT} 2001)},
  pages     = {316--330},
  year      = {2001},
  url       = {https://doi.org/10.1007/3-540-44503-X\_20},
  doi       = {10.1007/3-540-44503-X\_20},
  timestamp = {Wed, 24 May 2017 15:40:45 +0200},
  biburl    = {https://dblp.org/rec/bib/conf/icdt/BunemanKT01},
  bibsource = {dblp computer science bibliography, https://dblp.org}
}

@Inproceedings{DBLP:conf/sigmod/ChaiVDN09,
  author    = "Xiaoyong Chai and
               Ba{-}Quy Vuong and
               AnHai Doan and
               Jeffrey F. Naughton",
  title     = "Efficiently incorporating user feedback into information extraction  and integration programs",
  booktitle = "Proceedings of the {ACM} {SIGMOD} International Conference on Management
               of Data",
  pages     = "87--100",
  year      = "2009",
  address =      "Rhode Island USA",
 publisher = "{{ACM}}",
  url       = "https://doi.org/10.1145/1559845.1559857",
  doi       = "10.1145/1559845.1559857",
  timestamp = "Tue, 06 Nov 2018 11:07:39 +0100",
  biburl    = "https://dblp.org/rec/bib/conf/sigmod/ChaiVDN09",
  bibsource = "dblp computer science bibliography, https://dblp.org"
}

@inproceedings{DBLP:conf/vldb/AbiteboulMRVW98,
  author       = "Serge Abiteboul and
                  Jason McHugh and
                  Michael Rys and
                  Vasilis Vassalos and
                  Janet L. Wiener",
  editor       = "Ashish Gupta and
                  Oded Shmueli and
                  Jennifer Widom",
  title        = "Incremental Maintenance for Materialized Views over Semistructured
                  Data",
  booktitle    = "VLDB'98, Proceedings of 24rd International Conference on Very Large
                  Data Bases, August 24-27, 1998, New York City, New York, {USA}",
  pages        = "38--49",
  publisher    = "Morgan Kaufmann",
  year         = "1998",
  url          = "http://www.vldb.org/conf/1998/p038.pdf",
  timestamp    = "Thu, 12 Mar 2020 11:34:00 +0100",
  biburl       = "https://dblp.org/rec/conf/vldb/AbiteboulMRVW98.bib",
  bibsource    = "dblp computer science bibliography, https://dblp.org"
}

@article{DBLP:journals/algorithmica/MedeirosT86,
  author    = {Claudia Bauzer Medeiros and
               Frank Wm. Tompa},
  title     = {Understanding the Implications of View Update Policies},
  journal   = {Algorithmica},
  volume    = {1},
  number    = {3},
  pages     = {337--360},
  year      = {1986},
  url       = {https://doi.org/10.1007/BF01840451},
  doi       = {10.1007/BF01840451},
  timestamp = {Fri, 02 Nov 2018 09:32:58 +0100},
  biburl    = {https://dblp.org/rec/bib/journals/algorithmica/MedeirosT86},
  bibsource = {dblp computer science bibliography, https://dblp.org}
}

@article{DBLP:journals/computer/Keller86,
  author       = {Arthur M. Keller},
  title        = {The Role of Semantics in Translating View Updates},
  journal      = {Computer},
  volume       = {19},
  number       = {1},
  pages        = {63--73},
  year         = {1986},
  url          = {https://doi.org/10.1109/MC.1986.1663034},
  doi          = {10.1109/MC.1986.1663034},
  timestamp    = {Wed, 12 Aug 2020 10:31:54 +0200},
  biburl       = {https://dblp.org/rec/journals/computer/Keller86.bib},
  bibsource    = {dblp computer science bibliography, https://dblp.org}
}

@article{DBLP:journals/corr/abs-2305-06311,
  author       = {Xiang Yue and
                  Boshi Wang and
                  Kai Zhang and
                  Ziru Chen and
                  Yu Su and
                  Huan Sun},
  title        = {Automatic Evaluation of Attribution by Large Language Models},
  journal      = {CoRR},
  volume       = {abs/2305.06311},
  year         = {2023},
  url          = {https://doi.org/10.48550/arXiv.2305.06311},
  doi          = {10.48550/arXiv.2305.06311},
  eprinttype    = {arXiv},
  eprint       = {2305.06311},
  timestamp    = {Wed, 31 May 2023 19:02:38 +0200},
  biburl       = {https://dblp.org/rec/journals/corr/abs-2305-06311.bib},
  bibsource    = {dblp computer science bibliography, https://dblp.org}
}

@article{DBLP:journals/corr/abs-2307-15343,
  author       = {Logesh Kumar Umapathi and
                  Ankit Pal and
                  Malaikannan Sankarasubbu},
  title        = {Med-HALT: Medical Domain Hallucination Test for Large Language Models},
  journal      = {CoRR},
  volume       = {abs/2307.15343},
  year         = {2023},
  url          = {https://doi.org/10.48550/arXiv.2307.15343},
  doi          = {10.48550/ARXIV.2307.15343},
  eprinttype    = {arXiv},
  eprint       = {2307.15343},
  timestamp    = {Wed, 02 Aug 2023 15:37:53 +0200},
  biburl       = {https://dblp.org/rec/journals/corr/abs-2307-15343.bib},
  bibsource    = {dblp computer science bibliography, https://dblp.org}
}

@article{DBLP:journals/corr/abs-2309-01029,
  author       = {Haiyan Zhao and
                  Hanjie Chen and
                  Fan Yang and
                  Ninghao Liu and
                  Huiqi Deng and
                  Hengyi Cai and
                  Shuaiqiang Wang and
                  Dawei Yin and
                  Mengnan Du},
  title        = {Explainability for Large Language Models: {A} Survey},
  journal      = {CoRR},
  volume       = {abs/2309.01029},
  year         = {2023},
  url          = {https://doi.org/10.48550/arXiv.2309.01029},
  doi          = {10.48550/ARXIV.2309.01029},
  eprinttype    = {arXiv},
  eprint       = {2309.01029},
  timestamp    = {Mon, 11 Sep 2023 16:01:35 +0200},
  biburl       = {https://dblp.org/rec/journals/corr/abs-2309-01029.bib},
  bibsource    = {dblp computer science bibliography, https://dblp.org}
}

@article{DBLP:journals/fcsc/LiLLC19,
  author       = {Weibang Li and
                  Ling Li and
                  Zhanhuai Li and
                  Mengtian Cui},
  title        = {Statistical relational learning based automatic data cleaning},
  journal      = {Frontiers Comput. Sci.},
  volume       = {13},
  number       = {1},
  pages        = {215--217},
  year         = {2019},
  url          = {https://doi.org/10.1007/s11704-018-7066-4},
  doi          = {10.1007/S11704-018-7066-4},
  timestamp    = {Sun, 06 Oct 2024 21:27:53 +0200},
  biburl       = {https://dblp.org/rec/journals/fcsc/LiLLC19.bib},
  bibsource    = {dblp computer science bibliography, https://dblp.org}
}

@article{DBLP:journals/fmsd/YuABI14,
  author       = "Fang Yu and
                  Muath Alkhalaf and
                  Tevfik Bultan and
                  Oscar H. Ibarra",
  title        = "Automata-based symbolic string analysis for vulnerability detection",
  journal      = "Formal Methods in System Design",
  volume       = "44",
  number       = "1",
  pages        = "44--70",
  year         = "2014",
  url          = "https://doi.org/10.1007/s10703-013-0189-1",
  doi          = "10.1007/s10703-013-0189-1",
  timestamp    = "Thu, 23 Dec 2021 10:30:13 +0100",
  biburl       = "https://dblp.org/rec/journals/fmsd/YuABI14.bib",
  bibsource    = "dblp computer science bibliography, https://dblp.org"
}

@article{DBLP:journals/ftdb/CheneyCT09,
  author    = {James Cheney and
               Laura Chiticariu and
               Wang Chiew Tan},
  title     = {Provenance in Databases: Why, How, and Where},
  journal   = {Foundations and Trends in Databases},
  volume    = {1},
  number    = {4},
  pages     = {379--474},
  year      = {2009},
  doi       = {10.1561/1900000006},
  timestamp = {Fri, 26 May 2017 22:55:02 +0200},
  biburl    = {https://dblp.org/rec/bib/journals/ftdb/CheneyCT09},
}

@article{DBLP:journals/ftdb/Sarawagi08,
	author    = "Sunita Sarawagi",
	title     = "Information Extraction",
	journal   = "Foundations and Trends in Databases",
	volume    = "1",
	number    = "3",
	pages     = "261--377",
	year      = "2008",
	timestamp = "Fri, 26 May 2017 22:55:02 +0200",
	biburl    = "http://dblp.uni-trier.de/rec/bib/journals/ftdb/Sarawagi08",
	bibsource = "dblp computer science bibliography, http://dblp.org"
}

@article{DBLP:journals/is/FurtadoSS79,
  author       = {Antonio L. Furtado and
                  Kenneth C. Sevcik and
                  Clesio Saraiva dos Santos},
  title        = {Permitting updates through views of data bases},
  journal      = { Information Systems},
  volume       = {4},
  number       = {4},
  pages        = {269--283},
  year         = {1979},
  url          = {https://doi.org/10.1016/0306-4379(79)90021-8},
  doi          = {10.1016/0306-4379(79)90021-8},
  timestamp    = {Wed, 07 Dec 2022 22:58:47 +0100},
  biburl       = {https://dblp.org/rec/journals/is/FurtadoSS79.bib},
  bibsource    = {dblp computer science bibliography, https://dblp.org}
}

@article{DBLP:journals/is/HuangMC20,
  author       = {Yu Huang and
                  Mostafa Milani and
                  Fei Chiang},
  title        = {Privacy-aware data cleaning-as-a-service},
  journal      = {Inf. Syst.},
  volume       = {94},
  pages        = {101608},
  year         = {2020},
  url          = {https://doi.org/10.1016/j.is.2020.101608},
  doi          = {10.1016/J.IS.2020.101608},
  timestamp    = {Fri, 20 Jan 2023 11:19:00 +0100},
  biburl       = {https://dblp.org/rec/journals/is/HuangMC20.bib},
  bibsource    = {dblp computer science bibliography, https://dblp.org}
}

@article{DBLP:journals/jdiq/PereiraFLG24,
  author       = {Jo{\~{a}}o L. M. Pereira and
                  Manuel J. Fonseca and
                  Ant{\'{o}}nia Lopes and
                  Helena Galhardas},
  title        = {Cleenex: Support for User Involvement during an Iterative Data Cleaning
                  Process},
  journal      = {{ACM} J. Data Inf. Qual.},
  volume       = {16},
  number       = {1},
  pages        = {6:1--6:26},
  year         = {2024},
  url          = {https://doi.org/10.1145/3648476},
  doi          = {10.1145/3648476},
  timestamp    = {Tue, 07 May 2024 20:24:39 +0200},
  biburl       = {https://dblp.org/rec/journals/jdiq/PereiraFLG24.bib},
  bibsource    = {dblp computer science bibliography, https://dblp.org}
}

@article{DBLP:journals/pvldb/ChuI16,
  author       = {Xu Chu and
                  Ihab F. Ilyas},
  title        = {Qualitative Data Cleaning},
  journal      = {Proc. {VLDB} Endow.},
  volume       = {9},
  number       = {13},
  pages        = {1605--1608},
  year         = {2016},
  url          = {http://www.vldb.org/pvldb/vol9/p1605-chu.pdf},
  doi          = {10.14778/3007263.3007320},
  timestamp    = {Sat, 25 Apr 2020 13:59:12 +0200},
  biburl       = {https://dblp.org/rec/journals/pvldb/ChuI16.bib},
  bibsource    = {dblp computer science bibliography, https://dblp.org}
}

@article{DBLP:journals/pvldb/DingWSLLG19,
  author       = {Xiaoou Ding and
                  Hongzhi Wang and
                  Jiaxuan Su and
                  Zijue Li and
                  Jianzhong Li and
                  Hong Gao},
  title        = {Cleanits: {A} Data Cleaning System for Industrial Time Series},
  journal      = {Proc. {VLDB} Endow.},
  volume       = {12},
  number       = {12},
  pages        = {1786--1789},
  year         = {2019},
  url          = {http://www.vldb.org/pvldb/vol12/p1786-ding.pdf},
  doi          = {10.14778/3352063.3352066},
  timestamp    = {Wed, 06 Jan 2021 14:57:31 +0100},
  biburl       = {https://dblp.org/rec/journals/pvldb/DingWSLLG19.bib},
  bibsource    = {dblp computer science bibliography, https://dblp.org}
}

@article{DBLP:journals/pvldb/MeliouGS11,
  author       = {Alexandra Meliou and
                  Wolfgang Gatterbauer and
                  Dan Suciu},
  title        = {Reverse Data Management},
  journal      = {Proceedings of the {VLDB} Endowment},
  volume       = {4},
  number       = {12},
  pages        = {1490--1493},
  year         = {2011},
  url          = {http://www.vldb.org/pvldb/vol4/p1490-meliou.pdf},
  timestamp    = {Sat, 25 Apr 2020 13:59:09 +0200},
  biburl       = {https://dblp.org/rec/journals/pvldb/MeliouGS11.bib},
  bibsource    = {dblp computer science bibliography, https://dblp.org}
}

@article{DBLP:journals/pvldb/RekatsinasCIR17,
  author       = {Theodoros Rekatsinas and
                  Xu Chu and
                  Ihab F. Ilyas and
                  Christopher R{\'{e}}},
  title        = {HoloClean: Holistic Data Repairs with Probabilistic Inference},
  journal      = {Proc. {VLDB} Endow.},
  volume       = {10},
  number       = {11},
  pages        = {1190--1201},
  year         = {2017},
  url          = {http://www.vldb.org/pvldb/vol10/p1190-rekatsinas.pdf},
  doi          = {10.14778/3137628.3137631},
  timestamp    = {Mon, 26 Oct 2020 08:50:12 +0100},
  biburl       = {https://dblp.org/rec/journals/pvldb/RekatsinasCIR17.bib},
  bibsource    = {dblp computer science bibliography, https://dblp.org}
}

@article{DBLP:journals/tissec/MurataTKH06,
  author    = "Makoto Murata and
               Akihiko Tozawa and
               Michiharu Kudo and
               Satoshi Hada",
  title     = "{XML} access control using static analysis",
  journal   = "{ACM} Transactions on Information and System Security (TISSEC)",
  volume    = "9",
  number    = "3",
  pages     = "292--324",
  year      = "2006",
  doi       = "10.1145/1178618.1178621",
  timestamp = "Sat, 24 Nov 2018 11:58:38 +0100",
  biburl    = "https://dblp.org/rec/bib/journals/tissec/MurataTKH06",
  bibsource = "dblp computer science bibliography, https://dblp.org"
}

@article{DBLP:journals/tods/DayalB82,
  author    = {Umeshwar Dayal and
               Philip A. Bernstein},
  title     = {On the Correct Translation of Update Operations on Relational Views},
  journal   = {{ACM} Transactions Database Systems},
  volume    = {7},
  number    = {3},
  pages     = {381--416},
  year      = {1982},
  url       = {https://doi.org/10.1145/319732.319740},
  doi       = {10.1145/319732.319740},
  timestamp = {Tue, 06 Nov 2018 12:51:47 +0100},
  biburl    = {https://dblp.org/rec/journals/tods/DayalB82.bib},
  bibsource = {dblp computer science bibliography, https://dblp.org}
}

@article{DBLP:journals/tosem/WassermannGSD07,
  author       = "Gary Wassermann and
                  Carl Gould and
                  Zhendong Su and
                  Premkumar T. Devanbu",
  title        = "Static checking of dynamically generated queries in database applications",
  journal      = "ACM Transactions on Software Engineering and Methodology (TOSEM)",
  volume       = "16",
  number       = "4",
  pages        = "14",
  year         = "2007",
  url          = "https://doi.org/10.1145/1276933.1276935",
  doi          = "10.1145/1276933.1276935",
  timestamp    = "Tue, 30 Nov 2021 15:21:24 +0100",
  biburl       = "https://dblp.org/rec/journals/tosem/WassermannGSD07.bib",
  bibsource    = "dblp computer science bibliography, https://dblp.org"
}

@phdthesis{DBLP:phd/basesearch/Saxena21,
  author       = {Hemant Saxena},
  title        = {Scalability aspects of data cleaning},
  school       = {Cheriton School of Computer Science, University of Waterloo},
  address      = {Ontario, Canada},
  year         = {2021},
  url          = {https://hdl.handle.net/10012/16749},
  timestamp    = {Wed, 04 May 2022 13:00:54 +0200},
  biburl       = {https://dblp.org/rec/phd/basesearch/Saxena21.bib},
  bibsource    = {dblp computer science bibliography, https://dblp.org}
}

@phdthesis{DBLP:phd/us/Ebaid19,
  author       = {Amr Ebaid},
  title        = {A Systems Approach to Rule-Based Data Cleaning},
  school       = {Purdue University},
  address      = {West Lafayette, IN, USA},
  year         = {2019},
  url          = {https://docs.lib.purdue.edu/dissertations/AAI30502078},
  timestamp    = {Wed, 26 Jun 2024 08:34:40 +0200},
  biburl       = {https://dblp.org/rec/phd/us/Ebaid19.bib},
  bibsource    = {dblp computer science bibliography, https://dblp.org}
}

@incollection{DBLP:reference/bdt/Chu19,
  author       = {Xu Chu},
  editor       = {Sherif Sakr and
                  Albert Y. Zomaya},
  title        = {Data Cleaning},
  booktitle    = {Encyclopedia of Big Data Technologies},
  publisher    = {Springer},
  year         = {2019},
  url          = {https://doi.org/10.1007/978-3-319-63962-8\_3-1},
  doi          = {10.1007/978-3-319-63962-8\_3-1},
  timestamp    = {Thu, 14 Feb 2019 16:03:55 +0100},
  biburl       = {https://dblp.org/rec/reference/bdt/Chu19.bib},
  bibsource    = {dblp computer science bibliography, https://dblp.org}
}

@misc{GPTRep,
  author = {{Open AI}},
  title = {Introducing ChatGPT.},
  howpublished = {\url{https://openai.com/blog/chatgpt}},
journal={business},
  note = {Accessed: 2023-11-02}
}

@article{gaizauskas1998information,
  title="Information extraction: Beyond document retrieval",
  author="Gaizauskas, Robert and Wilks, Yorick",
  journal="Journal of Documentation",
  volume="54",
  number="1",
  pages="70--105",
  year="1998",
  publisher="MCB UP Ltd"
}

@article{liu2010automatic,
  title={Automatic rule refinement for information extraction},
  author={Liu, Bin and Chiticariu, Laura and Chu, Vivian and Jagadish, HV and Reiss, Frederick R.},
  journal={Proceedings of the {VLDB} Endowment},
  volume={3},
  number={1-2},
  pages={588--597},
  year={2010},
  publisher={VLDB Endowment}
}

@inproceedings{roy2013provenance,
  title={Provenance-based dictionary refinement in information extraction},
  author={Roy, Sudeepa and Chiticariu, Laura and Feldman, Vitaly and Reiss, Frederick R and Zhu, Huaiyu},
  booktitle={Proceedings of the ACM SIGMOD International Conference on Management of Data, SIGMOD},
  pages={457--468},
  year={2013},
  organization={ACM}
}

