@article{sylolypavan2023impact,
  title={The impact of inconsistent human annotations on AI driven clinical decision making},
  author={Sylolypavan, Aneeta and Sleeman, Derek and Wu, Honghan and Sim, Malcolm},
  journal={NPJ Digital Medicine},
  volume={6},
  number={1},
  pages={26},
  year={2023},
  publisher={Nature Publishing Group UK London}
}

@article{sectorclassify1,
   author = {Habib, Shaheer and Ahmad, Mubashir and Haq, Yasin Ul and Sana, Rabia and Muneer, Asia and Waseem, Muhammad and Pathan, Muhammad Salman and Dev, Soumyabrata},
   title = {Advancing Taxonomic Classification through Deep Learning: A Robust Artificial Intelligence Framework for Species Identification Using Natural Images},
   journal = {IEEE Access},
   ISSN = {2169-3536},
   year = {2024},
   type = {Journal Article}
}

@article{sectorclassify2,
   author = {Kim, Daejin and Kang, Hyoung-Goo and Bae, Kyounghun and Jeon, Seongmin},
   title = {An artificial intelligence-enabled industry classification and its interpretation},
   journal = {Internet Research},
   volume = {32},
   number = {2},
   pages = {406-424},
   ISSN = {1066-2243},
   year = {2022},
   type = {Journal Article}
}

@article{emission1,
   author = {Holding, Matthew},
   title = {Australia’s regulation of scope 3 emissions},
   journal = {The APPEA Journal},
   volume = {63},
   number = {2},
   pages = {S391-S394},
   ISSN = {2206-8996},
   year = {2023},
   type = {Journal Article}
}

@inproceedings{sectorclassify3,
   author = {Wood, Sam and Muthyala, Rohit and Jin, Yi and Qin, Yixing and Rukadikar, Nilaj and Rai, Amit and Gao, Hua},
   title = {Automated industry classification with deep learning},
   booktitle = {2017 IEEE International Conference on Big Data (Big Data)},
   publisher = {IEEE},
   pages = {122-129},
   ISBN = {1538627159},
   type = {Conference Proceedings}
}

@article{contractiveBYOL,
   author = {Grill, Jean-Bastien and Strub, Florian and Altché, Florent and Tallec, Corentin and Richemond, Pierre and Buchatskaya, Elena and Doersch, Carl and Avila Pires, Bernardo and Guo, Zhaohan and Gheshlaghi Azar, Mohammad},
   title = {Bootstrap your own latent-a new approach to self-supervised learning},
   journal = {Advances in neural information processing systems},
   volume = {33},
   pages = {21271-21284},
   year = {2020},
   type = {Journal Article}
}

@book{sectorclassify4,
   author = {Roelands, Maarten and van Delden, Arnout and Windmeijer, Dick},
   title = {Classifying businesses by economic activity using web-based text mining},
   publisher = {Statistics Netherlands},
   year = {2018},
   type = {Book}
}

@inproceedings{sectorclassify5,
   author = {Maynard, Diana and Funk, Adam},
   title = {Combining expert knowledge with NLP for specialised applications},
   booktitle = {International Conference on Text, Speech, and Dialogue},
   publisher = {Springer},
   pages = {3-10},
   type = {Conference Proceedings}
}

@article{sectorclassify6,
   author = {Husmann, Sven and Shivarova, Antoniya and Steinert, Rick},
   title = {Company classification using machine learning},
   journal = {Expert Systems with Applications},
   volume = {195},
   pages = {116598},
   ISSN = {0957-4174},
   year = {2022},
   type = {Journal Article}
}

@inproceedings{sectorclassify7,
   author = {Song, Qunying and Engström, Emelie and Runeson, Per},
   title = {Concepts in testing of autonomous systems: Academic literature and industry practice},
   booktitle = {2021 IEEE/ACM 1st Workshop on AI Engineering-Software Engineering for AI (WAIN)},
   publisher = {IEEE},
   pages = {74-81},
   ISBN = {1665444703},
   type = {Conference Proceedings}
}

@inproceedings{expert1,
   author = {Mirikharaji, Zahra and Abhishek, Kumar and Izadi, Saeed and Hamarneh, Ghassan},
   title = {D-lema: Deep learning ensembles from multiple annotations-application to skin lesion segmentation},
   booktitle = {Proceedings of the IEEE/CVF Conference on Computer Vision and Pattern Recognition},
   pages = {1837-1846},
   type = {Conference Proceedings}
}

@article{augmentation1,
   author = {Li, Bohan and Hou, Yutai and Che, Wanxiang},
   title = {Data augmentation approaches in natural language processing: A survey},
   journal = {Ai Open},
   volume = {3},
   pages = {71-90},
   ISSN = {2666-6510},
   year = {2022},
   type = {Journal Article}
}

@inproceedings{sectorclassify8,
   author = {Wen, Kang and Guo, Zhaoxia and Huang, Tao and Guo, Feng},
   title = {Domain Knowledge-Enhanced Contrastive Learning for Industry Classification of Enterprises},
   booktitle = {2024 IEEE 4th International Conference on Software Engineering and Artificial Intelligence (SEAI)},
   publisher = {IEEE},
   pages = {210-214},
   ISBN = {9798350374346},
   type = {Conference Proceedings}
}

@article{emission2,
   author = {Heinkel, Robert and Kraus, Alan and Zechner, Josef},
   title = {The effect of green investment on corporate behavior},
   journal = {Journal of financial and quantitative analysis},
   volume = {36},
   number = {4},
   pages = {431-449},
   ISSN = {1756-6916},
   year = {2001},
   type = {Journal Article}
}

@article{MNRloss,
   author = {Henderson, Matthew and Al-Rfou, Rami and Strope, Brian and Sung, Yun-Hsuan and Lukács, László and Guo, Ruiqi and Kumar, Sanjiv and Miklos, Balint and Kurzweil, Ray},
   title = {Efficient natural language response suggestion for smart reply},
   journal = {arXiv preprint arXiv:1705.00652},
   year = {2017},
   type = {Journal Article}
}

@article{sectorclassify11,
   author = {Yang, Baocheng and Zhang, Bing and Cutsforth, Kevin and Yu, Shanfu and Yu, Xiaowen},
   title = {Emerging Industry Classification Based on BERT Model},
   journal = {Information Systems},
   pages = {102484},
   ISSN = {0306-4379},
   year = {2024},
   type = {Journal Article}
}

@article{Exiobase,
   author = {Stadler, Konstantin and Wood, Richard and Bulavskaya, Tatyana and Södersten, Carl‐Johan and Simas, Moana and Schmidt, Sarah and Usubiaga, Arkaitz and Acosta‐Fernández, José and Kuenen, Jeroen and Bruckner, Martin},
   title = {EXIOBASE 3: Developing a time series of detailed environmentally extended multi‐regional input‐output tables},
   journal = {Journal of Industrial Ecology},
   volume = {22},
   number = {3},
   pages = {502-515},
   ISSN = {1088-1980},
   year = {2018},
   type = {Journal Article}
}

@article{ExioML,
   author = {Guo, Yanming and Guan, Charles and Ma, Jin},
   title = {ExioML: Eco-economic dataset for Machine Learning in Global Sectoral Sustainability},
   journal = {arXiv preprint arXiv:2406.09046},
   year = {2024},
   type = {Journal Article}
}

@article{sectorclassify12,
   author = {Zhao, Xiaohang and Fang, Xiao and He, Jing and Huang, Lihua},
   title = {Exploiting expert knowledge for assigning firms to industries: A novel deep learning method},
   journal = {arXiv preprint arXiv:2209.05943},
   year = {2022},
   type = {Journal Article}
}

@inproceedings{Siamese,
   author = {Chen, Xinlei and He, Kaiming},
   title = {Exploring simple siamese representation learning},
   booktitle = {Proceedings of the IEEE/CVF conference on computer vision and pattern recognition},
   pages = {15750-15758},
   type = {Conference Proceedings}
}

@article{Scope_3,
   author = {Hertwich, Edgar G and Wood, Richard},
   title = {The growing importance of scope 3 greenhouse gas emissions from industry},
   journal = {Environmental Research Letters},
   volume = {13},
   number = {10},
   pages = {104013},
   ISSN = {1748-9326},
   year = {2018},
   type = {Journal Article}
}

@article{aug_apple,
   author = {Longpre, Shayne and Wang, Yu and DuBois, Christopher},
   title = {How effective is task-agnostic data augmentation for pretrained transformers?},
   journal = {arXiv preprint arXiv:2010.01764},
   year = {2020},
   type = {Journal Article}
}

@article{sectorclassify9,
   author = {Ocicka, Barbara and Rogowski, Waldemar and Turek, Jolanta},
   title = {Industry 4.0 technologies as enablers of sustainability risk management},
   journal = {Ekonomia i Prawo. Economics and Law},
   volume = {21},
   number = {4},
   pages = {727-740},
   ISSN = {2392-1625},
   year = {2022},
   type = {Journal Article}
}

@article{esg,
   author = {Chen, Ying and Zhang, Zili},
   title = {Industry Heterogeneity and the Economic Consequences of Corporate ESG Performance for Good or Bad: A Firm Value Perspective},
   journal = {Sustainability},
   volume = {16},
   number = {15},
   pages = {6506},
   ISSN = {2071-1050},
   year = {2024},
   type = {Journal Article}
}

@article{Knowledge,
   author = {Li, Hao and Yang, Rongzheng and Xu, Shuangshuang and Xiao, Yao and Zhao, Hongyu},
   title = {Intelligent Checking Method for Construction Schemes via Fusion of Knowledge Graph and Large Language Models},
   journal = {Buildings},
   volume = {14},
   number = {8},
   pages = {2502},
   ISSN = {2075-5309},
   year = {2024},
   type = {Journal Article}
}

@article{gov,
   author = {Li, Junjie and Zhang, Bei and Dai, Xin and Qi, Meng and Liu, Bangfan},
   title = {Knowledge Ecology and Policy Governance of Green Finance in China—Evidence from 2469 Studies},
   journal = {International Journal of Environmental Research and Public Health},
   volume = {20},
   number = {1},
   pages = {202},
   ISSN = {1660-4601},
   year = {2022},
   type = {Journal Article}
}

@inproceedings{CLIP,
   author = {Radford, Alec and Kim, Jong Wook and Hallacy, Chris and Ramesh, Aditya and Goh, Gabriel and Agarwal, Sandhini and Sastry, Girish and Askell, Amanda and Mishkin, Pamela and Clark, Jack},
   title = {Learning transferable visual models from natural language supervision},
   booktitle = {International conference on machine learning},
   publisher = {PMLR},
   pages = {8748-8763},
   ISBN = {2640-3498},
   type = {Conference Proceedings}
}

@inproceedings{MoCo,
   author = {He, Kaiming and Fan, Haoqi and Wu, Yuxin and Xie, Saining and Girshick, Ross},
   title = {Momentum contrast for unsupervised visual representation learning},
   booktitle = {Proceedings of the IEEE/CVF conference on computer vision and pattern recognition},
   pages = {9729-9738},
   type = {Conference Proceedings}
}

@article{sectorclassify10,
   author = {Oehlert, Christine and Schulz, Evan and Parker, Anne},
   title = {Naics code prediction using supervised methods},
   journal = {Statistics and Public Policy},
   volume = {9},
   number = {1},
   pages = {58-66},
   ISSN = {2330-443X},
   year = {2022},
   type = {Journal Article}
}

@article{CarbonInequalityNetwork,
   author = {Guo, Yanming and Guan, Charles and Ma, Jin},
   title = {Quantitative Global Carbon Inequality Network},
   journal = {arXiv preprint arXiv:2406.16092},
   year = {2024},
   type = {Journal Article}
}

@article{ayres1995life,
  title={Life cycle analysis: A critique},
  author={Ayres, Robert U},
  journal={Resources, conservation and recycling},
  volume={14},
  number={3-4},
  pages={199--223},
  year={1995},
  publisher={Elsevier}
}

@article{afolabi2023exploration,
  title={Exploration of small and medium entities' actions on sustainability practices and their implications for a greener economy},
  author={Afolabi, Hammed and Ram, Ronita and Hussainey, Khaled and Nandy, Monomita and Lodh, Suman},
  journal={Journal of Applied Accounting Research},
  volume={24},
  number={4},
  pages={655--681},
  year={2023},
  publisher={Emerald Publishing Limited}
}

@article{murphy1998introducing,
  title={Introducing the North American industry classification system},
  author={Murphy, John B},
  journal={Monthly Lab. Rev.},
  volume={121},
  pages={43},
  year={1998},
  publisher={HeinOnline}
}

@article{climate,
   author = {Habrylevych, Oleksiy and Nikytenko, Dmytro},
   title = {The Role Of Investment Financing In The Operation Of A Oil Refinery},
   journal = {Three Seas Economic Journal},
   volume = {4},
   number = {3},
   pages = {9-14},
   ISSN = {2661-5290},
   year = {2023},
   type = {Journal Article}
}

@article{climateNLP,
   author = {Rosenberg, Emelie and Tarazona, Carlota and Mallor, Fermín and Eivazi, Hamidreza and Pastor-Escuredo, David and Fuso-Nerini, Francesco and Vinuesa, Ricardo},
   title = {Sentiment analysis on Twitter data towards climate action},
   journal = {Results in Engineering},
   volume = {19},
   pages = {101287},
   ISSN = {2590-1230},
   year = {2023},
   type = {Journal Article}
}

@inproceedings{SimCLR,
   author = {Chen, Ting and Kornblith, Simon and Norouzi, Mohammad and Hinton, Geoffrey},
   title = {A simple framework for contrastive learning of visual representations},
   booktitle = {International conference on machine learning},
   publisher = {PMLR},
   pages = {1597-1607},
   ISBN = {2640-3498},
   type = {Conference Proceedings}
}

@article{aguNLP,
   author = {Feng, Steven Y and Gangal, Varun and Wei, Jason and Chandar, Sarath and Vosoughi, Soroush and Mitamura, Teruko and Hovy, Eduard},
   title = {A survey of data augmentation approaches for NLP},
   journal = {arXiv preprint arXiv:2105.03075},
   year = {2021},
   type = {Journal Article}
}

@article{medi,
   author = {Zhang, Yichi and Kers, Jesper and Cassol, Clarissa A and Roelofs, Joris J and Idrees, Najia and Farber, Alik and Haroon, Samir and Daly, Kevin P and Ganguli, Suvranu and Chitalia, Vipul C},
   title = {U-net-and-a-half: convolutional network for biomedical image segmentation using multiple expert-driven annotations},
   journal = {arXiv preprint arXiv:2108.04658},
   year = {2021},
   type = {Journal Article}
}

@article{Sawv,
   author = {Caron, Mathilde and Misra, Ishan and Mairal, Julien and Goyal, Priya and Bojanowski, Piotr and Joulin, Armand},
   title = {Unsupervised learning of visual features by contrasting cluster assignments},
   journal = {Advances in neural information processing systems},
   volume = {33},
   pages = {9912-9924},
   year = {2020},
   type = {Journal Article}
}

@article{tajbakhsh2020embracing,
  title={Embracing imperfect datasets: A review of deep learning solutions for medical image segmentation},
  author={Tajbakhsh, Nima and Jeyaseelan, Laura and Li, Qian and Chiang, Jeffrey N and Wu, Zhihao and Ding, Xiaowei},
  journal={Medical image analysis},
  volume={63},
  pages={101693},
  year={2020},
  publisher={Elsevier}
}

@inproceedings{dumit2024atlas,
  title={ATLAS: A spend classification benchmark for estimating scope 3 carbon emissions},
  author={Dumit, Andrew and Rao, Krishna and Kwee, Travis and Gopalakrishnan, Varsha and Tsai, Katherine and Suh, Sangwon},
  booktitle={NeurIPS 2024 Workshop on Tackling Climate Change with Machine Learning},
  url={https://www.climatechange.ai/papers/neurips2024/70},
  year={2024}
}

@inproceedings{balaji2023caml,
  title={CaML: Carbon footprinting of household products with zero-shot semantic text similarity},
  author={Balaji, Bharathan and Vunnava, Venkata Sai Gargeya and Guest, Geoffrey and Kramer, Jared},
  booktitle={Proceedings of the ACM Web Conference 2023},
  pages={4004--4014},
  year={2023}
}

@inproceedings{jain2024empowering,
  title={Empowering Sustainable Finance: Leveraging Large Language Models for Climate-Aware Investments},
  author={Jain, Ayush and Padmanaban, Manikandan and Hazra, Jagabondhu and Godbole, Shantanu and Hamann, Hendrik},
  booktitle={International Conference on Learning Representations},
  year={2024}
}

@article{balaji2023flamingo,
  title={Flamingo: Environmental impact factor matching for life cycle assessment with zero-shot machine learning},
  author={Balaji, Bharathan and Vunnava, Venkata Sai Gargeya and Domingo, Nina and Gupta, Shikhar and Gupta, Harsh and Guest, Geoffrey and Srinivasan, Aravind},
  journal={ACM Journal on Computing and Sustainable Societies},
  volume={1},
  number={2},
  pages={1--23},
  year={2023},
  publisher={ACM New York, NY}
}

@article{reimers2019sentence,
  title={Sentence-BERT: Sentence Embeddings using Siamese BERT-Networks},
  author={Reimers, N},
  journal={arXiv preprint arXiv:1908.10084},
  year={2019}
}

@article{eureport,
  title={The Impact of the European Union Emissions Trading Scheme on Regulated Firms: What is the Evidence After Ten Years?},
  author={Ralf, Martin and Mirabelle, Muûls and Ulrich, J. Wagner},
  journal={Review of Environmental Economics and Policy},
  volume={10},
  year={2016}
}

@article{aureport,
  title={Australia’s Emissions Trading Scheme: Opportunities and Obstacles for Linking},
  author={F. Jotzo and R. Betz},
  journal={Climate Policy},
  volume={9},
  year={2016}
}

@article{esg1,
  title={Corporate ESG reporting quantity, quality and performance: Where to now for environmental policy and practice?},
  author={Arvidsson, Susanne and Dumay, John},
  journal={Business strategy and the environment},
  volume={31},
  number={3},
  pages={1091--1110},
  year={2022},
  publisher={Wiley Online Library}
}

@article{esg2,
  title={Do ESG reporting guidelines and verifications enhance firms' information disclosure?},
  author={Darnall, Nicole and Ji, Hyunjung and Iwata, Kazuyuki and Arimura, Toshi H},
  journal={Corporate Social Responsibility and Environmental Management},
  volume={29},
  number={5},
  pages={1214--1230},
  year={2022},
  publisher={Wiley Online Library}
}

@article{esg3,
  title={The real effects of ESG reporting and GRI standards on carbon mitigation: International evidence},
  author={Luo, Le and Tang, Qingliang},
  journal={Business Strategy and the Environment},
  volume={32},
  number={6},
  pages={2985--3000},
  year={2023},
  publisher={Wiley Online Library}
}

@mastersthesis{stinchcombe2023assessing,
  title={Assessing the state of Scope 3 Greenhouse gas emissions reporting in Norway},
  author={Stinchcombe, Amy Marie},
  year={2023},
  school={Norwegian University of Life Sciences}
}

@article{luo2012corporate,
  title={Corporate incentives to disclose carbon information: Evidence from the CDP Global 500 report},
  author={Luo, Le and Lan, Yi-Chen and Tang, Qingliang},
  journal={Journal of International Financial Management \& Accounting},
  volume={23},
  number={2},
  pages={93--120},
  year={2012},
  publisher={Wiley Online Library}
}

@article{gao2021simcse,
  title={Simcse: Simple contrastive learning of sentence embeddings},
  author={Gao, Tianyu and Yao, Xingcheng and Chen, Danqi},
  journal={arXiv preprint arXiv:2104.08821},
  year={2021}
}

@article{wiedmann2011quo,
  title={Quo Vadis MRIO? Methodological, data and institutional requirements for multi-region input--output analysis},
  author={Wiedmann, Thomas and Wilting, Harry C and Lenzen, Manfred and Lutter, Stephan and Palm, Viveka},
  journal={Ecological Economics},
  volume={70},
  number={11},
  pages={1937--1945},
  year={2011},
  publisher={Elsevier}
}

@inproceedings{leontief1963multiregional,
  title={Multiregional input-output analysis},
  author={Leontief, Wassily and Strout, Alan},
  booktitle={Structural Interdependence and Economic Development: Proceedings of an International Conference on Input-Output Techniques, Geneva, September 1961},
  pages={119--150},
  year={1963},
  organization={Springer}
}

@article{wiedmann2009review,
  title={A review of recent multi-region input--output models used for consumption-based emission and resource accounting},
  author={Wiedmann, Thomas},
  journal={Ecological economics},
  volume={69},
  number={2},
  pages={211--222},
  year={2009},
  publisher={Elsevier}
}

@article{dietzenbacher2013construction,
  title={The construction of world input--output tables in the WIOD project},
  author={Dietzenbacher, Erik and Los, Bart and Stehrer, Robert and Timmer, Marcel and De Vries, Gaaitzen},
  journal={Economic systems research},
  volume={25},
  number={1},
  pages={71--98},
  year={2013},
  publisher={Taylor \& Francis}
}

@article{aguiar2016overview,
  title={An overview of the GTAP 9 data base},
  author={Aguiar, Angel and Narayanan, Badri and McDougall, Robert},
  journal={Journal of Global Economic Analysis},
  volume={1},
  number={1},
  pages={181--208},
  year={2016}
}

@article{lenzen2013building,
  title={Building Eora: a global multi-region input--output database at high country and sector resolution},
  author={Lenzen, Manfred and Moran, Daniel and Kanemoto, Keiichiro and Geschke, Arne},
  journal={Economic Systems Research},
  volume={25},
  number={1},
  pages={20--49},
  year={2013},
  publisher={Taylor \& Francis}
}

@article{devlin2018bert,
  title={Bert: Pre-training of deep bidirectional transformers for language understanding},
  author={Devlin, Jacob},
  journal={arXiv preprint arXiv:1810.04805},
  year={2018}
}

@article{vaswani2017attention,
  title={Attention is all you need},
  author={Vaswani, A},
  journal={Advances in Neural Information Processing Systems},
  year={2017}
}

@inproceedings{steinbiss1994improvements,
  title={Improvements in beam search.},
  author={Steinbiss, Volker and Tran, Bach-Hiep and Ney, Hermann},
  booktitle={ICSLP},
  volume={94},
  pages={2143--2146},
  year={1994}
}