@inproceedings{MoCo,
   author = {He, Kaiming and Fan, Haoqi and Wu, Yuxin and Xie, Saining and Girshick, Ross},
   title = {Momentum contrast for unsupervised visual representation learning},
   booktitle = {Proceedings of the IEEE/CVF conference on computer vision and pattern recognition},
   pages = {9729-9738},
   type = {Conference Proceedings}
}

@inproceedings{Siamese,
   author = {Chen, Xinlei and He, Kaiming},
   title = {Exploring simple siamese representation learning},
   booktitle = {Proceedings of the IEEE/CVF conference on computer vision and pattern recognition},
   pages = {15750-15758},
   type = {Conference Proceedings}
}

@inproceedings{SimCLR,
   author = {Chen, Ting and Kornblith, Simon and Norouzi, Mohammad and Hinton, Geoffrey},
   title = {A simple framework for contrastive learning of visual representations},
   booktitle = {International conference on machine learning},
   publisher = {PMLR},
   pages = {1597-1607},
   ISBN = {2640-3498},
   type = {Conference Proceedings}
}

@article{aguiar2016overview,
  title={An overview of the GTAP 9 data base},
  author={Aguiar, Angel and Narayanan, Badri and McDougall, Robert},
  journal={Journal of Global Economic Analysis},
  volume={1},
  number={1},
  pages={181--208},
  year={2016}
}

@inproceedings{balaji2023caml,
  title={CaML: Carbon footprinting of household products with zero-shot semantic text similarity},
  author={Balaji, Bharathan and Vunnava, Venkata Sai Gargeya and Guest, Geoffrey and Kramer, Jared},
  booktitle={Proceedings of the ACM Web Conference 2023},
  pages={4004--4014},
  year={2023}
}

@article{balaji2023flamingo,
  title={Flamingo: Environmental impact factor matching for life cycle assessment with zero-shot machine learning},
  author={Balaji, Bharathan and Vunnava, Venkata Sai Gargeya and Domingo, Nina and Gupta, Shikhar and Gupta, Harsh and Guest, Geoffrey and Srinivasan, Aravind},
  journal={ACM Journal on Computing and Sustainable Societies},
  volume={1},
  number={2},
  pages={1--23},
  year={2023},
  publisher={ACM New York, NY}
}

@article{contractiveBYOL,
   author = {Grill, Jean-Bastien and Strub, Florian and Altché, Florent and Tallec, Corentin and Richemond, Pierre and Buchatskaya, Elena and Doersch, Carl and Avila Pires, Bernardo and Guo, Zhaohan and Gheshlaghi Azar, Mohammad},
   title = {Bootstrap your own latent-a new approach to self-supervised learning},
   journal = {Advances in neural information processing systems},
   volume = {33},
   pages = {21271-21284},
   year = {2020},
   type = {Journal Article}
}

@article{dietzenbacher2013construction,
  title={The construction of world input--output tables in the WIOD project},
  author={Dietzenbacher, Erik and Los, Bart and Stehrer, Robert and Timmer, Marcel and De Vries, Gaaitzen},
  journal={Economic systems research},
  volume={25},
  number={1},
  pages={71--98},
  year={2013},
  publisher={Taylor \& Francis}
}

@inproceedings{dumit2024atlas,
  title={ATLAS: A spend classification benchmark for estimating scope 3 carbon emissions},
  author={Dumit, Andrew and Rao, Krishna and Kwee, Travis and Gopalakrishnan, Varsha and Tsai, Katherine and Suh, Sangwon},
  booktitle={NeurIPS 2024 Workshop on Tackling Climate Change with Machine Learning},
  url={https://www.climatechange.ai/papers/neurips2024/70},
  year={2024}
}

@article{gao2021simcse,
  title={Simcse: Simple contrastive learning of sentence embeddings},
  author={Gao, Tianyu and Yao, Xingcheng and Chen, Danqi},
  journal={arXiv preprint arXiv:2104.08821},
  year={2021}
}

@inproceedings{jain2024empowering,
  title={Empowering Sustainable Finance: Leveraging Large Language Models for Climate-Aware Investments},
  author={Jain, Ayush and Padmanaban, Manikandan and Hazra, Jagabondhu and Godbole, Shantanu and Hamann, Hendrik},
  booktitle={International Conference on Learning Representations},
  year={2024}
}

@inproceedings{leontief1963multiregional,
  title={Multiregional input-output analysis},
  author={Leontief, Wassily and Strout, Alan},
  booktitle={Structural Interdependence and Economic Development: Proceedings of an International Conference on Input-Output Techniques, Geneva, September 1961},
  pages={119--150},
  year={1963},
  organization={Springer}
}

@article{reimers2019sentence,
  title={Sentence-BERT: Sentence Embeddings using Siamese BERT-Networks},
  author={Reimers, N},
  journal={arXiv preprint arXiv:1908.10084},
  year={2019}
}

@article{sectorclassify1,
   author = {Habib, Shaheer and Ahmad, Mubashir and Haq, Yasin Ul and Sana, Rabia and Muneer, Asia and Waseem, Muhammad and Pathan, Muhammad Salman and Dev, Soumyabrata},
   title = {Advancing Taxonomic Classification through Deep Learning: A Robust Artificial Intelligence Framework for Species Identification Using Natural Images},
   journal = {IEEE Access},
   ISSN = {2169-3536},
   year = {2024},
   type = {Journal Article}
}

@article{sectorclassify10,
   author = {Oehlert, Christine and Schulz, Evan and Parker, Anne},
   title = {Naics code prediction using supervised methods},
   journal = {Statistics and Public Policy},
   volume = {9},
   number = {1},
   pages = {58-66},
   ISSN = {2330-443X},
   year = {2022},
   type = {Journal Article}
}

@article{sectorclassify11,
   author = {Yang, Baocheng and Zhang, Bing and Cutsforth, Kevin and Yu, Shanfu and Yu, Xiaowen},
   title = {Emerging Industry Classification Based on BERT Model},
   journal = {Information Systems},
   pages = {102484},
   ISSN = {0306-4379},
   year = {2024},
   type = {Journal Article}
}

@article{sectorclassify12,
   author = {Zhao, Xiaohang and Fang, Xiao and He, Jing and Huang, Lihua},
   title = {Exploiting expert knowledge for assigning firms to industries: A novel deep learning method},
   journal = {arXiv preprint arXiv:2209.05943},
   year = {2022},
   type = {Journal Article}
}

@inproceedings{sectorclassify3,
   author = {Wood, Sam and Muthyala, Rohit and Jin, Yi and Qin, Yixing and Rukadikar, Nilaj and Rai, Amit and Gao, Hua},
   title = {Automated industry classification with deep learning},
   booktitle = {2017 IEEE International Conference on Big Data (Big Data)},
   publisher = {IEEE},
   pages = {122-129},
   ISBN = {1538627159},
   type = {Conference Proceedings}
}

@book{sectorclassify4,
   author = {Roelands, Maarten and van Delden, Arnout and Windmeijer, Dick},
   title = {Classifying businesses by economic activity using web-based text mining},
   publisher = {Statistics Netherlands},
   year = {2018},
   type = {Book}
}

@inproceedings{sectorclassify5,
   author = {Maynard, Diana and Funk, Adam},
   title = {Combining expert knowledge with NLP for specialised applications},
   booktitle = {International Conference on Text, Speech, and Dialogue},
   publisher = {Springer},
   pages = {3-10},
   type = {Conference Proceedings}
}

@article{sectorclassify6,
   author = {Husmann, Sven and Shivarova, Antoniya and Steinert, Rick},
   title = {Company classification using machine learning},
   journal = {Expert Systems with Applications},
   volume = {195},
   pages = {116598},
   ISSN = {0957-4174},
   year = {2022},
   type = {Journal Article}
}

@inproceedings{sectorclassify7,
   author = {Song, Qunying and Engström, Emelie and Runeson, Per},
   title = {Concepts in testing of autonomous systems: Academic literature and industry practice},
   booktitle = {2021 IEEE/ACM 1st Workshop on AI Engineering-Software Engineering for AI (WAIN)},
   publisher = {IEEE},
   pages = {74-81},
   ISBN = {1665444703},
   type = {Conference Proceedings}
}

@inproceedings{sectorclassify8,
   author = {Wen, Kang and Guo, Zhaoxia and Huang, Tao and Guo, Feng},
   title = {Domain Knowledge-Enhanced Contrastive Learning for Industry Classification of Enterprises},
   booktitle = {2024 IEEE 4th International Conference on Software Engineering and Artificial Intelligence (SEAI)},
   publisher = {IEEE},
   pages = {210-214},
   ISBN = {9798350374346},
   type = {Conference Proceedings}
}

@article{sectorclassify9,
   author = {Ocicka, Barbara and Rogowski, Waldemar and Turek, Jolanta},
   title = {Industry 4.0 technologies as enablers of sustainability risk management},
   journal = {Ekonomia i Prawo. Economics and Law},
   volume = {21},
   number = {4},
   pages = {727-740},
   ISSN = {2392-1625},
   year = {2022},
   type = {Journal Article}
}

@article{sylolypavan2023impact,
  title={The impact of inconsistent human annotations on AI driven clinical decision making},
  author={Sylolypavan, Aneeta and Sleeman, Derek and Wu, Honghan and Sim, Malcolm},
  journal={NPJ Digital Medicine},
  volume={6},
  number={1},
  pages={26},
  year={2023},
  publisher={Nature Publishing Group UK London}
}

@article{wiedmann2009review,
  title={A review of recent multi-region input--output models used for consumption-based emission and resource accounting},
  author={Wiedmann, Thomas},
  journal={Ecological economics},
  volume={69},
  number={2},
  pages={211--222},
  year={2009},
  publisher={Elsevier}
}

