@inproceedings{langley00,
 author    = {P. Langley},
 title     = {Crafting Papers on Machine Learning},
 year      = {2000},
 pages     = {1207--1216},
 editor    = {Pat Langley},
 booktitle     = {Proceedings of the 17th International Conference
              on Machine Learning (ICML 2000)},
 address   = {Stanford, CA},
 publisher = {Morgan Kaufmann}
}

@TechReport{mitchell80,
  author = 	 "T. M. Mitchell",
  title = 	 "The Need for Biases in Learning Generalizations",
  institution =  "Computer Science Department, Rutgers University",
  year = 	 "1980",
  address =	 "New Brunswick, MA",
}

@phdthesis{kearns89,
  author = {M. J. Kearns},
  title =  {Computational Complexity of Machine Learning},
  school = {Department of Computer Science, Harvard University},
  year =   {1989}
}

@Book{MachineLearningI,
  editor = 	 "R. S. Michalski and J. G. Carbonell and T.
		  M. Mitchell",
  title = 	 "Machine Learning: An Artificial Intelligence
		  Approach, Vol. I",
  publisher = 	 "Tioga",
  year = 	 "1983",
  address =	 "Palo Alto, CA"
}

@Book{DudaHart2nd,
  author =       "R. O. Duda and P. E. Hart and D. G. Stork",
  title =        "Pattern Classification",
  publisher =    "John Wiley and Sons",
  edition =      "2nd",
  year =         "2000"
}

@misc{anonymous,
  title= {Suppressed for Anonymity},
  author= {Author, N. N.},
  year= {2021}
}

@InCollection{Newell81,
  author =       "A. Newell and P. S. Rosenbloom",
  title =        "Mechanisms of Skill Acquisition and the Law of
                  Practice", 
  booktitle =    "Cognitive Skills and Their Acquisition",
  pages =        "1--51",
  publisher =    "Lawrence Erlbaum Associates, Inc.",
  year =         "1981",
  editor =       "J. R. Anderson",
  chapter =      "1",
  address =      "Hillsdale, NJ"
}


@Article{Samuel59,
  author = 	 "A. L. Samuel",
  title = 	 "Some Studies in Machine Learning Using the Game of
		  Checkers",
  journal =	 "IBM Journal of Research and Development",
  year =	 "1959",
  volume =	 "3",
  number =	 "3",
  pages =	 "211--229"
}





@String(PAMI = {IEEE Trans. Pattern Anal. Mach. Intell.})
@String(IJCV = {Int. J. Comput. Vis.})
@String(CVPR= {IEEE Conf. Comput. Vis. Pattern Recog.})
@String(ICCV= {Int. Conf. Comput. Vis.})
@String(ECCV= {Eur. Conf. Comput. Vis.})
@String(NIPS= {Adv. Neural Inform. Process. Syst.})
@String(ICPR = {Int. Conf. Pattern Recog.})
@String(BMVC= {Brit. Mach. Vis. Conf.})
@String(TOG= {ACM Trans. Graph.})
@String(TIP  = {IEEE Trans. Image Process.})
@String(TVCG  = {IEEE Trans. Vis. Comput. Graph.})
@String(TMM  = {IEEE Trans. Multimedia})
@String(ACMMM= {ACM Int. Conf. Multimedia})
@String(ICME = {Int. Conf. Multimedia and Expo})
@String(ICASSP=	{ICASSP})
@String(ICIP = {IEEE Int. Conf. Image Process.})
@String(ACCV  = {ACCV})
@String(ICLR = {Int. Conf. Learn. Represent.})
@String(IJCAI = {IJCAI})
@String(PR   = {Pattern Recognition})
@String(AAAI = {AAAI})
@String(CVPRW= {IEEE Conf. Comput. Vis. Pattern Recog. Worksh.})
@String(CSVT = {IEEE Trans. Circuit Syst. Video Technol.})

@String(SPL	= {IEEE Sign. Process. Letters})
@String(VR   = {Vis. Res.})
@String(JOV	 = {J. Vis.})
@String(TVC  = {The Vis. Comput.})
@String(JCST  = {J. Comput. Sci. Tech.})
@String(CGF  = {Comput. Graph. Forum})
@String(CVM = {Computational Visual Media})


@String(PAMI  = {IEEE TPAMI})
@String(IJCV  = {IJCV})
@String(CVPR  = {CVPR})
@String(ICCV  = {ICCV})
@String(ECCV  = {ECCV})
@String(NIPS  = {NeurIPS})
@String(ICPR  = {ICPR})
@String(BMVC  =	{BMVC})
@String(TOG   = {ACM TOG})
@String(TIP   = {IEEE TIP})
@String(TVCG  = {IEEE TVCG})
@String(TCSVT = {IEEE TCSVT})
@String(TMM   =	{IEEE TMM})
@String(ACMMM = {ACM MM})
@String(ICME  =	{ICME})
@String(ICASSP=	{ICASSP})
@String(ICIP  = {ICIP})
@String(ACCV  = {ACCV})
@String(ICLR  = {ICLR})
@String(IJCAI = {IJCAI})
@String(PR = {PR})
@String(AAAI = {AAAI})
@String(CVPRW= {CVPRW})
@String(CSVT = {IEEE TCSVT})



@misc{Authors14,
 author = {FirstName LastName},
 title = {The frobnicatable foo filter},
 note = {Face and Gesture submission ID 324. Supplied as supplemental material {\tt fg324.pdf}},
 year = 2014
}

@misc{Authors14b,
 author = {FirstName LastName},
 title = {Frobnication tutorial},
 note = {Supplied as supplemental material {\tt tr.pdf}},
 year = 2014
}

@article{Alpher02,
author = {FirstName Alpher},
title = {Frobnication},
journal = PAMI,
volume = 12,
number = 1,
pages = {234--778},
year = 2002
}

@article{Alpher03,
author = {FirstName Alpher and  FirstName Fotheringham-Smythe},
title = {Frobnication revisited},
journal = {Journal of Foo},
volume = 13,
number = 1,
pages = {234--778},
year = 2003
}

@article{Alpher04,
author = {FirstName Alpher and FirstName Fotheringham-Smythe and FirstName Gamow},
title = {Can a machine frobnicate?},
journal = {Journal of Foo},
volume = 14,
number = 1,
pages = {234--778},
year = 2004
}

@inproceedings{Alpher05,
author = {FirstName Alpher and FirstName Gamow},
title = {Can a computer frobnicate?},
booktitle = CVPR,
pages = {234--778},
year = 2005
}


@incollection{Bengio+chapter2007,
author = {Bengio, Yoshua and LeCun, Yann},
booktitle = {Large Scale Kernel Machines},
publisher = {MIT Press},
title = {Scaling Learning Algorithms Towards {AI}},
year = {2007}
}

@article{Hinton06,
author = {Hinton, Geoffrey E. and Osindero, Simon and Teh, Yee Whye},
journal = {Neural Computation},
pages = {1527--1554},
title = {A Fast Learning Algorithm for Deep Belief Nets},
volume = {18},
year = {2006}
}

@book{goodfellow2016deep,
title={Deep learning},
author={Goodfellow, Ian and Bengio, Yoshua and Courville, Aaron and Bengio, Yoshua},
volume={1},
year={2016},
publisher={MIT Press}
}



@inproceedings{zhang2019defense,
    author = {Haichao Zhang and Jianyu Wang},
    title  = {Defense Against Adversarial Attacks Using Feature Scattering-based Adversarial Training},
    booktitle = {NeurIPS},
    year = {2019}
}

@article{xu2019frequency,
  title={Frequency principle: Fourier analysis sheds light on deep neural networks},
  author={Xu, Zhi-Qin John and Zhang, Yaoyu and Luo, Tao and Xiao, Yanyang and Ma, Zheng},
  journal={arXiv preprint arXiv:1901.06523},
  year={2019}
}

@inproceedings{liu2019feature,
  title     = {Feature Prioritization and Regularization Improve Standard Accuracy and Adversarial Robustness},
  author    = {Liu, Chihuang and JaJa, Joseph},
  booktitle = {IJCAI},
  year      = {2019},
}

@inproceedings{das2018shield,
    author = {Das, Nilaksh and Shanbhogue, Madhuri and Chen, Shang-Tse and Hohman, Fred and Li, Siwei and Chen, Li and Kounavis, Michael E. and Chau, Duen Horng},
    title = {SHIELD: Fast, Practical Defense and Vaccination for Deep Learning Using JPEG Compression},
    year = {2018},
    booktitle = {KDD},
}

@misc{robustness,
   title={Robustness (Python Library)},
   author={Logan Engstrom and Andrew Ilyas and Hadi Salman and Shibani Santurkar and Dimitris Tsipras},
   year={2019},
   url={https://github.com/MadryLab/robustness}
}

@article{krizhevsky2009learning,
  title={Learning multiple layers of features from tiny images},
  author={Krizhevsky, Alex and others},
  year={2009},
  journal={Technical Report},
}

@article{lecun1998gradient,
  title={Gradient-based learning applied to document recognition},
  author={LeCun, Yann and Bottou, L{\'e}on and Bengio, Yoshua and Haffner, Patrick},
  journal={Proceedings of the IEEE},
  year={1998},
}

@inproceedings{khrulkov2018art,
  title={Art of singular vectors and universal adversarial perturbations},
  author={Khrulkov, Valentin and Oseledets, Ivan},
  booktitle={CVPR},
  year={2018}
}

@inproceedings{athalye2018synthesizing,
  title={Synthesizing robust adversarial examples},
  author={Athalye, Anish and Engstrom, Logan and Ilyas, Andrew and Kwok, Kevin},
  booktitle={ICML},
  year={2018}
}

@inproceedings{poursaeed2018generative,
  title={Generative adversarial perturbations},
  author={Poursaeed, Omid and Katsman, Isay and Gao, Bicheng and Belongie, Serge},
  booktitle={CVPR},
  year={2018}
}

@inproceedings{kingma2014adam,
  title={Adam: A method for stochastic optimization},
  author={Kingma, Diederik P and Ba, Jimmy},
  booktitle={International Conference on Learning Representations},
  year={2015}
}

@article{brown2017adversarial,
  title={Adversarial patch},
  author={Brown, Tom B and Man{\'e}, Dandelion and Roy, Aurko and Abadi, Mart{\'\i}n and Gilmer, Justin},
  journal={arXiv preprint arXiv:1712.09665},
  year={2017}
}

@inproceedings{liang2018enhancing,
    title={Enhancing The Reliability of Out-of-distribution Image Detection in Neural Networks},
    author={Shiyu Liang and Yixuan Li and R. Srikant},
    booktitle={International Conference on Learning Representations},
    year={2018},
}

@inproceedings{elsayed2018adversarial,
    title={Adversarial Reprogramming of Neural Networks},
    author={Gamaleldin F. Elsayed and Ian Goodfellow and Jascha Sohl-Dickstein},
    booktitle={International Conference on Learning Representations},
    year={2019},
}

@inproceedings{li2020regional,
  title={Regional homogeneity: Towards learning transferable universal adversarial perturbations against defenses},
  author={Li, Yingwei and Bai, Song and Xie, Cihang and Liao, Zhenyu and Shen, Xiaohui and Yuille, Alan L},
  booktitle={ECCV},
  year={2020}
}

@article{fawzi2018analysis,
  title={Analysis of classifiers’ robustness to adversarial perturbations},
  author={Fawzi, Alhussein and Fawzi, Omar and Frossard, Pascal},
  journal={Machine Learning},
  year={2018},
}

@inproceedings{jetley2018friends,
  title={With friends like these, who needs adversaries?},
  author={Jetley, Saumya and Lord, Nicholas and Torr, Philip},
  booktitle={NeurIPS},
  year={2018}
}

@inproceedings{moosavi2016deepfool,
  title={Deepfool: a simple and accurate method to fool deep neural networks},
  author={Moosavi-Dezfooli, Seyed-Mohsen and Fawzi, Alhussein and Frossard, Pascal},
  booktitle={CVPR},
  year={2016}
}

@article{moosavi2017analysis,
  title={Analysis of universal adversarial perturbations},
  author={Moosavi-Dezfooli, Seyed-Mohsen and Fawzi, Alhussein and Fawzi, Omar and Frossard, Pascal and Soatto, Stefano},
  journal={arXiv preprint arXiv:1705.09554},
  year={2017}
}

@inproceedings{fawzi2018adversarial,
  title={Adversarial vulnerability for any classifier},
  author={Fawzi, Alhussein and Fawzi, Hamza and Fawzi, Omar},
  booktitle={NeurIPS},
  year={2018}
}

@inproceedings{xiao2020one,
    author = {Xiao, Chang and Zheng, Changxi},
    title = {One Man's Trash Is Another Man's Treasure: Resisting Adversarial Examples by Adversarial Examples},
    booktitle = {CVPR},
    year = {2020}
}

@inproceedings{xu2017feature,
  title={Feature squeezing: Detecting 
2
 adversarial examples in deep neural networks},
  author={Xu, Weilin and Evans, David and Qi, Yanjun},
  journal={NDSS},
  year={2018}
}

@inproceedings{ross2018improving,
  title={Improving the adversarial robustness and interpretability of deep neural networks by regularizing their input gradients},
  author={Ross, Andrew Slavin and Doshi-Velez, Finale},
  booktitle={AAAI},
  year={2018}
}

@inproceedings{papernot2016distillation,
    title={Distillation as a defense to adversarial perturbations against deep neural networks},
    author={Papernot, Nicolas and McDaniel, Patrick and Wu, Xi and Jha, Somesh and Swami, Ananthram},
    booktitle={SP},
    year={2016},
}

@inproceedings{guo2018countering,
    title={Countering Adversarial Images using Input Transformations},
    author={Chuan Guo and Mayank Rana and Moustapha Cisse and Laurens van der Maaten},
    booktitle={ICLR},
    year={2018},
}

@inproceedings{graese2016assessing,
  title={Assessing threat of adversarial examples on deep neural networks},
  author={Graese, Abigail and Rozsa, Andras and Boult, Terrance E},
  booktitle={ICMLA},
  year={2016},
}

@article{dziugaite2016study,
  title={A study of the effect of jpg compression on adversarial images},
  author={Dziugaite, Gintare Karolina and Ghahramani, Zoubin and Roy, Daniel M},
  journal={arXiv preprint arXiv:1608.00853},
  year={2016}
}

@inproceedings{yan2018deep,
  title={Deep Defense: Training DNNs with Improved Adversarial Robustness},
  author={Yan, Ziang and Guo, Yiwen and Zhang, Changshui},
  booktitle={NeurIPS},
  year={2018}
}

@inproceedings{kurakin2016adversarial,
  title={Adversarial machine learning at scale},
  author={Kurakin, Alexey and Goodfellow, Ian and Bengio, Samy},
  booktitle={ICLR},
  year={2017}
}

@inproceedings{moosavi2017universal,
  title={Universal adversarial perturbations},
  author={Moosavi-Dezfooli, Seyed-Mohsen and Fawzi, Alhussein and Fawzi, Omar and Frossard, Pascal},
  booktitle={CVPR},
  year={2017}
}

@inproceedings{zhang2019fixup,
  title={Fixup initialization: Residual learning without normalization},
  author={Zhang, Hongyi and Dauphin, Yann N and Ma, Tengyu},
  booktitle={ICLR},
  year={2019}
}

@inproceedings{qin2019adversarial,
  title={Adversarial robustness through local linearization},
  author={Qin, Chongli and Martens, James and Gowal, Sven and Krishnan, Dilip and Dvijotham, Krishnamurthy and Fawzi, Alhussein and De, Soham and Stanforth, Robert and Kohli, Pushmeet},
  booktitle={NeurIPS},
  year={2019}
}

@inproceedings{moosavi2019robustness,
  title={Robustness via curvature regularization, and vice versa},
  author={Moosavi-Dezfooli, Seyed-Mohsen and Fawzi, Alhussein and Uesato, Jonathan and Frossard, Pascal},
  booktitle={CVPR},
  year={2019}
}

@inproceedings{salman2020adversarially,
  title={Do Adversarially Robust ImageNet Models Transfer Better?},
  author={Salman, Hadi and Ilyas, Andrew and Engstrom, Logan and Kapoor, Ashish and Madry, Aleksander},
  booktitle={NeurIPS},
  year={2020}
}

@inproceedings{tsipras2018robustness,
  title={Robustness may be at odds with accuracy},
  author={Tsipras, Dimitris and Santurkar, Shibani and Engstrom, Logan and Turner, Alexander and Madry, Aleksander},
  booktitle={ICLR},
  year={2019}
}

@inproceedings{zhang2019theoretically,
  title={Theoretically principled trade-off between robustness and accuracy},
  author={Zhang, Hongyang and Yu, Yaodong and Jiao, Jiantao and Xing, Eric P and Ghaoui, Laurent El and Jordan, Michael I},
  booktitle={ICML},
  year={2019}
}

@article{akhtar2018threat,
  title={Threat of adversarial attacks on deep learning in computer vision: A survey},
  author={Akhtar, Naveed and Mian, Ajmal},
  journal={IEEE Access},
  year={2018},
}

@inproceedings{cohen2019certified,
  title={Certified adversarial robustness via randomized smoothing},
  author={Cohen, Jeremy M and Rosenfeld, Elan and Kolter, J Zico},
  booktitle={ICML},
  year={2019}
}

@inproceedings{fawzi2016robustness,
  title={Robustness of classifiers: from adversarial to random noise},
  author={Fawzi, Alhussein and Moosavi-Dezfooli, Seyed-Mohsen and Frossard, Pascal},
  booktitle={NeurIPS},
  year={2016}
}

@article{tanay2016boundary,
  title={A boundary tilting persepective on the phenomenon of adversarial examples},
  author={Tanay, Thomas and Griffin, Lewis},
  journal={arXiv preprint arXiv:1608.07690},
  year={2016}
}

@inproceedings{schmidt2018adversarially,
  title={Adversarially robust generalization requires more data},
  author={Schmidt, Ludwig and Santurkar, Shibani and Tsipras, Dimitris and Talwar, Kunal and Madry, Aleksander},
  booktitle={NeurIPS},
  year={2018}
}

@inproceedings{mahloujifar2019curse,
  title={The curse of concentration in robust learning: Evasion and poisoning attacks from concentration of measure},
  author={Mahloujifar, Saeed and Diochnos, Dimitrios I and Mahmoody, Mohammad},
  booktitle={AAAI},
  year={2019}
}

@inproceedings{shafahi2018adversarial,
    title={Are adversarial examples inevitable?},
    author={Ali Shafahi and W. Ronny Huang and Christoph Studer and Soheil Feizi and Tom Goldstein},
    booktitle={ICLR},
    year={2019},
}

@article{gilmer2018adversarial,
  title={Adversarial spheres},
  author={Gilmer, Justin and Metz, Luke and Faghri, Fartash and Schoenholz, Samuel S and Raghu, Maithra and Wattenberg, Martin and Goodfellow, Ian},
  journal={arXiv preprint arXiv:1801.02774},
  year={2018}
}

@article{galloway2019batch,
  title={Batch normalization is a cause of adversarial vulnerability},
  author={Galloway, Angus and Golubeva, Anna and Tanay, Thomas and Moussa, Medhat and Taylor, Graham W},
  journal={arXiv preprint arXiv:1905.02161},
  year={2019}
}

@inproceedings{rebuffi2017learning,
  title={Learning multiple visual domains with residual adapters},
  author={Rebuffi, Sylvestre-Alvise and Bilen, Hakan and Vedaldi, Andrea},
  booktitle={NeurIPS},
  year={2017}
}

@inproceedings{ilyas2019adversarial,
  title={Adversarial examples are not bugs, they are features},
  author={Ilyas, Andrew and Santurkar, Shibani and Tsipras, Dimitris and Engstrom, Logan and Tran, Brandon and Madry, Aleksander},
  booktitle={NeurIPS},
  year={2019}
}

@inproceedings{long2015fully,
  title={Fully convolutional networks for semantic segmentation},
  author={Long, Jonathan and Shelhamer, Evan and Darrell, Trevor},
  booktitle={CVPR},
  year={2015}
}

@article{awais2020revisiting,
  title={Revisiting Internal Covariate Shift for Batch Normalization},
  author={Awais, Muhammad and Iqbal, Md Tauhid Bin and Bae, Sung-Ho},
  journal={Transactions on Neural Networks and Learning Systems},
  year={2020},
}

@article{awais2020towards,
  title={Towards an adversarially robust normalization approach},
  author={Awais, Muhammad and Shamshad, Fahad and Bae, Sung-Ho},
  journal={arXiv preprint arXiv:2006.11007},
  year={2020}
}

@article{kim2020Devil,
  title={The Devil is in the Boundary: Exploiting Boundary Representation for Basis-based Instance Segmentation},
  author={Kim, Myungchul and Woo, Sanghyun and Kim, Dahun and Kweon, In So},
  journal={WACV},
  year={2021}
}

@inproceedings{zhang2020resnet,
  title={ResNet or DenseNet? Introducing Dense Shortcuts to ResNet},
  author={Zhang, Chaoning and Benz, Philipp and Argaw, Dawit Mureja and Lee, Seokju and Kim, Junsik and Rameau, Francois and Bazin, Jean-Charles and Kweon, In So},
  booktitle={WACV},
  year={2021}
}

@inproceedings{zhang2020deepptz,
  title={DeepPTZ: Deep Self-Calibration for PTZ Cameras},
  author={Zhang, Chaoning and Rameau, Francois and Kim, Junsik and Argaw, Dawit Mureja and Bazin, Jean-Charles and Kweon, In So},
  booktitle={WACV},
  year={2020}
}


@inproceedings{benz2020double,
  title={Double Targeted Universal Adversarial Perturbations},
  author={Benz, Philipp and Zhang, Chaoning and Imtiaz, Tooba and Kweon, In So},
  booktitle={ACCV},
  year={2020}
}

@article{benz2020batch,
  title={Batch Normalization Increases Adversarial Vulnerability: Disentangling Usefulness and Robustness of Model Features},
  author={Benz, Philipp and Zhang, Chaoning and Kweon, In So},
  journal={arXiv preprint arXiv:2010.03316},
  year={2020}
}

@inproceedings{feng2020adversarial,
  title={Adversarial Attack on Deep Product Quantization Network for Image Retrieval},
  author={Feng, Yan and Chen, Bin and Dai, Tao and Xia, Shutao},
  booktitle={AAAI},
  year={2020}
}

@article{kim2019recurrent,
  title={Recurrent temporal aggregation framework for deep video inpainting},
  author={Kim, Dahun and Woo, Sanghyun and Lee, Joon-Young and Kweon, In So},
  journal={TPAMI},
  year={2019},
}

@inproceedings{kim2020video,
  title={Video Panoptic Segmentation},
  author={Kim, Dahun and Woo, Sanghyun and Lee, Joon-Young and Kweon, In So},
  booktitle={CVPR},
  year={2020}
}

@inproceedings{pan2020unsupervised,
  title={Unsupervised Intra-domain Adaptation for Semantic Segmentation through Self-Supervision},
  author={Pan, Fei and Shin, Inkyu and Rameau, Francois and Lee, Seokju and Kweon, In So},
  booktitle={CVPR},
  year={2020}
}

@inproceedings{yin2019fourier,
  title={A fourier perspective on model robustness in computer vision},
  author={Yin, Dong and Lopes, Raphael Gontijo and Shlens, Jon and Cubuk, Ekin Dogus and Gilmer, Justin},
  booktitle={NeurIPS},
  year={2019}
}

@inproceedings{nam2018batch,
  title={Batch-instance normalization for adaptively style-invariant neural networks},
  author={Nam, Hyeonseob and Kim, Hyo-Eun},
  booktitle={NeurIPS},
  year={2018}
}

@inproceedings{cariucci2017autodial,
  title={Autodial: Automatic domain alignment layers},
  author={Cariucci, Fabio Maria and Porzi, Lorenzo and Caputo, Barbara and Ricci, Elisa and Bulo, Samuel Rota},
  booktitle={ICCV},
  year={2017},
}

@incollection{sun2017correlation,
  title={Correlation alignment for unsupervised domain adaptation},
  author={Sun, Baochen and Feng, Jiashi and Saenko, Kate},
  booktitle={Domain Adaptation in Computer Vision Applications},
  year={2017},
  publisher={Springer}
}

@article{li2016revisiting,
  title={Revisiting batch normalization for practical domain adaptation},
  author={Li, Yanghao and Wang, Naiyan and Shi, Jianping and Liu, Jiaying and Hou, Xiaodi},
  journal={arXiv preprint arXiv:1603.04779},
  year={2016}
}

@article{hendrycks2020many,
  title={The many faces of robustness: A critical analysis of out-of-distribution generalization},
  author={Hendrycks, Dan and Basart, Steven and Mu, Norman and Kadavath, Saurav and Wang, Frank and Dorundo, Evan and Desai, Rahul and Zhu, Tyler and Parajuli, Samyak and Guo, Mike and others},
  journal={arXiv preprint arXiv:2006.16241},
  year={2020}
}

@inproceedings{geirhos2018imagenet,
    title={ImageNet-trained CNNs are biased towards texture; increasing shape bias improves accuracy and robustness.},
    author={Robert Geirhos and Patricia Rubisch and Claudio Michaelis and Matthias Bethge and Felix A. Wichmann and Wieland Brendel},
    booktitle={ICLR},
    year={2019},
}

@article{hendrycks2020augmix,
  title={AugMix: A Simple Data Processing Method to Improve Robustness and Uncertainty},
  author={Hendrycks, Dan and Mu, Norman and Cubuk, Ekin D. and Zoph, Barret and Gilmer, Justin and Lakshminarayanan, Balaji},
  journal={ICLR},
  year={2020}
}

@inproceedings{kamann2020benchmarking,
  title={Benchmarking the Robustness of Semantic Segmentation Models},
  author={Kamann, Christoph and Rother, Carsten},
  booktitle={CVPR},
  year={2020}
}

@article{michaelis2019benchmarking,
  title={Benchmarking robustness in object detection: Autonomous driving when winter is coming},
  author={Michaelis, Claudio and Mitzkus, Benjamin and Geirhos, Robert and Rusak, Evgenia and Bringmann, Oliver and Ecker, Alexander S and Bethge, Matthias and Brendel, Wieland},
  journal={arXiv preprint arXiv:1907.07484},
  year={2019}
}


@inproceedings{daume2009frustratingly,
    title={Frustratingly Easy Domain Adaptation},
    author={Daum{\'e} III, Hal},
    booktitle={Association of Computational Linguistics (ACL)},
    year={2007}
}

@inproceedings{ben2007analysis,
  title={Analysis of representations for domain adaptation},
  author={Ben-David, Shai and Blitzer, John and Crammer, Koby and Pereira, Fernando},
  booktitle={NeurIPS},
  year={2007}
}

@inproceedings{lin2017feature,
  title={Feature pyramid networks for object detection},
  author={Lin, Tsung-Yi and Doll{\'a}r, Piotr and Girshick, Ross and He, Kaiming and Hariharan, Bharath and Belongie, Serge},
  booktitle={CVPR},
  year={2017}
}

@article{ganin2016domain,
  title={Domain-adversarial training of neural networks},
  author={Ganin, Yaroslav and Ustinova, Evgeniya and Ajakan, Hana and Germain, Pascal and Larochelle, Hugo and Laviolette, Fran{\c{c}}ois and Marchand, Mario and Lempitsky, Victor},
  journal={Journal of Machine Learning Research},
  year={2016},
}

@inproceedings{hong2018conditional,
  title={Conditional generative adversarial network for structured domain adaptation},
  author={Hong, Weixiang and Wang, Zhenzhen and Yang, Ming and Yuan, Junsong},
  booktitle={CVPR},
  year={2018}
}

@inproceedings{hoffman2017cycada,
  title={Cycada: Cycle-consistent adversarial domain adaptation},
  author={Hoffman, Judy and Tzeng, Eric and Park, Taesung and Zhu, Jun-Yan and Isola, Phillip and Saenko, Kate and Efros, Alexei and Darrell, Trevor},
  booktitle={ICML},
  year={2018},
}

@inproceedings{ganin2015unsupervised,
  title={Unsupervised domain adaptation by backpropagation},
  author={Ganin, Yaroslav and Lempitsky, Victor},
  booktitle={ICML},
  year={2015},
}

@inproceedings{tzeng2017adversarial,
  title={Adversarial discriminative domain adaptation},
  author={Tzeng, Eric and Hoffman, Judy and Saenko, Kate and Darrell, Trevor},
  booktitle={CVPR},
  year={2017}
}

@inproceedings{luo2018towards,
    title={Towards Understanding Regularization in Batch Normalization},
    author={Ping Luo and Xinjiang Wang and Wenqi Shao and Zhanglin Peng},
    booktitle={ICLR},
    year={2019},
}

@inproceedings{kohler2019exponential, 
    title = {Exponential convergence rates for Batch Normalization: The power of length-direction decoupling in non-convex optimization}, 
    author = {Kohler, Jonas and Daneshmand, Hadi and Lucchi, Aurelien and Hofmann, Thomas and Zhou, Ming and Neymeyr, Klaus},
    year = {2019},
    booktitle = {AISTATS},
}


@inproceedings{ford2019adversarial,
  title={Adversarial examples are a natural consequence of test error in noise},
  author={Gilmer, Justin and Ford, Nicolas and Carlini, Nicholas and Cubuk, Ekin},
  booktitle={ICML},
  year={2019}
}


@inproceedings{carlini2017towards,
  title={Towards evaluating the robustness of neural networks},
  author={Carlini, Nicholas and Wagner, David},
  booktitle={SP},
  year={2017},
}

@inproceedings{madry2017towards,
  title={Towards deep learning models resistant to adversarial attacks},
  author={Madry, Aleksander and Makelov, Aleksandar and Schmidt, Ludwig and Tsipras, Dimitris and Vladu, Adrian},
  booktitle={ICLR},
  year={2018},
}


@inproceedings{ren2015faster,
  title={Faster {R-CNN}: Towards real-time object detection with region proposal networks},
  author={Ren, Shaoqing and He, Kaiming and Girshick, Ross and Sun, Jian},
  booktitle={NeurIPS},
  year={2015}
}

@inproceedings{lin2014microsoft,
  title={Microsoft {COCO}: Common objects in context},
  author={Lin, Tsung-Yi and Maire, Michael and Belongie, Serge and Hays, James and Perona, Pietro and Ramanan, Deva and Doll{\'a}r, Piotr and Zitnick, C Lawrence},
  booktitle={ECCV},
  year={2014}
}

@inproceedings{liu2016ssd,
  title={{SSD}: Single shot multibox detector},
  author={Liu, Wei and Anguelov, Dragomir and Erhan, Dumitru and Szegedy, Christian and Reed, Scott and Fu, Cheng-Yang and Berg, Alexander C.},
  booktitle={ECCV},
  year={2016}
}

@inproceedings{huang2016deep,
  title={Deep networks with stochastic depth},
  author={Huang, Gao and Sun, Yu and Liu, Zhuang and Sedra, Daniel and Weinberger, Kilian Q},
  booktitle={ECCV},
  year={2016},
}

@article{goyal2017accurate,
  title={Accurate, large minibatch {SGD}: Training {ImageNet} in 1 hour},
  author={Goyal, Priya and Doll{\'a}r, Piotr and Girshick, Ross and Noordhuis, Pieter and Wesolowski, Lukasz and Kyrola, Aapo and Tulloch, Andrew and Jia, Yangqing and He, Kaiming},
  journal={arXiv preprint arXiv:1706.02677},
  year={2017}
}

@inproceedings{huang2017densely,
  title={Densely connected convolutional networks},
  author={Huang, Gao and Liu, Zhuang and Van Der Maaten, Laurens and Weinberger, Kilian Q.},
  booktitle={CVPR},
  year={2017}
}

@inproceedings{szegedy2016rethinking,
  title={Rethinking the inception architecture for computer vision},
  author={Szegedy, Christian and Vanhoucke, Vincent and Ioffe, Sergey and Shlens, Jon and Wojna, Zbigniew},
  booktitle={CVPR},
  year={2016}
}

@inproceedings{szegedy2015going,
  title={Going deeper with convolutions},
  author={Szegedy, Christian and Liu, Wei and Jia, Yangqing and Sermanet, Pierre and Reed, Scott and Anguelov, Dragomir and Erhan, Dumitru and Vanhoucke, Vincent and Rabinovich, Andrew},
  booktitle={CVPR},
  year={2015}
}

@article{ulyanov2016instance,
  title={Instance normalization: The missing ingredient for fast stylization},
  author={Ulyanov, Dmitry and Vedaldi, Andrea and Lempitsky, Victor},
  journal={arXiv preprint arXiv:1607.08022},
  year={2016}
}

@inproceedings{huang2017arbitrary,
  title={Arbitrary style transfer in real-time with adaptive instance normalization},
  author={Huang, Xun and Belongie, Serge},
  booktitle={ICCV},
  year={2017}
}

@article{maaten2008visualizing,
  title={Visualizing data using t-SNE},
  author={Maaten, Laurens van der and Hinton, Geoffrey},
  journal={Journal of machine learning research},
  year={2008}
}

@inproceedings{bai2020targeted,
  title={Targeted Attack for Deep Hashing based Retrieval},
  author={Bai, Jiawang and Chen, Bin and Li, Yiming and Wu, Dongxian and Guo, Weiwei and Xia, Shu-tao and Yang, En-hui},
  booktitle={ECCV},
  year={2020}
}

@inproceedings{mahendran2015understanding,
  title={Understanding deep image representations by inverting them},
  author={Mahendran, Aravindh and Vedaldi, Andrea},
  booktitle={CVPR},
  year={2015}
}

@article{benz2020data,
  title={Data from Model: Extracting Data from Non-robust and Robust Models},
  author={Benz, Philipp and Zhang, Chaoning and Imtiaz, Tooba and Kweon, In-So},
  journal={CVPR workshop on Adversarial Machine Learning in Computer Vision},
  year={2020}
}


@article{benz2020revisiting,
  title={Revisiting Batch Normalization for Improving Corruption Robustness},
  author={Benz, Philipp and Zhang, Chaoning and Karjauv, Adil and Kweon, In So},
  journal={WACV},
  year={2021}
}


@inproceedings{zhang2019revisiting,
  title={Revisiting Residual Networks with Nonlinear Shortcuts},
  author={Zhang, Chaoning and Rameau, Francois and Lee, Seokju and Kim, Junsik and Benz, Philipp and Argaw, Dawit Mureja and Bazin, Jean-Charles and Kweon, In So},
  booktitle={BMVC},
  year={2019},
}

@inproceedings{zhang2019cd-uap,
  title={CD-UAP: Class Discriminative Universal Adversarial Perturbation},
  author={Zhang, Chaoning and Benz, Philipp and Imtiaz, Tooba and Kweon, In-So},
  booktitle={AAAI},
  year={2020}
}

@inproceedings{zhang2020understanding,
  title={Understanding Adversarial Examples from the Mutual Influence of Images and Perturbations},
  author={Zhang, Chaoning and Benz, Philipp and Imtiaz, Tooba and Kweon, In-So},
  booktitle={CVPR},
  year={2020}
}

@article{zhang2020udh,
  title={UDH: Universal Deep Hiding for Steganography, Watermarking, and Light Field Messaging},
  author={Zhang, Chaoning and Benz, Philipp and Karjauv, Adil and Sun, Geng and Kweon, In},
  journal={NeurIPS},
  year={2020}
}

@article{szegedy2013intriguing,
  title={Intriguing properties of neural networks},
  author={Szegedy, Christian and Zaremba, Wojciech and Sutskever, Ilya and Bruna, Joan and Erhan, Dumitru and Goodfellow, Ian and Fergus, Rob},
  journal={arXiv preprint arXiv:1312.6199},
  year={2013}
}

@inproceedings{goodfellow2014explaining,
  title={Explaining and harnessing adversarial examples},
  author={Goodfellow, Ian J and Shlens, Jonathon and Szegedy, Christian},
  booktitle={ICLR},
  year={2015}
}

@inproceedings{zeiler2014visualizing,
  title={Visualizing and understanding convolutional networks},
  author={Zeiler, Matthew D and Fergus, Rob},
  booktitle={ECCV},
  year={2014},
}

@article{olah2017feature,
  title={Feature visualization},
  author={Olah, Chris and Mordvintsev, Alexander and Schubert, Ludwig},
  journal={Distill},
  year={2017}
}

@article{gao2019res2net,
  title={Res2net: A new multi-scale backbone architecture},
  author={Gao, Shanghua and Cheng, Ming-Ming and Zhao, Kai and Zhang, Xin-Yu and Yang, Ming-Hsuan and Torr, Philip HS},
  journal={TPAMI},
  year={2019},
}

@inproceedings{selvaraju2017grad,
  title={Grad-cam: Visual explanations from deep networks via gradient-based localization},
  author={Selvaraju, Ramprasaath R and Cogswell, Michael and Das, Abhishek and Vedantam, Ramakrishna and Parikh, Devi and Batra, Dhruv},
  booktitle={ICCV},
  year={2017}
}

@inproceedings{girshick2014rich,
  title={Rich feature hierarchies for accurate object detection and semantic segmentation},
  author={Girshick, Ross and Donahue, Jeff and Darrell, Trevor and Malik, Jitendra},
  booktitle={CVPR},
  year={2014}
}

@inproceedings{huang2018condensenet,
  title={Condensenet: An efficient densenet using learned group convolutions},
  author={Huang, Gao and Liu, Shichen and Van der Maaten, Laurens and Weinberger, Kilian Q},
  booktitle={CVPR},
  year={2018}
}

@article{larsson2016fractalnet,
  title={Fractalnet: Ultra-deep neural networks without residuals},
  author={Larsson, Gustav and Maire, Michael and Shakhnarovich, Gregory},
  journal={arXiv preprint arXiv:1605.07648},
  year={2016}
}

@article{srivastava2015highway,
  title={Highway networks},
  author={Srivastava, Rupesh Kumar and Greff, Klaus and Schmidhuber, J{\"u}rgen},
  journal={arXiv preprint arXiv:1505.00387},
  year={2015}
}

@article{springenberg2014striving,
  title={Striving for simplicity: The all convolutional net},
  author={Springenberg, Jost Tobias and Dosovitskiy, Alexey and Brox, Thomas and Riedmiller, Martin},
  journal={arXiv preprint arXiv:1412.6806},
  year={2014}
}

@inproceedings{lee2015deeply,
  title={Deeply-supervised nets},
  author={Lee, Chen-Yu and Xie, Saining and Gallagher, Patrick and Zhang, Zhengyou and Tu, Zhuowen},
  booktitle={Artificial intelligence and statistics},
  year={2015}
}

@article{wang2018mixed,
  title={Mixed link networks},
  author={Wang, Wenhai and Li, Xiang and Yang, Jian and Lu, Tong},
  journal={arXiv preprint arXiv:1802.01808},
  year={2018}
}


@inproceedings{chen2017dual,
  title={Dual path networks},
  author={Chen, Yunpeng and Li, Jianan and Xiao, Huaxin and Jin, Xiaojie and Yan, Shuicheng and Feng, Jiashi},
  booktitle={NeurIPS},
  year={2017}
}

@inproceedings{szegedy2017inception,
  title={Inception-v4, inception-resnet and the impact of residual connections on learning},
  author={Szegedy, Christian and Ioffe, Sergey and Vanhoucke, Vincent and Alemi, Alexander A},
  booktitle={AAAI},
  year={2017}
}

@inproceedings{zhang2017interleaved,
  title={Interleaved group convolutions},
  author={Zhang, Ting and Qi, Guo-Jun and Xiao, Bin and Wang, Jingdong},
  booktitle={ICCV},
  year={2017}
}

@article{pleiss2017memory,
  title={Memory-efficient implementation of densenets},
  author={Pleiss, Geoff and Chen, Danlu and Huang, Gao and Li, Tongcheng and van der Maaten, Laurens and Weinberger, Kilian Q},
  journal={arXiv preprint arXiv:1707.06990},
  year={2017}
}

@inproceedings{krizhevsky2012imagenet,
  title={ImageNet classification with deep convolutional neural networks},
  author={Krizhevsky, Alex and Sutskever, Ilya and Hinton, Geoffrey E.},
  booktitle={Advances in Neural Information Processing Systems},
  year={2012}
}

@inproceedings{simonyan2014very,
  title={Very deep convolutional networks for large-scale image recognition},
  author={Simonyan, Karen and Zisserman, Andrew},
  booktitle={ICLR},
  year={2015}
}

@inproceedings{he2016deep,
  title={Deep residual learning for image recognition},
  author={He, Kaiming and Zhang, Xiangyu and Ren, Shaoqing and Sun, Jian},
  booktitle={IEEE/CVF Conference on Computer Vision and Pattern Recognition (CVPR)},
  year={2016}
}

@inproceedings{ioffe2015batch,
  title={Batch normalization: Accelerating deep network training by reducing internal covariate shift},
  author={Ioffe, Sergey and Szegedy, Christian},
  booktitle={ICML},
  year={2015}
}

@inproceedings{zagoruyko2016wide,
  title={Wide residual networks},
  author={Zagoruyko, Sergey and Komodakis, Nikos},
  booktitle={BMVC},
  year={2016}
}

@inproceedings{xie2017aggregated,
  title={Aggregated residual transformations for deep neural networks},
  author={Xie, Saining and Girshick, Ross and Doll{\'a}r, Piotr and Tu, Zhuowen and He, Kaiming},
  booktitle={CVPR},
  year={2017},
}

@article{ba2016layer,
  title={Layer normalization},
  author={Ba, Jimmy Lei and Kiros, Jamie Ryan and Hinton, Geoffrey E.},
  journal={arXiv preprint arXiv:1607.06450},
  year={2016}
}

@inproceedings{wu2018group,
  title={Group normalization},
  author={Wu, Yuxin and He, Kaiming},
  booktitle={ECCV},
  year={2018}
}

@inproceedings{he2016identity,
  title={Identity mappings in deep residual networks},
  author={He, Kaiming and Zhang, Xiangyu and Ren, Shaoqing and Sun, Jian},
  booktitle={ECCV},
  year={2016}
}

@article{lowe2004distinctive,
  title={Distinctive image features from scale-invariant keypoints},
  author={Lowe, David G.},
  journal={IJCV},
  year={2004},
}

@inproceedings{dalal2005histograms,
  title={Histograms of oriented gradients for human detection},
  author={Dalal, Navneet and Triggs, Bill},
  booktitle={CVPR},
  year={2005}
}

@inproceedings{he2017mask,
  title={Mask {R-CNN}},
  author={He, Kaiming and Gkioxari, Georgia and Doll{\'a}r, Piotr and Girshick, Ross},
  booktitle={ICCV},
  year={2017}
}

@inproceedings{salimans2016weight,
  title={Weight normalization: A simple reparameterization to accelerate training of deep neural networks},
  author={Salimans, Tim and Kingma, Durk P.},
  booktitle={NeurIPS},
  year={2016}
}

@article{franccois2018introduction,
  title={An Introduction to Deep Reinforcement Learning},
  author={Fran{\c{c}}ois-Lavet, Vincent and Henderson, Peter and Islam, Riashat and Bellemare, Marc G. and Pineau, Joelle},
  journal={Foundations and Trends{\textregistered} in Machine Learning},
  year={2018},
  publisher={Now Publishers, Inc.}
}

@inproceedings{goodfellow2014generative,
  title={Generative adversarial nets},
  author={Goodfellow, Ian and Pouget-Abadie, Jean and Mirza, Mehdi and Xu, Bing and Warde-Farley, David and Ozair, Sherjil and Courville, Aaron and Bengio, Yoshua},
  booktitle={NeurIPS},
  year={2014}
}

@article{vedaldi2016instance,
  title={Instance Normalization: The Missing Ingredient for Fast Stylization},
  author={Dmitry Ulyanov and Andrea Vedaldi and Victor Lempitsky},
  journal={arXiv preprint arXiv:1607.08022},
  year={2016}
}

@inproceedings{gatys2016image,
  title={Image style transfer using convolutional neural networks},
  author={Gatys, Leon A and Ecker, Alexander S and Bethge, Matthias},
  booktitle={CVPR},
  year={2016}
}

@inproceedings{tran2015learning,
  title={Learning spatiotemporal features with {3D} convolutional networks},
  author={Tran, Du and Bourdev, Lubomir and Fergus, Rob and Torresani, Lorenzo and Paluri, Manohar},
  booktitle={ICCV},
  year={2015}
}

@inproceedings{girshick2015fast,
  title={Fast {R-CNN}},
  author={Girshick, Ross},
  booktitle={ICCV},
  year={2015}
}

@inproceedings{santurkar2018does,
  title={How Does Batch Normalization Help Optimization?},
  author={Santurkar, Shibani and Tsipras, Dimitris and Ilyas, Andrew and Madry, Aleksander},
  booktitle={NeurIPS},
  year={2018}
}

@article{wu2019wider,
  title={Wider or deeper: Revisiting the resnet model for visual recognition},
  author={Wu, Zifeng and Shen, Chunhua and Van Den Hengel, Anton},
  journal={Pattern Recognition},
  year={2019},
}

@inproceedings{philipp2017gradients,
  title={Gradients explode-Deep Networks are shallow-ResNet explained},
  author={Philipp, George and Song, Dawn and Carbonell, Jaime G.},
  booktitle={ICLR Workshop},
  year={2018}
}

@inproceedings{balduzzi2017shattered,
  title={The Shattered Gradients Problem: If resnets are the answer, then what is the question?},
  author={Balduzzi, David and Frean, Marcus and Leary, Lennox and Lewis, JP and Ma, Kurt Wan-Duo and McWilliams, Brian},
  booktitle={ICML},
  year={2017}
}

@inproceedings{veit2016residual,
  title={Residual networks behave like ensembles of relatively shallow networks},
  author={Veit, Andreas and Wilber, Michael and Belongie, Serge},
  booktitle={NeurIPS},
  year={2016}
}

@inproceedings{poole2016exponential,
  title={Exponential expressivity in deep neural networks through transient chaos},
  author={Poole, Ben and Lahiri, Subhaneil and Raghu, Maithra and Sohl-Dickstein, Jascha and Ganguli, Surya},
  booktitle={NeurIPS},
  year={2016}
}

@article{schoenholz2016deep,
  title={Deep information propagation},
  author={Schoenholz, Samuel S and Gilmer, Justin and Ganguli, Surya and Sohl-Dickstein, Jascha},
  journal={ICLR},
  year={2017}
}

@article{raghu2016expressive,
  title={On the expressive power of deep neural networks},
  author={Raghu, Maithra and Poole, Ben and Kleinberg, Jon and Ganguli, Surya and Sohl-Dickstein, Jascha},
  journal={ICML},
  year={2017}
}

@inproceedings{woo2018cbam,
  title={{CBAM}: Convolutional block attention module},
  author={Woo, Sanghyun and Park, Jongchan and Lee, Joon-Young and Kweon, In So},
  booktitle={ECCV},
  year={2018}
}

@inproceedings{park2018bam,
  title={BAM: bottleneck attention module},
  author={Park, Jongchan and Woo, Sanghyun and Lee, Joon-Young and Kweon, In So},
  booktitle={BMVC},
  year={2018}
}

@article{wolpert1997no,
  author={D. H. {Wolpert} and W. G. {Macready}},
  journal={Transactions on Evolutionary Computation}, 
  title={No free lunch theorems for optimization}, 
  year={1997},
}

@inproceedings{deng2009imagenet,
  title={{ImageNet}: A large-scale hierarchical image database},
  author={Deng, Jia and Dong, Wei and Socher, Richard and Li, Li-Jia and Li, Kai and Fei-Fei, Li},
  booktitle={CVPR},
  year={2009}
}

@inproceedings{hu2018squeeze,
  title={Squeeze-and-excitation networks},
  author={Hu, Jie and Shen, Li and Sun, Gang},
  booktitle={CVPR},
  year={2018}
}

@article{jastrzebski2017residual,
  title={Residual connections encourage iterative inference},
  author={Jastrzebski, Stanis{\l}aw and Arpit, Devansh and Ballas, Nicolas and Verma, Vikas and Che, Tong and Bengio, Yoshua},
  journal={arXiv preprint arXiv:1710.04773},
  year={2017}
}

@inproceedings{sandler2018mobilenetv2,
  title={Mobilenetv2: Inverted residuals and linear bottlenecks},
  author={Sandler, Mark and Howard, Andrew and Zhu, Menglong and Zhmoginov, Andrey and Chen, Liang-Chieh},
  booktitle={CVPR},
  year={2018}
}

@inproceedings{khrulkov2017expressive,
  title={Expressive power of recurrent neural networks},
  author={Khrulkov, Valentin and Novikov, Alexander and Oseledets, Ivan},
  booktitle={ICLR},
  year={2018}
}

@article{hendrycks2019benchmarking,
  title={Benchmarking neural network robustness to common corruptions and perturbations},
  author={Hendrycks, Dan and Dietterich, Thomas},
  journal={ICLR},
  year={2019}
}

@article{hendrycks2019augmix,
  title={Augmix: A simple data processing method to improve robustness and uncertainty},
  author={Hendrycks, Dan and Mu, Norman and Cubuk, Ekin D and Zoph, Barret and Gilmer, Justin and Lakshminarayanan, Balaji},
  journal={ICLR},
  year={2020}
}

@article{xie2019intriguing,
  title={Intriguing properties of adversarial training at scale},
  author={Xie, Cihang and Yuille, Alan},
  journal={ICLR},
  year={2020}
}

@inproceedings{romijnders2019domain,
  title={A domain agnostic normalization layer for unsupervised adversarial domain adaptation},
  author={Romijnders, Rob and Meletis, Panagiotis and Dubbelman, Gijs},
  booktitle={WACV},
  year={2019},
}

@article{benz2020robustness,
  title={Robustness May Be at Odds with Fairness: An Empirical Study on Class-wise Accuracy},
  author={Benz, Philipp and Zhang, Chaoning and Karjauv, Adil and Kweon, In So},
  journal={NeurIPS workshop},
  year={2020}
}

@article{lecun2015deep,
  title={Deep learning},
  author={LeCun, Yann and Bengio, Yoshua and Hinton, Geoffrey},
  journal={nature},
  year={2015},
  publisher={Nature Publishing Group}
}

@article{kurakin2016physical,
  title={Adversarial examples in the physical world},
  author={Kurakin, Alexey and Goodfellow, Ian and Bengio, Samy},
  journal={ICLR2017 workshop},
  year={2016}
}

@inproceedings{dong2018boosting,
  title={Boosting adversarial attacks with momentum},
  author={Dong, Yinpeng and Liao, Fangzhou and Pang, Tianyu and Su, Hang and Zhu, Jun and Hu, Xiaolin and Li, Jianguo},
  booktitle={CVPR},
  year={2018}
}

@inproceedings{li2019universal,
  title={Universal perturbation attack against image retrieval},
  author={Li, Jie and Ji, Rongrong and Liu, Hong and Hong, Xiaopeng and Gao, Yue and Tian, Qi},
  booktitle={ICCV},
  year={2019}
}

@article{neekhara2019universal,
  title={Universal adversarial perturbations for speech recognition systems},
  author={Neekhara, Paarth and Hussain, Shehzeen and Pandey, Prakhar and Dubnov, Shlomo and McAuley, Julian and Koushanfar, Farinaz},
  journal={arXiv preprint arXiv:1905.03828},
  year={2019}
}

@article{abdoli2019universal,
  title={Universal adversarial audio perturbations},
  author={Abdoli, Sajjad and Hafemann, Luiz G and Rony, Jerome and Ayed, Ismail Ben and Cardinal, Patrick and Koerich, Alessandro L},
  journal={arXiv preprint arXiv:1908.03173},
  year={2019}
}

@article{vadillo2019universal,
  title={Universal adversarial examples in speech command classification},
  author={Vadillo, Jon and Santana, Roberto},
  journal={arXiv preprint arXiv:1911.10182},
  year={2019}
}

@inproceedings{li2020universal,
  title={Universal Adversarial Perturbations Generative Network For Speaker Recognition},
  author={Li, Jiguo and Zhang, Xinfeng and Jia, Chuanmin and Xu, Jizheng and Zhang, Li and Wang, Yue and Ma, Siwei and Gao, Wen},
  booktitle={ICME},
  year={2020},
}

@inproceedings{Mopuri2017datafree,
  title={Fast Feature Fool: A data independent approach to universal adversarial perturbations},
  author={Konda Reddy Mopuri and Utsav Garg and R. Venkatesh Babu},
  booktitle={BMVC},
  year={2017},
}

@article{mopuri2018generalizable,
  title={Generalizable data-free objective for crafting universal adversarial perturbations},
  author={Mopuri, Konda Reddy and Ganeshan, Aditya and Radhakrishnan, Venkatesh Babu},
  journal={TPAMI},
  year={2018},
}

@inproceedings{reddy2018ask,
  title={Ask, acquire, and attack: Data-free uap generation using class impressions},
  author={Reddy Mopuri, Konda and Krishna Uppala, Phani and Venkatesh Babu, R},
  booktitle={ECCV},
  year={2018}
}

@inproceedings{liu2019universal,
  title={Universal adversarial perturbation via prior driven uncertainty approximation},
  author={Liu, Hong and Ji, Rongrong and Li, Jie and Zhang, Baochang and Gao, Yue and Wu, Yongjian and Huang, Feiyue},
  booktitle={ICCV},
  year={2019}
}

@inproceedings{shafahi2020universal,
  title={Universal Adversarial Training.},
  author={Shafahi, Ali and Najibi, Mahyar and Xu, Zheng and Dickerson, John P and Davis, Larry S and Goldstein, Tom},
  booktitle={AAAI},
  year={2020}
}

@inproceedings{athalye2018obfuscated,
  title={Obfuscated gradients give a false sense of security: Circumventing defenses to adversarial examples},
  author={Athalye, Anish and Carlini, Nicholas and Wagner, David},
  booktitle={ICML},
  year={2018}
}

@inproceedings{tabacof2016exploring,
  title={Exploring the space of adversarial images},
  author={Tabacof, Pedro and Valle, Eduardo},
  booktitle={IJCNN},
  year={2016},
}

@inproceedings{hayes2018learning,
  title={Learning universal adversarial perturbations with generative models},
  author={Hayes, Jamie and Danezis, George},
  booktitle={IEEE Security and Privacy Workshops (SPW)},
  year={2018},
}

@article{zhang2020generalizing,
  title={Generalizing Universal Adversarial Attacks Beyond Additive Perturbations},
  author={Zhang, Yanghao and Ruan, Wenjie and Wang, Fu and Huang, Xiaowei},
  journal={arXiv preprint arXiv:2010.07788},
  year={2020}
}

@article{hashemi2020transferable,
  title={Transferable Universal Adversarial Perturbations Using Generative Models},
  author={Hashemi, Atiye Sadat and B{\"a}r, Andreas and Mozaffari, Saeed and Fingscheidt, Tim},
  journal={arXiv preprint arXiv:2010.14919},
  year={2020}
}

@article{deng2020study,
  title={A Study for Universal Adversarial Attacks on Texture Recognition},
  author={Deng, Yingpeng and Karam, Lina J},
  journal={arXiv preprint arXiv:2010.01506},
  year={2020}
}
@article{ruiz2020protecting,
  title={Protecting Against Image Translation Deepfakes by Leaking Universal Perturbations from Black-Box Neural Networks},
  author={Ruiz, Nataniel and Bargal, Sarah Adel and Sclaroff, Stan},
  journal={arXiv preprint arXiv:2006.06493},
  year={2020}
}

@article{hirano2020vulnerability,
  title={Vulnerability of deep neural networks for detecting COVID-19 cases from chest X-ray images to universal adversarial attacks},
  author={Hirano, Hokuto and Koga, Kazuki and Takemoto, Kazuhiro},
  journal={arXiv preprint arXiv:2005.11061},
  year={2020}
}

@article{kamath2020universalization,
  title={Universalization of any adversarial attack using very few test examples},
  author={Kamath, Sandesh and Deshpande, Amit and Subrahmanyam, KV},
  journal={arXiv preprint arXiv:2005.08632},
  year={2020}
}

@article{sam2019crafting,
  title={Crafting Data-free Universal Adversaries with Dilate Loss},
  author={Sam, Deepak Babu and Sudharsan, KA and Radhakrishnan, Venkatesh Babu and others},
  year={2019}
}

@article{gao2019universal,
  title={Universal Adversarial Perturbation for Text Classification},
  author={Gao, Hang and Oates, Tim},
  journal={arXiv preprint arXiv:1910.04618},
  year={2019}
}

@article{li2018adversarial,
  title={Adversarial perturbations against real-time video classification systems},
  author={Li, Shasha and Neupane, Ajaya and Paul, Sujoy and Song, Chengyu and Krishnamurthy, Srikanth V and Chowdhury, Amit K Roy and Swami, Ananthram},
  journal={arXiv preprint arXiv:1807.00458},
  year={2018}
}

@article{song2020universal,
  title={Universal Adversarial Attacks with Natural Triggers for Text Classification},
  author={Song, Liwei and Yu, Xinwei and Peng, Hsuan-Tung and Narasimhan, Karthik},
  journal={arXiv preprint arXiv:2005.00174},
  year={2020}
}

@inproceedings{behjati2019universal,
  title={Universal adversarial attacks on text classifiers},
  author={Behjati, Melika and Moosavi-Dezfooli, Seyed-Mohsen and Baghshah, Mahdieh Soleymani and Frossard, Pascal},
  booktitle={ICASSP},
  year={2019},
  organization={IEEE}
}

@article{xie2020enabling,
  title={Enabling Fast and Universal Audio Adversarial Attack Using Generative Model},
  author={Xie, Yi and Li, Zhuohang and Shi, Cong and Liu, Jian and Chen, Yingying and Yuan, Bo},
  journal={arXiv preprint arXiv:2004.12261},
  year={2020}
}

@inproceedings{xie2020real,
  title={Real-time, universal, and robust adversarial attacks against speaker recognition systems},
  author={Xie, Yi and Shi, Cong and Li, Zhuohang and Liu, Jian and Chen, Yingying and Yuan, Bo},
  booktitle={ICASSP},
  year={2020},
  organization={IEEE}
}

@article{zang2020graph,
  title={Graph Universal Adversarial Attacks: A Few Bad Actors Ruin Graph Learning Models},
  author={Zang, Xiao and Xie, Yi and Chen, Jie and Yuan, Bo},
  journal={arXiv preprint arXiv:2002.04784},
  year={2020}
}

@article{chen2019appending,
  title={Appending adversarial frames for universal video attack},
  author={Chen, Zhikai and Xie, Lingxi and Pang, Shanmin and He, Yong and Tian, Qi},
  journal={arXiv preprint arXiv:1912.04538},
  year={2019}
}

@article{liu2019universalCNN,
  title={Universal Adversarial Perturbations for CNN Classifiers in EEG-Based BCIs},
  author={Liu, Zihan and Zhang, Xiao and Wu, Dongrui},
  journal={arXiv preprint arXiv:1912.01171},
  year={2019}
}

@article{gupta2019method,
  title={A Method for Computing Class-wise Universal Adversarial Perturbations},
  author={Gupta, Tejus and Sinha, Abhishek and Kumari, Nupur and Singh, Mayank and Krishnamurthy, Balaji},
  journal={arXiv preprint arXiv:1912.00466},
  year={2019}
}

@article{yang2019design,
  title={Design and Interpretation of Universal Adversarial Patches in Face Detection},
  author={Yang, Xiao and Wei, Fangyun and Zhang, Hongyang and Ming, Xiang and Zhu, Jun},
  journal={arXiv preprint arXiv:1912.05021},
  year={2019}
}

@inproceedings{akhtar2018defense,
  title={Defense against universal adversarial perturbations},
  author={Akhtar, Naveed and Liu, Jian and Mian, Ajmal},
  booktitle={CVPR},
  year={2018}
}

@inproceedings{li2019universalrules,
  title={Universal rules for fooling deep neural networks based text classification},
  author={Li, Di and Vargas, Danilo Vasconcellos and Kouichi, Sakurai},
  booktitle={CEC},
  year={2019},
}

@inproceedings{mummadi2019defending,
  title={Defending against universal perturbations with shared adversarial training},
  author={Mummadi, Chaithanya Kumar and Brox, Thomas and Metzen, Jan Hendrik},
  booktitle={ICCV},
  year={2019}
}

@article{chou2020sentinet,
  title={SentiNet: Detecting Localized Universal Attack Against Deep Learning Systems},
  author={Chou, Edward and Tramer, Florian and Pellegrino, Giancarlo},
  journal={IEEE SPW 2020},
  year={2020}
}

@inproceedings{borkar2020defending,
  title={Defending Against Universal Attacks Through Selective Feature Regeneration},
  author={Borkar, Tejas and Heide, Felix and Karam, Lina},
  booktitle={CVPR},
  year={2020}
}

@article{li2019regional,
  title={Regional homogeneity: Towards learning transferable universal adversarial perturbations against defenses},
  author={Li, Yingwei and Bai, Song and Xie, Cihang and Liao, Zhenyu and Shen, Xiaohui and Yuille, Alan L},
  journal={arXiv preprint arXiv:1904.00979},
  year={2019}
}

@article{wallace2019universal,
  title={Universal adversarial triggers for attacking and analyzing NLP},
  author={Wallace, Eric and Feng, Shi and Kandpal, Nikhil and Gardner, Matt and Singh, Sameer},
  journal={arXiv preprint arXiv:1908.07125},
  year={2019}
}

@article{ding2019beyond,
  title={Beyond Universal Person Re-ID Attack},
  author={Ding, Wenjie and Wei, Xing and Qiu, Yunfeng and Ji, Rongrong and Hong, Xiaopeng and Gong, Yihong},
  journal={arXiv preprint arXiv:1910.14184},
  year={2019}
}

@article{dai2019fast,
  title={Fast-UAP: Algorithm for Speeding up Universal Adversarial Perturbation Generation with Orientation of Perturbation Vectors},
  author={Dai, Jiazhu and Shu, Le},
  journal={arXiv preprint arXiv:1911.01172},
  year={2019}
}
@article{cui2020active,
  title={Active Subspace of Neural Networks: Structural Analysis and Universal Attacks},
  author={Cui, Chunfeng and Zhang, Kaiqi and Daulbaev, Talgat and Gusak, Julia and Oseledets, Ivan and Zhang, Zheng},
  journal={SIAM Journal on Mathematics of Data Science},
  year={2020},
}

@article{huang2019universal,
  title={Universal Physical Camouflage Attacks on Object Detectors},
  author={Huang, Lifeng and Gao, Chengying and Zhou, Yuyin and Xie, Cihang and Yuille, Alan and Zou, Changqing and Liu, Ning},
  journal={CVPR},
  year={2020}
}

@article{yuan2019adversarial,
  title={Adversarial examples: Attacks and defenses for deep learning},
  author={Yuan, Xiaoyong and He, Pan and Zhu, Qile and Li, Xiaolin},
  journal={IEEE Transactions on Neural Networks and Learning Systems},
  year={2019},
}

@article{qiu2019review,
  title={Review of artificial intelligence adversarial attack and defense technologies},
  author={Qiu, Shilin and Liu, Qihe and Zhou, Shijie and Wu, Chunjiang},
  journal={Applied Sciences},
  year={2019},
}

@inproceedings{shafahi2019adversarial,
  title={Adversarial training for free!},
  author={Shafahi, Ali and Najibi, Mahyar and Ghiasi, Mohammad Amin and Xu, Zheng and Dickerson, John and Studer, Christoph and Davis, Larry S and Taylor, Gavin and Goldstein, Tom},
  booktitle={NeurIPS},
  year={2019}
}

@inproceedings{zhang2019you,
  title={You only propagate once: Accelerating adversarial training via maximal principle},
  author={Zhang, Dinghuai and Zhang, Tianyuan and Lu, Yiping and Zhu, Zhanxing and Dong, Bin},
  booktitle={NeurIPS},
  year={2019}
}

@inproceedings{wang2019bilateral,
  title={Bilateral adversarial training: Towards fast training of more robust models against adversarial attacks},
  author={Wang, Jianyu and Zhang, Haichao},
  booktitle={ICCV},
  year={2019}
}

@article{terzi2020adversarial,
  title={Adversarial Training Reduces Information and Improves Transferability},
  author={Terzi, Matteo and Achille, Alessandro and Maggipinto, Marco and Susto, Gian Antonio},
  journal={arXiv preprint arXiv:2007.11259},
  year={2020}
}

@article{wang2020initializing,
  title={Initializing Perturbations in Multiple Directions for Fast Adversarial Training},
  author={Wang, Xunguang and Xu, Ship Peng and Wang, Eric Ke},
  journal={arXiv preprint arXiv:2005.07606},
  year={2020}
}

@article{wong2020fast,
  title={Fast is better than free: Revisiting adversarial training},
  author={Wong, Eric and Rice, Leslie and Kolter, J Zico},
  journal={ICLR},
  year={2020}
}

@article{chawla2002smote,
  title={SMOTE: synthetic minority over-sampling technique},
  author={Chawla, Nitesh V and Bowyer, Kevin W and Hall, Lawrence O and Kegelmeyer, W Philip},
  journal={Journal of artificial intelligence research},
  year={2002}
}

@inproceedings{he2008adasyn,
  title={ADASYN: Adaptive synthetic sampling approach for imbalanced learning},
  author={He, Haibo and Bai, Yang and Garcia, Edwardo A and Li, Shutao},
  booktitle={International joint conference on neural networks},
  year={2008},
}

@inproceedings{drummond2003c4,
  title={Class imbalance, and cost sensitivity: why under-sampling beats over-sampling},
  author={Drummond, Chris and Holte, Robert C and others},
  booktitle={Workshop on learning from imbalanced datasets II},
  year={2003},
}

@article{tang2008svms,
  title={SVMs modeling for highly imbalanced classification},
  author={Tang, Yuchun and Zhang, Yan-Qing and Chawla, Nitesh V and Krasser, Sven},
  journal={Transactions on Systems, Man, and Cybernetics},
  year={2008},
}

@article{buda2018systematic,
  title={A systematic study of the class imbalance problem in convolutional neural networks},
  author={Buda, Mateusz and Maki, Atsuto and Mazurowski, Maciej A},
  journal={Neural Networks},
  year={2018},
}

@article{japkowicz2002class,
  title={The class imbalance problem: A systematic study},
  author={Japkowicz, Nathalie and Stephen, Shaju},
  journal={Intelligent data analysis},
  year={2002},
}

@inproceedings{elkan2001foundations,
  title={The foundations of cost-sensitive learning},
  author={Elkan, Charles},
  booktitle={IJCAI},
  year={2001},
}

@article{huang2015learning,
  title={Learning with a strong adversary},
  author={Huang, Ruitong and Xu, Bing and Schuurmans, Dale and Szepesv{\'a}ri, Csaba},
  journal={arXiv preprint arXiv:1511.03034},
  year={2015}
}

@inproceedings{cui2019class,
  title={Class-balanced loss based on effective number of samples},
  author={Cui, Yin and Jia, Menglin and Lin, Tsung-Yi and Song, Yang and Belongie, Serge},
  booktitle={CVPR},
  year={2019}
}

@inproceedings{cao2019learning,
  title={Learning imbalanced datasets with label-distribution-aware margin loss},
  author={Cao, Kaidi and Wei, Colin and Gaidon, Adrien and Arechiga, Nikos and Ma, Tengyu},
  booktitle={NeurIPS},
  year={2019}
}

@inproceedings{netzer2011reading,
  title={Reading digits in natural images with unsupervised feature learning},
  author={Netzer, Yuval and Wang, Tao and Coates, Adam and Bissacco, Alessandro and Wu, Bo and Ng, Andrew Y},
  booktitle={NeurIPS},
  year={2011}
}

@article{kendall1946advanced,
  title={The advanced theory of statistics.},
  author={Kendall, Maurice George and others},
  journal={The advanced theory of statistics.},
  number={2nd Ed},
  year={1946},
  publisher={Charles Griffin and Co., Ltd., London}
}

@article{he2009learning,
  title={Learning from imbalanced data},
  author={He, Haibo and Garcia, Edwardo A},
  journal={Transactions on knowledge and data engineering},
  year={2009},
}

@inproceedings{huang2016learning,
  title={Learning deep representation for imbalanced classification},
  author={Huang, Chen and Li, Yining and Loy, Chen Change and Tang, Xiaoou},
  booktitle={CVPR},
  year={2016}
}

@article{ahmadi2020redmark,
  title={ReDMark: Framework for residual diffusion watermarking based on deep networks},
  author={Ahmadi, Mahdi and Norouzi, Alireza and Karimi, Nader and Samavi, Shadrokh and Emami, Ali},
  journal={Expert Systems with Applications},
  year={2020},
}

@inproceedings{shin2017jpeg,
  title={Jpeg-resistant adversarial images},
  author={Shin, Richard and Song, Dawn},
  booktitle={NIPS 2017 Workshop on Machine Learning and Computer Security},
  year={2017}
}

@article{singh2018new,
  title={A new robust watermarking system in integer DCT domain},
  author={Singh, Satendra Pal and Bhatnagar, Gaurav},
  journal={Journal of Visual Communication and Image Representation},
  year={2018},
}

@article{singh2012robust,
  title={A robust watermarking approach using DCT-DWT},
  author={Singh, Surya Pratap and Rawat, Paresh and Agrawal, Sudhir},
  journal={International journal of emerging technology and advanced engineering},
  year={2012}
}

@article{harish2013hybrid,
  title={Hybrid robust watermarking techniques based on DWT, DCT, and SVD},
  author={Harish, NJ and Kumar, BBS and Kusagur, Ashok},
  journal={International Journal of Advanced Electrical and electronics engineering},
  year={2013}
}

@article{lu2009robust,
  title={Robust watermarking based on DWT and nonnegative matrix factorization},
  author={Lu, Wei and Sun, Wei and Lu, Hongtao},
  journal={Computers \& Electrical Engineering},
  year={2009},
  publisher={Elsevier}
}

@article{bhinder2018image,
  title={Image-adaptive watermarking using maximum likelihood decoder for medical images},
  author={Bhinder, Preeti and Singh, Kulbir and Jindal, Neeru},
  journal={Multimedia Tools and Applications},
  year={2018}
}

@article{chen2018quaternion,
  title={Quaternion discrete fractional random transform for color image adaptive watermarking},
  author={Chen, Beijing and Zhou, Chunfei and Jeon, Byeungwoo and Zheng, Yuhui and Wang, Jinwei},
  journal={Multimedia Tools and Applications},
  year={2018}
}

@book{sayood2017introduction,
  title={Introduction to data compression},
  author={Sayood, Khalid},
  year={2017}
}

@book{pennebaker1992jpeg,
  title={JPEG: Still image data compression standard},
  author={Pennebaker, William B and Mitchell, Joan L},
  year={1992},
}

@article{skodras2001jpeg,
  title={The jpeg 2000 still image compression standard},
  author={Skodras, Athanassios and Christopoulos, Charilaos and Ebrahimi, Touradj},
  journal={IEEE Signal processing magazine},
  year={2001},
}

@inproceedings{stamm2002new,
  title={A new progressive file format for lossy and lossless image compression},
  author={Stamm, Christoph},
  booktitle={Proceedings of the International Conferences in Central Europe on Computer Graphics, Visualization and Computer Vision, Plzen, Czech Republic},
  year={2002}
}

@article{ginesu2012objective,
  title={Objective assessment of the WebP image coding algorithm},
  author={Ginesu, Giaime and Pintus, Maurizio and Giusto, Daniele D},
  journal={Signal Processing: Image Communication},
  year={2012}
}

@article{le1991mpeg,
  title={MPEG: A video compression standard for multimedia applications},
  author={Le Gall, Didier},
  journal={Communications of the ACM},
  year={1991},
}

@inproceedings{zhu2018hidden,
  title={Hidden: Hiding data with deep networks},
  author={Zhu, Jiren and Kaplan, Russell and Johnson, Justin and Fei-Fei, Li},
  booktitle={ECCV},
  year={2018}
}

@article{isac2011study,
  title={A study on digital image and video watermarking schemes using neural networks},
  author={Isac, Bibi and Santhi, V},
  journal={International Journal of Computer Applications},
  year={2011},
}

@inproceedings{jin2007applications,
  title={Applications of a neural network to estimate watermark embedding strength},
  author={Jin, Cong and Wang, Shihui},
  booktitle={International Workshop on Image Analysis for Multimedia Interactive Services (WIAMIS)},
  year={2007},
}

@article{kandi2017exploring,
  title={Exploring the learning capabilities of convolutional neural networks for robust image watermarking},
  author={Kandi, Haribabu and Mishra, Deepak and Gorthi, Subrahmanyam RK Sai},
  journal={Computers \& Security},
  year={2017},
}

@article{mun2017robust,
  title={A robust blind watermarking using convolutional neural network},
  author={Mun, Seung-Min and Nam, Seung-Hun and Jang, Han-Ul and Kim, Dongkyu and Lee, Heung-Kyu},
  journal={arXiv preprint arXiv:1704.03248},
  year={2017}
}

@inproceedings{hayes2017generating,
  title={Generating steganographic images via adversarial training},
  author={Hayes, Jamie and Danezis, George},
  booktitle={NeurIPS},
  year={2017}
}

@inproceedings{baluja2017hiding,
  title={Hiding images in plain sight: Deep steganography},
  author={Baluja, Shumeet},
  booktitle={NeurIPS},
  year={2017}
}

@article{weng2018convolutional,
  title={Convolutional video steganography with temporal residual modeling},
  author={Weng, Xinyu and Li, Yongzhi and Chi, Lu and Mu, Yadong},
  journal={arXiv preprint arXiv:1806.02941},
  year={2018}
}

@inproceedings{wu2018image,
  title={Image-into-Image Steganography Using Deep Convolutional Network},
  author={Wu, Pin and Yang, Yang and Li, Xiaoqiang},
  booktitle={Pacific Rim Conference on Multimedia},
  year={2018},
}

@article{bao2018robust,
  title={A robust image steganography on resisting JPEG compression with no side information},
  author={Bao, Z and Luo, X and Zhang, Y and Yang, C and Liu, F},
  journal={IETE Technical Review},
  year={2018},
}

@phdthesis{alenizi2017robust,
  title={Robust Data Hiding in Multimedia for Authentication and Ownership Protection},
  author={Alenizi, Farhan A},
  year={2017}
}

@book{huang2009information,
  title={Information hiding and applications},
  author={Huang, Hsiang-Cheh},
  year={2009}
}

@inproceedings{narodytska2017simple,
  title={Simple black-box adversarial attacks on deep neural networks},
  author={Narodytska, Nina and Kasiviswanathan, Shiva},
  booktitle={CVPRW},
  year={2017}
}

@article{guo2019simple,
  title={Simple black-box adversarial attacks},
  author={Guo, Chuan and Gardner, Jacob R and You, Yurong and Wilson, Andrew Gordon and Weinberger, Kilian Q},
  journal={ICML},
  year={2019}
}

@inproceedings{xie2019improving,
  title={Improving transferability of adversarial examples with input diversity},
  author={Xie, Cihang and Zhang, Zhishuai and Zhou, Yuyin and Bai, Song and Wang, Jianyu and Ren, Zhou and Yuille, Alan L},
  booktitle={IEEE/CVF Conference on Computer Vision and Pattern Recognition (CVPR)},
  year={2019}
}

@inproceedings{naseer2019cross,
  title={Cross-domain transferability of adversarial perturbations},
  author={Naseer, Muhammad Muzammal and Khan, Salman H and Khan, Muhammad Haris and Shahbaz Khan, Fahad and Porikli, Fatih},
  booktitle={NeurIPS},
  year={2019}
}

@article{wu2019universal,
  title={Universal, transferable and targeted adversarial attacks},
  author={Wu, Junde and Fu, Rao},
  journal={arXiv preprint arXiv:1908.11332},
  year={2019}
}

@article{deshpande2019universal,
  title={Universal Adversarial Attack Using Very Few Test Examples},
  author={Deshpande, Amit and Kamath, Sandesh and Subrahmanyam, KV},
  year={2019}
}

@book{markovsky2012low,
  title={Low rank approximation},
  author={Markovsky, Ivan and Usevich, KONSTANTIN},
  year={2012},
  publisher={Springer}
}


@article{cai2018curriculum,
  author    = {Qi{-}Zhi Cai and
               Min Du and
               Chang Liu and
               Dawn Song},
  title     = {Curriculum Adversarial Training},
  journal   = {CoRR},
  volume    = {abs/1805.04807},
  year      = {2018},
  url       = {http://arxiv.org/abs/1805.04807},
  eprinttype = {arXiv},
  eprint    = {1805.04807},
  timestamp = {Mon, 22 Jul 2019 13:37:30 +0200},
  biburl    = {https://dblp.org/rec/journals/corr/abs-1805-04807.bib},
  bibsource = {dblp computer science bibliography, https://dblp.org}
}

@article{yang2020closer,
  title={A closer look at accuracy vs. robustness},
  author={Yang, Yao-Yuan and Rashtchian, Cyrus and Zhang, Hongyang and Salakhutdinov, Russ R and Chaudhuri, Kamalika},
  journal={NeurIPS},
  year={2020}
}

@article{benz2020Universal,
  title={Universal Adversarial Perturbations are Not Bugs, They are Features},
  author={Benz, Philipp and Zhang, Chaoning and Imtiaz, Tooba and Kweon, In-So},
  journal={CVPR workshop on Adversarial Machine Learning in Computer Vision},
  year={2020}
}

@article{jo2017measuring,
  title={Measuring the tendency of CNNs to learn surface statistical regularities},
  author={Jo, Jason and Bengio, Yoshua},
  journal={arXiv preprint arXiv:1711.11561},
  year={2017}
}

@inproceedings{wang2020high,
  title={High frequency component helps explain the generalization of convolutional neural networks},
  author={Wang, Haohan and Wu, Xindi and Yin, Pengcheng and Xing, Eric P},
  journal={arXiv preprint arXiv:1905.13545},
  booktitle={CVPR},
  year={2020}
}


@inproceedings{guo2020low,
  title = 	 {Low Frequency Adversarial Perturbation},
  author =   {Guo, Chuan and Frank, Jared S. and Weinberger, Kilian Q.},
  booktitle = {UAI},
  year = 	 {2019}
}

@inproceedings{sharma2019effectiveness,
  title     = {On the Effectiveness of Low Frequency Perturbations},
  author    = {Sharma, Yash and Ding, Gavin Weiguang and Brubaker, Marcus A.},
  booktitle = {IJCAI},
  year      = {2019},
}

@inproceedings{carlini2017adversarial,
  title={Adversarial examples are not easily detected},
  author={Carlini, Nicholas and Wagner, David},
  booktitle={ACM Workshop on Artificial Intelligence and Security},
  year={2017}
}

@article{gong2017adversarial,
  title={Adversarial and clean data are not twins},
  author={Gong, Zhitao and Wang, Wenlu and Ku, Wei-Shinn},
  journal={arXiv preprint arXiv:1704.04960},
  year={2017}
}

@article{grosse2017statistical,
  title={On the (statistical) detection of adversarial examples},
  author={Grosse, Kathrin and Manoharan, Praveen and Papernot, Nicolas and Backes, Michael and McDaniel, Patrick},
  journal={arXiv preprint arXiv:1702.06280},
  year={2017}
}

@inproceedings{metzen2017detecting,
  title={On detecting adversarial perturbations},
  author={Metzen, Jan Hendrik and Genewein, Tim and Fischer, Volker and Bischoff, Bastian},
  booktitle={ICLR},
  year={2017}
}

@article{bubeck2018adversarial,
  title={Adversarial examples from computational constraints},
  author={Bubeck, S{\'e}bastien and Price, Eric and Razenshteyn, Ilya},
  journal={arXiv preprint arXiv:1805.10204},
  year={2018}
}

@inproceedings{bubeck2019adversarial,
  title = 	  {Adversarial examples from computational constraints},
  author =    {Bubeck, Sebastien and Lee, Yin Tat and Price, Eric and Razenshteyn, Ilya},
  booktitle = {PMLR},
  year = 	  {2019},
}

@article{nakkiran2019a,
  author = {Nakkiran, Preetum},
  title = {A Discussion of 'Adversarial Examples Are Not Bugs, They Are Features': Adversarial Examples are Just Bugs, Too},
  journal = {Distill},
  year = {2019},
  note = {https://distill.pub/2019/advex-bugs-discussion/response-5},
}

@inproceedings{wengrowski2019light,
  title={Light Field Messaging With Deep Photographic Steganography},
  author={Wengrowski, Eric and Dana, Kristin},
  booktitle={CVPR},
  year={2019}
}

@article{baluja2019hiding,
  title={Hiding images within images},
  author={Baluja, Shumeet},
  journal={T-PAMI},
  year={2019},
}

@article{sharda2013image,
  title={Image steganography: A review},
  author={Sharda, Shikha and Budhiraja, Sumit},
  journal={IJETAE},
  year={2013},
}

@article{acharya2013secure,
    title = {A Secure And High Capacity Image Steganography Technique},
    author = {Shivaram, Hemalatha and Acharya, Dinesh and Adige, Renuka and Kamath, Priya},
    journal = {Signal \& Image Processing : An International Journal},
    year = {2013},
}

@article{aydemir2018effects,
  title={The effects of JPEG and JPEG2000 compression on attacks using adversarial examples},
  author={Aydemir, Ayse Elvan and Temizel, Alptekin and Temizel, Tugba Taskaya},
  journal={arXiv preprint arXiv:1803.10418},
  year={2018}
}

@article{mishravstegnet,
  title={VStegNET: Video Steganography Network using Spatio-Temporal features and Micro-Bottleneck},
  author={Mishra, Aayush and Kumar, Suraj and Nigam, Aditya and Islam, Saiful},
  journal={BMVC},
  year={2019}
}

@book{lim1990two,
    author = {Lim, Jae S.},
    title = {Two-Dimensional Signal and Image Processing},
    year = {1990},
    publisher = {Prentice-Hall, Inc.},
}

@inproceedings{ronneberger2015u,
  title={U-net: Convolutional networks for biomedical image segmentation},
  author={Ronneberger, Olaf and Fischer, Philipp and Brox, Thomas},
  booktitle={International Conference on Medical image computing and computer-assisted intervention},
  year={2015},
}

@article{oliva2006hybrid,
  title={Hybrid images},
  author={Oliva, Aude and Torralba, Antonio and Schyns, Philippe G},
  journal={TOG},
  year={2006},
}

@inproceedings{argaw2021motion,
  title={Motion-blurred Video Interpolation and Extrapolation},
  author={Argaw, Dawit Mureja and Kim, Junsik and Rameau, Francois and Kweon, In So},
  booktitle={AAAI},
  year={2021}
}

@inproceedings{argaw2021optical,
  title={Optical Flow Estimation from a Single Motion-blurred Image},
  author={Argaw, Dawit Mureja and Kim, Junsik and Rameau, Francois and Cho, Jae Won and Kweon, In So},
  booktitle={AAAI},
  year={2021}
}

@article{vania2019automatic,
  title={Automatic spine segmentation from CT images using convolutional neural network via redundant generation of class labels},
  author={Vania, Malinda and Mureja, Dawit and Lee, Deukhee},
  journal={Journal of Computational Design and Engineering},
  year={2019}
}

@article{lee2019learning,
  title={Learning Residual Flow as Dynamic Motion from Stereo Video},
  author={Lee, Seokju Lee and Im, Sunghoon and Lin, Stephen and Kweon, In So},
  journal={IROS},
  year={2019}
}

@article{lee2019visuomotor,
  title={Visuomotor Understanding for Representation Learning of Driving Scenes},
  author={Lee, Seokju and Kim, Junsik and Oh, Tae-Hyun and Jeong, Yongseop and Yoo, Donggeunm and Lin, Stephen and Kweon, In So},
  journal={BMVC},
  year={2019}
}

@inproceedings{quiring2018forgotten,
  title={Forgotten siblings: Unifying attacks on machine learning and digital watermarking},
  author={Quiring, Erwin and Arp, Daniel and Rieck, Konrad},
  booktitle={EuroS\&P},
  year={2018}
}

@article{schottle2018detecting,
  title={Detecting adversarial examples-A lesson from multimedia forensics},
  author={Sch{\"o}ttle, Pascal and Schl{\"o}gl, Alexander and Pasquini, Cecilia and B{\"o}hme, Rainer},
  journal={arXiv preprint arXiv:1803.03613},
  year={2018}
}

@article{bonnet2020adversarial,
  title={Adversarial Images through Stega Glasses},
  author={Bonnet, Beno{\^\i}t and Furon, Teddy and Bas, Patrick},
  journal={arXiv preprint arXiv:2010.07542},
  year={2020}
}

@article{schneider2020improving,
  title={Improving robustness against common corruptions by covariate shift adaptation},
  author={Schneider, Steffen and Rusak, Evgenia and Eck, Luisa and Bringmann, Oliver and Brendel, Wieland and Bethge, Matthias},
  journal={NeurIPS},
  year={2020}
}

@inproceedings{li2020towards,
  title={Towards Transferable Targeted Attack},
  author={Li, Maosen and Deng, Cheng and Li, Tengjiao and Yan, Junchi and Gao, Xinbo and Huang, Heng},
  booktitle={CVPR},
  year={2020}
}

@inproceedings{ganeshan2019fda,
  title={FDA: Feature disruptive attack},
  author={Ganeshan, Aditya and Babu, R Venkatesh},
  booktitle={ICCV},
  year={2019}
}

@article{zhang2020jpeg,
  title={Towards Robust Data Hiding Against (JPEG) Compression: A Pseudo-Differentiable Deep Learning Approach},
  author={Zhang, Chaoning and Benz, Philipp and Karjauv, Adil and Kweon, In So},
  journal={arXiv preprint arXiv:2101.00973},
  year={2020}
}

@inproceedings{zhou2018transferable,
  title={Transferable adversarial perturbations},
  author={Zhou, Wen and Hou, Xin and Chen, Yongjun and Tang, Mengyun and Huang, Xiangqi and Gan, Xiang and Yang, Yong},
  booktitle={ECCV},
  year={2018}
}

@inproceedings{dong2019evading,
  title={Evading defenses to transferable adversarial examples by translation-invariant attacks},
  author={Dong, Yinpeng and Pang, Tianyu and Su, Hang and Zhu, Jun},
  booktitle={CVPR},
  year={2019}
}

@article{tramer2017ensemble,
  title={Ensemble adversarial training: Attacks and defenses},
  author={Tram{\`e}r, Florian and Kurakin, Alexey and Papernot, Nicolas and Goodfellow, Ian and Boneh, Dan and McDaniel, Patrick},
  journal={ICLR},
  year={2018}
}

@article{liu2016delving,
  title={Delving into transferable adversarial examples and black-box attacks},
  author={Liu, Yanpei and Chen, Xinyun and Liu, Chang and Song, Dawn},
  journal={ICLR},
  year={2017}
}

@inproceedings{huang2019enhancing,
  title={Enhancing adversarial example transferability with an intermediate level attack},
  author={Huang, Qian and Katsman, Isay and He, Horace and Gu, Zeqi and Belongie, Serge and Lim, Ser-Nam},
  booktitle={ICCV},
  year={2019}
}

@inproceedings{li2020yet,
  title={Yet Another Intermediate-Level Attack},
  author={Li, Qizhang and Guo, Yiwen and Chen, Hao},
  booktitle={ECCV},
  year={2020},
}

@article{wu2020skip,
  title={Skip connections matter: On the transferability of adversarial examples generated with resnets},
  author={Wu, Dongxian and Wang, Yisen and Xia, Shu-Tao and Bailey, James and Ma, Xingjun},
  journal={arXiv preprint arXiv:2002.05990},
  year={2020}
}

@article{guo2020backpropagating,
  title={Backpropagating linearly improves transferability of adversarial examples},
  author={Guo, Yiwen and Li, Qizhang and Chen, Hao},
  journal={arXiv preprint arXiv:2012.03528},
  year={2020}
}

@inproceedings{rozsa2017lots,
  title={LOTS about attacking deep features},
  author={Rozsa, Andras and G{\"u}nther, Manuel and Boult, Terranee E},
  booktitle={IJCB},
  year={2017},
}

@inproceedings{inkawhich2019feature,
  title={Feature space perturbations yield more transferable adversarial examples},
  author={Inkawhich, Nathan and Wen, Wei and Li, Hai Helen and Chen, Yiran},
  booktitle={CVPR},
  year={2019}
}

@article{inkawhich2020transferable,
  title={Transferable perturbations of deep feature distributions},
  author={Inkawhich, Nathan and Liang, Kevin J and Carin, Lawrence and Chen, Yiran},
  journal={ICLR},
  year={2020}
}

@article{inkawhich2020perturbing,
  title={Perturbing across the feature hierarchy to improve standard and strict blackbox attack transferability},
  author={Inkawhich, Nathan and Liang, Kevin J and Wang, Binghui and Inkawhich, Matthew and Carin, Lawrence and Chen, Yiran},
  journal={NeurIPS},
  year={2020}
}

@article{hinton2015distilling,
  title={Distilling the knowledge in a neural network},
  author={Hinton, Geoffrey and Vinyals, Oriol and Dean, Jeff},
  journal={arXiv preprint arXiv:1503.02531},
  year={2015}
}

@inproceedings{cho2019efficacy,
  title={On the efficacy of knowledge distillation},
  author={Cho, Jang Hyun and Hariharan, Bharath},
  booktitle={ICCV},
  year={2019}
}

@article{gowal2019alternative,
  title={An alternative surrogate loss for pgd-based adversarial testing},
  author={Gowal, Sven and Uesato, Jonathan and Qin, Chongli and Huang, Po-Sen and Mann, Timothy and Kohli, Pushmeet},
  journal={arXiv preprint arXiv:1910.09338},
  year={2019}
}

@inproceedings{lee2020adversarial,
  title={Adversarial vertex mixup: Toward better adversarially robust generalization},
  author={Lee, Saehyung and Lee, Hyungyu and Yoon, Sungroh},
  booktitle={CVPR},
  year={2020}
}

@article{akbiyik2019data,
  title={Data Augmentation in Training CNNs: Injecting Noise to Images},
  author={Akbiyik, Murtaza Eren},
  year={2019}
}

@inproceedings{hussein2017tumornet,
  title={Tumornet: Lung nodule characterization using multi-view convolutional neural network with gaussian process},
  author={Hussein, Sarfaraz and Gillies, Robert and Cao, Kunlin and Song, Qi and Bagci, Ulas},
  booktitle={ISBI},
  year={2017}
}

@inproceedings{he2019parametric,
  title={Parametric noise injection: Trainable randomness to improve deep neural network robustness against adversarial attack},
  author={He, Zhezhi and Rakin, Adnan Siraj and Fan, Deliang},
  booktitle={CVPR},
  year={2019}
}

@article{kingma2013auto,
  title={Auto-encoding variational bayes},
  author={Kingma, Diederik P and Welling, Max},
  journal={arXiv preprint arXiv:1312.6114},
  year={2013}
}

@inproceedings{ANL,
  title     = {Adversarial Noise Layer: Regularize Neural Network By Adding Noise},
  author    = {You, Zhonghui and Ye, Jinmian and Li, Kunming and Wang, Ping},
  booktitle = {ICIP},
  year      = {2019}
}

@inproceedings{mopuri2018nag,
author = {Mopuri, Konda Reddy and Ojha, Utkarsh and Garg, Utsav and Babu, R. Venkatesh},
title = {NAG: Network for Adversary Generation},
booktitle = {CVPR},
year = {2018}
}

@inproceedings{mopuri2018ask,
author = {Mopuri, Konda Reddy and Uppala, Phani Krishna and Babu, R. Venkatesh},
title = {Ask, Acquire, and Attack: Data-free UAP Generation using Class Impressions},
booktitle = {ECCV},
year = {2018}
}

@article{perolat2018playing,
  title={Playing the game of universal adversarial perturbations},
  author={Perolat, Julien and Malinowski, Mateusz and Piot, Bilal and Pietquin, Olivier},
  journal={arXiv preprint arXiv:1809.07802},
  year={2018}
}

@article{zhang2021universal,
  title={Universal Adversarial Perturbations Through the Lens of Deep Steganography: Towards A Fourier Perspective},
  author={Zhang, Chaoning and Benz, Philipp and Karjauv, Adil and Kweon, In So},
  journal={AAAI},
  year={2021}
}

@article{wu2020decision,
  title={Decision-based Universal Adversarial Attack},
  author={Wu, Jing and Zhou, Mingyi and Liu, Shuaicheng and Liu, Yipeng and Zhu, Ce},
  journal={arXiv preprint arXiv:2009.07024},
  year={2020}
}

@inproceedings{chen2017zoo,
  title={Zoo: Zeroth order optimization based black-box attacks to deep neural networks without training substitute models},
  author={Chen, Pin-Yu and Zhang, Huan and Sharma, Yash and Yi, Jinfeng and Hsieh, Cho-Jui},
  booktitle={ACM workshop on artificial intelligence and security},
  year={2017}
}

@inproceedings{ilyas2018black,
  title={Black-box adversarial attacks with limited queries and information},
  author={Ilyas, Andrew and Engstrom, Logan and Athalye, Anish and Lin, Jessy},
  booktitle={ICML},
  year={2018}
}

@article{ilyas2018prior,
  title={Prior convictions: Black-box adversarial attacks with bandits and priors},
  author={Ilyas, Andrew and Engstrom, Logan and Madry, Aleksander},
  journal={ICLR},
  year={2019}
}

@inproceedings{tu2019autozoom,
  title={Autozoom: Autoencoder-based zeroth order optimization method for attacking black-box neural networks},
  author={Tu, Chun-Chen and Ting, Paishun and Chen, Pin-Yu and Liu, Sijia and Zhang, Huan and Yi, Jinfeng and Hsieh, Cho-Jui and Cheng, Shin-Ming},
  booktitle={AAAI},
  year={2019}
}

@inproceedings{papernot2017practical,
  title={Practical black-box attacks against machine learning},
  author={Papernot, Nicolas and McDaniel, Patrick and Goodfellow, Ian and Jha, Somesh and Celik, Z Berkay and Swami, Ananthram},
  booktitle={ACM on Asia conference on computer and communications security},
  year={2017}
}

@article{cheng2019improving,
  title={Improving black-box adversarial attacks with a transfer-based prior},
  author={Cheng, Shuyu and Dong, Yinpeng and Pang, Tianyu and Su, Hang and Zhu, Jun},
  journal={NeurIPS},
  year={2019}
}

@article{yan2019subspace,
  title={Subspace attack: Exploiting promising subspaces for query-efficient black-box attacks},
  author={Yan, Ziang and Guo, Yiwen and Zhang, Changshui},
  journal={NeurIPS},
  year={2019}
}

@article{huang2019black,
  title={Black-box adversarial attack with transferable model-based embedding},
  author={Huang, Zhichao and Zhang, Tong},
  journal={ICLR},
  year={2020}
}

@article{li2020practical,
  title={Practical no-box adversarial attacks against dnns},
  author={Li, Qizhang and Guo, Yiwen and Chen, Hao},
  journal={NeurIPS},
  year={2020}
}

@inproceedings{tramer2016stealing,
  title={Stealing machine learning models via prediction apis},
  author={Tram{\`e}r, Florian and Zhang, Fan and Juels, Ari and Reiter, Michael K and Ristenpart, Thomas},
  booktitle={$\{$USENIX$\}$},
  year={2016}
}

@inproceedings{zhou2020dast,
  title={Dast: Data-free substitute training for adversarial attacks},
  author={Zhou, Mingyi and Wu, Jing and Liu, Yipeng and Liu, Shuaicheng and Zhu, Ce},
  booktitle={CVPR},
  year={2020}
}

@article{papernot2016transferability,
  title={Transferability in machine learning: from phenomena to black-box attacks using adversarial samples},
  author={Papernot, Nicolas and McDaniel, Patrick and Goodfellow, Ian},
  journal={arXiv preprint arXiv:1605.07277},
  year={2016}
}

@article{brendel2017decision,
  title={Decision-based adversarial attacks: Reliable attacks against black-box machine learning models},
  author={Brendel, Wieland and Rauber, Jonas and Bethge, Matthias},
  journal={arXiv preprint arXiv:1712.04248},
  year={2017}
}

@inproceedings{chen2020hopskipjumpattack,
  title={Hopskipjumpattack: A query-efficient decision-based attack},
  author={Chen, Jianbo and Jordan, Michael I and Wainwright, Martin J},
  booktitle={ieee symposium on security and privacy (sp)},
  year={2020}
}

@inproceedings{dong2019efficient,
  title={Efficient decision-based black-box adversarial attacks on face recognition},
  author={Dong, Yinpeng and Su, Hang and Wu, Baoyuan and Li, Zhifeng and Liu, Wei and Zhang, Tong and Zhu, Jun},
  booktitle={CVPR},
  year={2019}
}

@article{guo2017countering,
  title={Countering adversarial images using input transformations},
  author={Guo, Chuan and Rana, Mayank and Cisse, Moustapha and Van Der Maaten, Laurens},
  journal={arXiv preprint arXiv:1711.00117},
  year={2017}
}

@inproceedings{xie2020adversarial,
  title={Adversarial examples improve image recognition},
  author={Xie, Cihang and Tan, Mingxing and Gong, Boqing and Wang, Jiang and Yuille, Alan L and Le, Quoc V},
  booktitle={CVPR},
  year={2020}
}

@article{jiang2020robust,
  title={Robust pre-training by adversarial contrastive learning},
  author={Jiang, Ziyu and Chen, Tianlong and Chen, Ting and Wang, Zhangyang},
  journal={NeurIPS},
  year={2020}
}


@article{hirano2021universal,
  title={Universal adversarial attacks on deep neural networks for medical image classification},
  author={Hirano, Hokuto and Minagi, Akinori and Takemoto, Kazuhiro},
  journal={BMC medical imaging},
  year={2021}
}

@article{zhao2020success,
  title={On Success and Simplicity: A Second Look at Transferable Targeted Attacks},
  author={Zhao, Zhengyu and Liu, Zhuoran and Larson, Martha},
  journal={arXiv preprint arXiv:2012.11207},
  year={2020}
}

@article{lin2019nesterov,
  title={Nesterov accelerated gradient and scale invariance for adversarial attacks},
  author={Lin, Jiadong and Song, Chuanbiao and He, Kun and Wang, Liwei and Hopcroft, John E},
  journal={ICLR},
  year={2020}
}

@article{chen2017rethinking,
  title={Rethinking atrous convolution for semantic image segmentation},
  author={Chen, Liang-Chieh and Papandreou, George and Schroff, Florian and Adam, Hartwig},
  journal={arXiv preprint arXiv:1706.05587},
  year={2017}
}

@article{he2015spatial,
  title={Spatial pyramid pooling in deep convolutional networks for visual recognition},
  author={He, Kaiming and Zhang, Xiangyu and Ren, Shaoqing and Sun, Jian},
  journal={T-PAMI},
  year={2015}
}

@article{zhang2021survey,
  title={A Survey On Universal Adversarial Attack},
  author={Zhang, Chaoning and Benz, Philipp and Lin, Chenguo and Karjauv, Adil and Wu, Jing and Kweon, In So},
  journal={IJCAI},
  year={2021}
}

@article{zhang2021brief,
  title={A Brief Survey on Deep Learning Based Data Hiding, Steganography and Watermarking},
  author={Zhang, Chaoning and Lin, Chenguo and Benz, Philipp and Chen, Kejiang and Zhang, Weiming and Kweon, In So},
  journal={arXiv preprint arXiv:2103.01607},
  year={2021}
}

@article{andrews1976singular,
  title={Singular value decomposition (SVD) image coding},
  author={Andrews, H and Patterson, CLIII},
  journal={IEEE transactions on Communications},
  publisher={IEEE}
}

@article{rudin1992nonlinear,
  title={Nonlinear total variation based noise removal algorithms},
  author={Rudin, Leonid I and Osher, Stanley and Fatemi, Emad},
  journal={Physica D: nonlinear phenomena},
  volume={60},
  number={1-4},
  pages={259--268},
  year={1992},
  publisher={Elsevier}
}

@article{xie2017mitigating,
  title={Mitigating adversarial effects through randomization},
  author={Xie, Cihang and Wang, Jianyu and Zhang, Zhishuai and Ren, Zhou and Yuille, Alan},
  journal={ICLR},
  year={2018}
}

@inproceedings{liao2018defense,
  title={Defense against adversarial attacks using high-level representation guided denoiser},
  author={Liao, Fangzhou and Liang, Ming and Dong, Yinpeng and Pang, Tianyu and Hu, Xiaolin and Zhu, Jun},
  booktitle={CVPR},
  year={2018}
}


@inproceedings{liu2019novel,
  title={A novel two-stage separable deep learning framework for practical blind watermarking},
  author={Liu, Yang and Guo, Mengxi and Zhang, Jian and Zhu, Yuesheng and Xie, Xiaodong},
  booktitle={ACM MM},
  year={2019}
}

@article{huynh2008scope,
  title={Scope of validity of PSNR in image/video quality assessment},
  author={Huynh-Thu, Quan and Ghanbari, Mohammed},
  journal={Electronics letters},
  year={2008}
}

@inproceedings{luo2020distortion,
  title={Distortion agnostic deep watermarking},
  author={Luo, Xiyang and Zhan, Ruohan and Chang, Huiwen and Yang, Feng and Milanfar, Peyman},
  booktitle={CVPR},
  year={2020}
}

@inproceedings{ortiz2020hold,
  title={Hold me tight! Influence of discriminative features on deep network boundaries},
  author={Ortiz-Jimenez, Guillermo and Modas, Apostolos and Moosavi-Dezfooli, Seyed-Mohsen and Frossard, Pascal},
  booktitle={NeurIPS},
  year={2020}
}

@inproceedings{ortiz2020neural,
  title={Neural Anisotropy Directions},
  author={Ortiz-Jimenez, Guillermo and Modas, Apostolos and Moosavi-Dezfooli, Seyed-Mohsen and Frossard, Pascal},
  booktitle={NeurIPS},
  year={2020}
}

@inproceedings{rahmati2020geoda,
  title={GeoDA: a geometric framework for black-box adversarial attacks},
  author={Rahmati, Ali and Moosavi-Dezfooli, Seyed-Mohsen and Frossard, Pascal and Dai, Huaiyu},
  booktitle={CVPR},
  year={2020}
}

@InProceedings{shi2019curls,
    author = {Shi, Yucheng and Wang, Siyu and Han, Yahong},
    title = {Curls \& Whey: Boosting Black-Box Adversarial Attacks},
    booktitle = {CVPR},
    year = {2019}
}

@article{tramer2017space,
  title={The space of transferable adversarial examples},
  author={Tram{\`e}r, Florian and Papernot, Nicolas and Goodfellow, Ian and Boneh, Dan and McDaniel, Patrick},
  journal={arXiv preprint arXiv:1704.03453},
  year={2017}
}

@article{benz2021universal,
  title={Universal Adversarial Training with Class-Wise Perturbations},
  author={Benz, Philipp and Zhang, Chaoning and Karjauv, Adil and Kweon, In So},
  journal={ICME},
  year={2021}
}

@article{anderson2003introduction,
  title={An Introduction to Multivariate Statistical Analysis (Wiley Series in Probability and Statistics)},
  author={Anderson, TW},
  year={2003}
}

@article{wu2018understanding,
  title={Understanding and enhancing the transferability of adversarial examples},
  author={Wu, Lei and Zhu, Zhanxing and Tai, Cheng and others},
  journal={arXiv preprint arXiv:1802.09707},
  year={2018}
}

@inproceedings{hendrik2017universal,
  title={Universal adversarial perturbations against semantic image segmentation},
  author={Hendrik Metzen, Jan and Chaithanya Kumar, Mummadi and Brox, Thomas and Fischer, Volker},
  booktitle={ICCV},
  year={2017}
}

@article{sharif2017adversarial,
  title={Adversarial generative nets: Neural network attacks on state-of-the-art face recognition},
  author={Sharif, Mahmood and Bhagavatula, Sruti and Bauer, Lujo and Reiter, Michael K},
  journal={arXiv preprint arXiv:1801.00349},
  year={2017}
}


@article{krizhevsky2010cifar,
  title={Cifar-10 (canadian institute for advanced research)},
  author={Krizhevsky, Alex and Nair, Vinod and Hinton, Geoffrey},
  journal={URL http://www. cs. toronto. edu/kriz/cifar. html},
  year={2010}
}

@article{stallkamp2012man,
  title={Man vs. computer: Benchmarking machine learning algorithms for traffic sign recognition},
  author={Stallkamp, Johannes and Schlipsing, Marc and Salmen, Jan and Igel, Christian},
  journal={Neural networks},
  year={2012},
}

@inproceedings{calli2015ycb,
  title={The ycb object and model set: Towards common benchmarks for manipulation research},
  author={Calli, Berk and Singh, Arjun and Walsman, Aaron and Srinivasa, Siddhartha and Abbeel, Pieter and Dollar, Aaron M},
  booktitle={ICAR},
  year={2015},
}

@article{helber2019eurosat,
  title={Eurosat: A novel dataset and deep learning benchmark for land use and land cover classification},
  author={Helber, Patrick and Bischke, Benjamin and Dengel, Andreas and Borth, Damian},
  journal={IEEE Journal of Selected Topics in Applied Earth Observations and Remote Sensing},
  year={2019},
}

@inproceedings{liu2020bias,
  title={Bias-based universal adversarial patch attack for automatic check-out},
  author={Liu, Aishan and Wang, Jiakai and Liu, Xianglong and Cao, Bowen and Zhang, Chongzhi and Yu, Hang},
  booktitle={ECCV},
  year={2020},
}

@inproceedings{dosovitskiy2015flownet,
  title={Flownet: Learning optical flow with convolutional networks},
  author={Dosovitskiy, Alexey and Fischer, Philipp and Ilg, Eddy and Hausser, Philip and Hazirbas, Caner and Golkov, Vladimir and Van Der Smagt, Patrick and Cremers, Daniel and Brox, Thomas},
  booktitle={ICCV},
  year={2015}
}

@inproceedings{ranjan2019attacking,
  title={Attacking optical flow},
  author={Ranjan, Anurag and Janai, Joel and Geiger, Andreas and Black, Michael J},
  booktitle={ICCV},
  year={2019}
}

@inproceedings{koh2017understanding,
    title={Understanding Black-Box Predictions via Influence Functions},
    author={Koh, Pang Wei and Liang, Percy},
    booktitle = {ICML},
    year = {2017}
}

@inproceedings{raghunathan2018certified,
title={Certified Defenses against Adversarial Examples},
author={Aditi Raghunathan and Jacob Steinhardt and Percy Liang},
booktitle={ICLR},
year={2018},
}

@inproceedings{moosavi2018robustness,
title={Robustness of Classifiers to Universal Perturbations: A Geometric Perspective},
author={Moosavi-Dezfooli, Seyed-Mohsen and Fawzi, Alhussein and Fawzi, Omar and Frossard, Pascal and Soatto, Stefano},
booktitle={ICLR},
year={2018},
}

@inproceedings{metzen2017universal,
  title={Universal adversarial perturbations against semantic image segmentation},
  author={Metzen, Jan Hendrik and Kumar, Mummadi Chaithanya and Brox, Thomas and Fischer, Volker},
  booktitle={ICCV},
  year={2017},
}

@inproceedings{smith2017cyclical,
  title={Cyclical learning rates for training neural networks},
  author={Smith, Leslie N},
  booktitle={WACV},
  year={2017},
}

@inproceedings{rony2019decoupling,
  title={Decoupling direction and norm for efficient gradient-based l2 adversarial attacks and defenses},
  author={Rony, J{\'e}r{\^o}me and Hafemann, Luiz G and Oliveira, Luiz S and Ayed, Ismail Ben and Sabourin, Robert and Granger, Eric},
  booktitle={CVPR},
  year={2019}
}

@article{rauber2017foolboxnative,
  year = {2020},
  author = {Jonas Rauber and Roland Zimmermann and Matthias Bethge and Wieland Brendel},
  title = {Foolbox Native: Fast adversarial attacks to benchmark the robustness of machine learning models in PyTorch, TensorFlow, and JAX},
  journal = {Journal of Open Source Software}
}

@inproceedings{hsieh2019robustness,
  title={On the robustness of self-attentive models},
  author={Hsieh, Yu-Lun and Cheng, Minhao and Juan, Da-Cheng and Wei, Wei and Hsu, Wen-Lian and Hsieh, Cho-Jui},
  booktitle={Annual Meeting of the Association for Computational Linguistics},
  year={2019}
}

@article{alamri2020transformer,
  title={Transformer-Encoder Detector Module: Using Context to Improve Robustness to Adversarial Attacks on Object Detection},
  author={Alamri, Faisal and Kalkan, Sinan and Pugeault, Nicolas},
  journal={arXiv preprint arXiv:2011.06978},
  year={2020}
}

@inproceedings{vaswani2017attention,
  title={Attention is all you need},
  author={Vaswani, Ashish and Shazeer, Noam and Parmar, Niki and Uszkoreit, Jakob and Jones, Llion and Gomez, Aidan N and Kaiser, Lukasz and Polosukhin, Illia},
  booktitle={NeurIPS},
  year={2017}
}

@article{devlin2018bert,
  title={Bert: Pre-training of deep bidirectional transformers for language understanding},
  author={Devlin, Jacob and Chang, Ming-Wei and Lee, Kenton and Toutanova, Kristina},
  journal={arXiv preprint arXiv:1810.04805},
  year={2018}
}

@article{radford2018improving,
  title={Improving language understanding with unsupervised learning},
  author={Radford, Alec and Narasimhan, Karthik and Salimans, Tim and Sutskever, Ilya},
  year={2018},
  publisher={Technical report, OpenAI}
}

@article{radford2019language,
  title={Language models are unsupervised multitask learners},
  author={Radford, Alec and Wu, Jeffrey and Child, Rewon and Luan, David and Amodei, Dario and Sutskever, Ilya},
  journal={OpenAI blog},
  year={2019}
}

@inproceedings{dosovitskiy2021an,
    title={An Image is Worth 16x16 Words: Transformers for Image Recognition at Scale},
    author={Alexey Dosovitskiy and Lucas Beyer and Alexander Kolesnikov and Dirk Weissenborn and Xiaohua Zhai and Thomas Unterthiner and Mostafa Dehghani and Matthias Minderer and Georg Heigold and Sylvain Gelly and Jakob Uszkoreit and Neil Houlsby},
    booktitle={ICLR},
    year={2021},
}

@article{child2019generating,
  title={Generating long sequences with sparse transformers},
  author={Child, Rewon and Gray, Scott and Radford, Alec and Sutskever, Ilya},
  journal={arXiv preprint arXiv:1904.10509},
  year={2019}
}

@inproceedings{parmar2018image,
  title={Image transformer},
  author={Parmar, Niki and Vaswani, Ashish and Uszkoreit, Jakob and Kaiser, Lukasz and Shazeer, Noam and Ku, Alexander and Tran, Dustin},
  booktitle={ICML},
  year={2018},
}

@inproceedings{ramachandran2019stand,
  title={Stand-alone self-attention in vision models},
  author={Ramachandran, Prajit and Parmar, Niki and Vaswani, Ashish and Bello, Irwan and Levskaya, Anselm and Shlens, Jonathon},
  booktitle={NeurIPS},
  year={2019}
}

@article{jiang2021transgan,
  title={Transgan: Two transformers can make one strong gan},
  author={Jiang, Yifan and Chang, Shiyu and Wang, Zhangyang},
  journal={arXiv preprint arXiv:2102.07074},
  year={2021}
}

@inproceedings{chen2020generative,
  title={Generative pretraining from pixels},
  author={Chen, Mark and Radford, Alec and Child, Rewon and Wu, Jeffrey and Jun, Heewoo and Luan, David and Sutskever, Ilya},
  booktitle={ICML},
  year={2020},
}

@article{touvron2020training,
  title={Training data-efficient image transformers \& distillation through attention},
  author={Touvron, Hugo and Cord, Matthieu and Douze, Matthijs and Massa, Francisco and Sablayrolles, Alexandre and J{\'e}gou, Herv{\'e}},
  journal={arXiv preprint arXiv:2012.12877},
  year={2020}
}

@article{yuan2021tokens,
  title={Tokens-to-token vit: Training vision transformers from scratch on imagenet},
  author={Yuan, Li and Chen, Yunpeng and Wang, Tao and Yu, Weihao and Shi, Yujun and Tay, Francis EH and Feng, Jiashi and Yan, Shuicheng},
  journal={arXiv preprint arXiv:2101.11986},
  year={2021}
}

@article{chu2021conditional,
  title={Conditional Positional Encodings for Vision Transformers},
  author={Chu, Xiangxiang and Zhang, Bo and Tian, Zhi and Wei, Xiaolin and Xia, Huaxia},
  journal={arXiv preprint arXiv:2102.10882},
  year={2021}
}

@article{han2021transformer,
  title={Transformer in transformer},
  author={Han, Kai and Xiao, An and Wu, Enhua and Guo, Jianyuan and Xu, Chunjing and Wang, Yunhe},
  journal={arXiv preprint arXiv:2103.00112},
  year={2021}
}

@article{liu2021swin,
  title={Swin transformer: Hierarchical vision transformer using shifted windows},
  author={Liu, Ze and Lin, Yutong and Cao, Yue and Hu, Han and Wei, Yixuan and Zhang, Zheng and Lin, Stephen and Guo, Baining},
  journal={arXiv preprint arXiv:2103.14030},
  year={2021}
}

@article{wu2021cvt,
  title={Cvt: Introducing convolutions to vision transformers},
  author={Wu, Haiping and Xiao, Bin and Codella, Noel and Liu, Mengchen and Dai, Xiyang and Yuan, Lu and Zhang, Lei},
  journal={arXiv preprint arXiv:2103.15808},
  year={2021}
}

@article{wang2021pyramid,
  title={Pyramid vision transformer: A versatile backbone for dense prediction without convolutions},
  author={Wang, Wenhai and Xie, Enze and Li, Xiang and Fan, Deng-Ping and Song, Kaitao and Liang, Ding and Lu, Tong and Luo, Ping and Shao, Ling},
  journal={arXiv preprint arXiv:2102.12122},
  year={2021}
}

@article{chen2021transunet,
  title={Transunet: Transformers make strong encoders for medical image segmentation},
  author={Chen, Jieneng and Lu, Yongyi and Yu, Qihang and Luo, Xiangde and Adeli, Ehsan and Wang, Yan and Lu, Le and Yuille, Alan L and Zhou, Yuyin},
  journal={arXiv preprint arXiv:2102.04306},
  year={2021}
}

@article{neimark2021video,
  title={Video transformer network},
  author={Neimark, Daniel and Bar, Omri and Zohar, Maya and Asselmann, Dotan},
  journal={arXiv preprint arXiv:2102.00719},
  year={2021}
}

@article{he2021transreid,
  title={Transreid: Transformer-based object re-identification},
  author={He, Shuting and Luo, Hao and Wang, Pichao and Wang, Fan and Li, Hao and Jiang, Wei},
  journal={arXiv preprint arXiv:2102.04378},
  year={2021}
}

@article{tolstikhin2021mlpmixer,
  title={MLP-Mixer: An all-MLP Architecture for Vision},
  author={Tolstikhin, Ilya and Houlsby, Neil and Kolesnikov, Alexander and Beyer, Lucas and Zhai, Xiaohua and Unterthiner, Thomas and Yung, Jessica and Keysers, Daniel and Uszkoreit, Jakob and Lucic, Mario and Dosovitskiy, Alexey},
  journal={arXiv preprint arXiv:2105.01601},
  year={2021}
}

@article{shi2020robustness,
  title={Robustness verification for transformers},
  author={Shi, Zhouxing and Zhang, Huan and Chang, Kai-Wei and Huang, Minlie and Hsieh, Cho-Jui},
  journal={arXiv preprint arXiv:2002.06622},
  year={2020}
}

@article{hendrycks2020pretrained,
  title={Pretrained transformers improve out-of-distribution robustness},
  author={Hendrycks, Dan and Liu, Xiaoyuan and Wallace, Eric and Dziedzic, Adam and Krishnan, Rishabh and Song, Dawn},
  journal={arXiv preprint arXiv:2004.06100},
  year={2020}
}

@article{hao2020self,
  title={Self-attention attribution: Interpreting information interactions inside transformer},
  author={Hao, Yaru and Dong, Li and Wei, Furu and Xu, Ke},
  journal={arXiv preprint arXiv:2004.11207},
  year={2020}
}

@inproceedings{jin2020bert,
  title={Is bert really robust? a strong baseline for natural language attack on text classification and entailment},
  author={Jin, Di and Jin, Zhijing and Zhou, Joey Tianyi and Szolovits, Peter},
  booktitle={AAAI},
  year={2020}
}

@article{li2020bert,
  title={Bert-attack: Adversarial attack against bert using bert},
  author={Li, Linyang and Ma, Ruotian and Guo, Qipeng and Xue, Xiangyang and Qiu, Xipeng},
  journal={arXiv preprint arXiv:2004.09984},
  year={2020}
}

@article{garg2020bae,
  title={Bae: Bert-based adversarial examples for text classification},
  author={Garg, Siddhant and Ramakrishnan, Goutham},
  journal={arXiv preprint arXiv:2004.01970},
  year={2020}
}

@article{xie2020smooth,
  title={Smooth adversarial training},
  author={Xie, Cihang and Tan, Mingxing and Gong, Boqing and Yuille, Alan and Le, Quoc V},
  journal={arXiv preprint arXiv:2006.14536},
  year={2020}
}

@article{krotov2018dense,
  title={Dense associative memory is robust to adversarial inputs},
  author={Krotov, Dmitry and Hopfield, John},
  journal={Neural computation},
  year={2018}
}

@article{sotoudeh2019computing,
  title={Computing linear restrictions of neural networks},
  author={Sotoudeh, Matthew and Thakur, Aditya V},
  journal={arXiv preprint arXiv:1908.06214},
  year={2019}
}

@article{pang2019mixup,
  title={Mixup inference: Better exploiting mixup to defend adversarial attacks},
  author={Pang, Tianyu and Xu, Kun and Zhu, Jun},
  journal={ICLR},
  year={2020}
}

@inproceedings{tramer2020adaptive,
  title={On adaptive attacks to adversarial example defenses},
  author={Tramer, Florian and Carlini, Nicholas and Brendel, Wieland and Madry, Aleksander},
  booktitle={NeurIPS},
  year={2020}
}

@inproceedings{pang2020boosting,
  title={Boosting adversarial training with hypersphere embedding},
  author={Pang, Tianyu and Yang, Xiao and Dong, Yinpeng and Xu, Kun and Zhu, Jun and Su, Hang},
  booktitle={NeurIPS},
  year={2020}
}

@inproceedings{zhang2020attacks,
  title={Attacks which do not kill training make adversarial learning stronger},
  author={Zhang, Jingfeng and Xu, Xilie and Han, Bo and Niu, Gang and Cui, Lizhen and Sugiyama, Masashi and Kankanhalli, Mohan},
  booktitle={ICML},
  year={2020},
  organization={PMLR}
}

@inproceedings{shen2016relay,
  title={Relay backpropagation for effective learning of deep convolutional neural networks},
  author={Shen, Li and Lin, Zhouchen and Huang, Qingming},
  booktitle={ECCV},
  year={2016},
}

@inproceedings{zhang2017range,
  title={Range loss for deep face recognition with long-tailed training data},
  author={Zhang, Xiao and Fang, Zhiyuan and Wen, Yandong and Li, Zhifeng and Qiao, Yu},
  booktitle={ICCV},
  year={2017}
}

@inproceedings{tan2020equalization,
  title={Equalization loss for long-tailed object recognition},
  author={Tan, Jingru and Wang, Changbao and Li, Buyu and Li, Quanquan and Ouyang, Wanli and Yin, Changqing and Yan, Junjie},
  booktitle={CVPR},
  year={2020}
}

@article{yalniz2019billion,
  title={Billion-scale semi-supervised learning for image classification},
  author={Yalniz, I Zeki and J{\'e}gou, Herv{\'e} and Chen, Kan and Paluri, Manohar and Mahajan, Dhruv},
  journal={arXiv preprint arXiv:1905.00546},
  year={2019}
}

@article{thomee2016yfcc100m,
  title={YFCC100M: The new data in multimedia research},
  author={Thomee, Bart and Shamma, David A and Friedland, Gerald and Elizalde, Benjamin and Ni, Karl and Poland, Douglas and Borth, Damian and Li, Li-Jia},
  journal={Communications of the ACM},
  year={2016},
}

@article{srivastava2014dropout,
  title={Dropout: a simple way to prevent neural networks from overfitting},
  author={Srivastava, Nitish and Hinton, Geoffrey and Krizhevsky, Alex and Sutskever, Ilya and Salakhutdinov, Ruslan},
  journal={JMLR},
  year={2014},
}

@article{shafahi2019adversarially,
  title={Adversarially robust transfer learning},
  author={Shafahi, Ali and Saadatpanah, Parsa and Zhu, Chen and Ghiasi, Amin and Studer, Christoph and Jacobs, David and Goldstein, Tom},
  journal={ICLR},
  year={2020}
}

@article{utrera2020adversarially,
  title={Adversarially-trained deep nets transfer better},
  author={Utrera, Francisco and Kravitz, Evan and Erichson, N Benjamin and Khanna, Rajiv and Mahoney, Michael W},
  journal={ICLR},
  year={2021}
}


@inproceedings{xu2019training,
  title={Training behavior of deep neural network in frequency domain},
  author={Xu, Zhi-Qin John and Zhang, Yaoyu and Xiao, Yanyang},
  booktitle={ICONIP},
  year={2019}
}

@article{li2019towards,
  title={Towards explaining the regularization effect of initial large learning rate in training neural networks},
  author={Li, Yuanzhi and Wei, Colin and Ma, Tengyu},
  journal={arXiv preprint arXiv:1907.04595},
  year={2019}
}

@article{nakkiran2019sgd,
  title={Sgd on neural networks learns functions of increasing complexity},
  author={Nakkiran, Preetum and Kaplun, Gal and Kalimeris, Dimitris and Yang, Tristan and Edelman, Benjamin L and Zhang, Fred and Barak, Boaz},
  journal={NeurIPS},
  year={2019}
}

@article{Nitin2021sgd,
  title={SGD ON neural networks learns robust features before non-robust},
  author={Nitin, Vikram},
  journal={ICLR Review},
  year={2021}
}

@article{basri2019convergence,
  title={The convergence rate of neural networks for learned functions of different frequencies},
  author={Basri, Ronen and Jacobs, David and Kasten, Yoni and Kritchman, Shira},
  journal={NeurIPS},
  year={2019}
}

@article{engstrom2019learning,
  title={Learning perceptually-aligned representations via adversarial robustness},
  author={Engstrom, Logan and Ilyas, Andrew and Santurkar, Shibani and Tsipras, Dimitris and Tran, Brandon and Madry, Aleksander},
  journal={arXiv preprint arXiv:1906.00945},
  year={2019}
}

@inproceedings{mopuri2020adversarial,
  title={Adversarial Fooling Beyond" Flipping the Label"},
  author={Mopuri, Konda Reddy and Shaj, Vaisakh and Babu, R Venkatesh},
  booktitle={CVPRW},
  year={2020}
}

@article{wang2021unified,
  title={A unified approach to interpreting and boosting adversarial transferability},
  author={Wang, Xin and Ren, Jie and Lin, Shuyun and Zhu, Xiangming and Wang, Yisen and Zhang, Quanshi},
  journal={ICLR},
  year={2021}
}

@inproceedings{li2020learning,
  title={Learning transferable adversarial examples via ghost networks},
  author={Li, Yingwei and Bai, Song and Zhou, Yuyin and Xie, Cihang and Zhang, Zhishuai and Yuille, Alan},
  booktitle={AAAI},
  year={2020}
}

@article{liang2020does,
  title={Does Adversarial Transferability Indicate Knowledge Transferability?},
  author={Liang, Kaizhao and Zhang, Jacky Y and Koyejo, Oluwasanmi and Li, Bo},
  journal={arXiv preprint arXiv:2006.14512},
  year={2020}
}

@inproceedings{biggio2013evasion,
  title={Evasion attacks against machine learning at test time},
  author={Biggio, Battista and Corona, Igino and Maiorca, Davide and Nelson, Blaine and {\v{S}}rndi{\'c}, Nedim and Laskov, Pavel and Giacinto, Giorgio and Roli, Fabio},
  booktitle={Joint European conference on machine learning and knowledge discovery in databases},
  year={2013}
}


@article{ILSVRC15,
  author = {Olga Russakovsky and Jia Deng and Hao Su and Jonathan Krause and Sanjeev Satheesh and Sean Ma and Zhiheng Huang and Andrej Karpathy and Aditya Khosla and Michael Bernstein and Alexander C. Berg and Li Fei-Fei},
  title = {{ImageNet Large Scale Visual Recognition Challenge}},
  year = {2015},
  journal   = {IJCV},
  doi = {10.1007/s11263-015-0816-y},
  volume={115},
  number={3},
  pages={211-252}
}
@TECHREPORT{Krizhevsky09learningmultiple,
    author = {Alex Krizhevsky},
    title = {Learning multiple layers of features from tiny images},
    institution = {},
    year = {2009}
}

@inproceedings{zhang2019making,
  title={Making convolutional networks shift-invariant again},
  author={Zhang, Richard},
  booktitle={International Conference on Machine Learning},
  pages={7324--7334},
  year={2019},
  organization={PMLR}
}

@InProceedings{Kayhan_2020_CVPR,
author = {Kayhan, Osman Semih and Gemert, Jan C. van},
title = {On Translation Invariance in CNNs: Convolutional Layers Can Exploit Absolute Spatial Location},
booktitle = {CVPR},
year = {2020}
}

@inproceedings{lenc2015understanding,
  title={Understanding image representations by measuring their equivariance and equivalence},
  author={Lenc, Karel and Vedaldi, Andrea},
  booktitle={CVPR},
  year={2015}
}

@inproceedings{myburgh2021tracking,
  title={Tracking translation invariance in CNNs},
  author={Myburgh, Johannes C and Mouton, Coenraad and Davel, Marelie H},
  booktitle={Southern African Conference for Artificial Intelligence Research},
  pages={282--295},
  year={2021},
  organization={Springer}
}

@misc{rw2019timm,
  author = {Ross Wightman},
  title = {PyTorch Image Models},
  year = {2019},
  publisher = {GitHub},
  journal = {GitHub repository},
  doi = {10.5281/zenodo.4414861},
  howpublished = {\url{https://github.com/rwightman/pytorch-image-models}}
}

@article{wang2020towards,
  title={Towards frequency-based explanation for robust cnn},
  author={Wang, Zifan and Yang, Yilin and Shrivastava, Ankit and Rawal, Varun and Ding, Zihao},
  journal={arXiv preprint arXiv:2005.03141},
  year={2020}
}

@inproceedings{nanda2021fairness,
  title={Fairness through robustness: Investigating robustness disparity in deep learning},
  author={Nanda, Vedant and Dooley, Samuel and Singla, Sahil and Feizi, Soheil and Dickerson, John P},
  booktitle={ACM Conference on Fairness, Accountability, and Transparency},
  year={2021}
}

@article{xu2021robust,
  title={To be Robust or to be Fair: Towards Fairness in Adversarial Training},
  author={Xu, Han and Liu, Xiaorui and Li, Yaxin and Tang, Jiliang},
  journal={arXiv preprint arXiv:2010.06121},
  year={2021}
}

@article{tian2021analysis,
  title={Analysis and Applications of Class-wise Robustness in Adversarial Training},
  author={Tian, Qi and Kuang, Kun and Jiang, Kelu and Wu, Fei and Wang, Yisen},
  journal={arXiv preprint arXiv:2105.14240},
  year={2021}
}

@article{mehrabi2019survey,
  title={A survey on bias and fairness in machine learning},
  author={Mehrabi, Ninareh and Morstatter, Fred and Saxena, Nripsuta and Lerman, Kristina and Galstyan, Aram},
  journal={arXiv preprint arXiv:1908.09635},
  year={2019}
}

@article{du2020fairness,
  title={Fairness in deep learning: A computational perspective},
  author={Du, Mengnan and Yang, Fan and Zou, Na and Hu, Xia},
  journal={Intelligent Systems},
  year={2020},
}

@article{zhang2021jigsaw,
  title={Towards data-free universal adversarial perturbations with artificial images},
  author={Zhang, Chaoning and Benz, Philipp and Karjauv, Adil and Cho, Jae Won and Kweon, In So},
  journal={RobustML workshop at ICLR},
  year={2021}
}

@article{tang2015clustering,
  title={Clustering steganographic modification directions for color components},
  author={Tang, Weixuan and Li, Bin and Luo, Weiqi and Huang, Jiwu},
  journal={SPL},
  year={2015},
}

@Article{Everingham10,
   author = "Everingham, M. and Van~Gool, L. and Williams, C. K. I. and Winn, J. and Zisserman, A.",
   title = "The Pascal Visual Object Classes (VOC) Challenge",
   journal = "IJCV",
   year = "2010",
} 

@article{zhou2017places,
    title={Places: A 10 million Image Database for Scene Recognition},
    author={Zhou, Bolei and Lapedriza, Agata and Khosla, Aditya and Oliva, Aude and Torralba, Antonio},
    journal={Transactions on Pattern Analysis and Machine Intelligence (TPAMI)},
    year={2017},
}

@article{johnson1998exploring,
  title={Exploring steganography: Seeing the unseen},
  author={Johnson, Neil F and Jajodia, Sushil},
  journal={Computer},
  year={1998},
}
@article{kessler2004overview,
  title={An overview of steganography for the computer forensics examiner},
  author={Kessler, Gary C},
  journal={Forensic science communications},
  year={2004},
}

@inproceedings{dickman2007overview,
  title={An Overview of Steganography},
  author={Dickman, Shawn D},
  year={2007}
}

@inproceedings{kessler2011overview,
  title={An overview of steganography},
  author={Kessler, Gary C and Hosmer, Chet},
  booktitle={Advances in Computers},
  year={2011},
}

@inproceedings{fridrich2002practical,
  title={Practical steganalysis of digital images: state of the art},
  author={Fridrich, Jessica and Goljan, Miroslav},
  booktitle={Security and Watermarking of Multimedia Contents IV},
  year={2002},
}

@article{chang2003finding,
  title={Finding optimal least-significant-bit substitution in image hiding by dynamic programming strategy},
  author={Chang, Chin-Chen and Hsiao, Ju-Yuan and Chan, Chi-Shiang},
  journal={Pattern Recognition},
  year={2003},
}

@misc{boehm2014stegexpose,
  title={StegExpose-a steganalysis tool for detecting LSB steganography in images},
  author={Boehm, B},
  year={2014}
}

@inproceedings{pevny2010using,
  title={Using high-dimensional image models to perform highly undetectable steganography},
  author={Pevn{\`y}, Tom{\'a}{\v{s}} and Filler, Tom{\'a}{\v{s}} and Bas, Patrick},
  booktitle={International Workshop on Information Hiding},
  year={2010},
}

@inproceedings{provos2001defending,
  title={Defending Against Statistical Steganalysis.},
  author={Provos, Niels},
  booktitle={Usenix security symposium},
  year={2001}
}

@article{li2015strategy,
  title={A strategy of clustering modification directions in spatial image steganography},
  author={Li, Bin and Wang, Ming and Li, Xiaolong and Tan, Shunquan and Huang, Jiwu},
  journal={TIFS},
  year={2015},
}

@inproceedings{denemark2015improving,
  title={Improving steganographic security by synchronizing the selection channel},
  author={Denemark, Tom{\'a}{\v{s}} and Fridrich, Jessica},
  booktitle={Proceedings of the 3rd ACM Workshop on Information Hiding and Multimedia Security},
  year={2015}
}

@inproceedings{fridrich2007practical,
  title={Practical methods for minimizing embedding impact in steganography},
  author={Fridrich, Jessica and Filler, Tomas},
  booktitle={Security, Steganography, and Watermarking of Multimedia Contents IX},
  year={2007},
}

@article{sedighi2016content,
  title={Content-adaptive steganography by minimizing statistical detectability},
  author={Sedighi, Vahid and Cogranne, R{\'e}mi and Fridrich, Jessica},
  journal={TIFS},
  year={2016},
}

@inproceedings{li2014new,
  title={A new cost function for spatial image steganography},
  author={Li, Bin and Wang, Ming and Huang, Jiwu and Li, Xiaolong},
  booktitle={ICIP},
  year={2014},
}

@article{holub2014universal,
  title={Universal distortion function for steganography in an arbitrary domain},
  author={Holub, Vojt{\v{e}}ch and Fridrich, Jessica and Denemark, Tom{\'a}{\v{s}}},
  journal={EURASIP Journal on Information Security},
  volume={2014},
  year={2014},
}

@inproceedings{bandyopadhyay2008tutorial,
  title={A tutorial review on steganography},
  author={Bandyopadhyay, Samir K and Bhattacharyya, Debnath and Ganguly, Debashis and Mukherjee, Swarnendu and Das, Poulami},
  booktitle={International conference on contemporary computing (IC3)},
  year={2008}
}

@book{cox2007digital,
  title={Digital watermarking and steganography},
  author={Cox, Ingemar and Miller, Matthew and Bloom, Jeffrey and Fridrich, Jessica and Kalker, Ton},
  year={2007},
  publisher={Morgan kaufmann}
}

@inproceedings{tancik2019stegastamp,
  title={Stegastamp: Invisible hyperlinks in physical photographs},
  author={Tancik, Matthew and Mildenhall, Ben and Ng, Ren},
  booktitle={CVPR},
  year={2020}
}

@inproceedings{zhu2017unpaired,
  title={Unpaired image-to-image translation using cycle-consistent adversarial networks},
  author={Zhu, Jun-Yan and Park, Taesung and Isola, Phillip and Efros, Alexei A},
  booktitle={ICCV},
  year={2017}
}

@inproceedings{zhang2018unreasonable,
  title={The unreasonable effectiveness of deep features as a perceptual metric},
  author={Zhang, Richard and Isola, Phillip and Efros, Alexei A and Shechtman, Eli and Wang, Oliver},
  booktitle={CVPR},
  year={2018}
}

@inproceedings{han2019once,
  title={Once a MAN: Towards Multi-Target Attack via Learning Multi-Target Adversarial Network Once},
  author={Han, Jiangfan and Dong, Xiaoyi and Zhang, Ruimao and Chen, Dongdong and Zhang, Weiming and Yu, Nenghai and Luo, Ping and Wang, Xiaogang},
  booktitle={ICCV},
  year={2019}
}

@inproceedings{han2019once,
  title={Once a MAN: Towards Multi-Target Attack via Learning Multi-Target Adversarial Network Once},
  author={Han, Jiangfan and Dong, Xiaoyi and Zhang, Ruimao and Chen, Dongdong and Zhang, Weiming and Yu, Nenghai and Luo, Ping and Wang, Xiaogang},
  booktitle={ICCV},
  year={2019}
}

@inproceedings{zhang2018mixup,
    title={mixup: Beyond Empirical Risk Minimization},
    author={Hongyi Zhang and Moustapha Cisse and Yann N. Dauphin and David Lopez-Paz},
    booktitle={ICLR},
    year={2018}
}

@article{martinez2018watermarking,
  title={On watermarking for collaborative model-driven engineering},
  author={Mart{\'\i}nez, Salvador and G{\'e}rard, S{\'e}bastien and Cabot, Jordi},
  journal={IEEE Access},
  year={2018}
}

@article{zhang2021FGSM,
  title={Is FGSM Optimal or Necessary for $L_{\infty}$ Adversarial Attack?},
  author={Zhang, Chaoning and Benz, Philipp and Ham, Soomin and Karjauv, Adil and Kweon, In So},
  journal={AML-CV workshop at CVPR},
  year={2021}
}


@article{zhang2021Stronger,
  title={On Strength and Transferabilityof Adversarial Examples:  Stronger Attack Transfers Better},
  author={Zhang, Chaoning and Benz, Philipp and Karjauv, Adil and Kweon, In So},
  journal={RobustML workshop at ICLR},
  year={2021}
}

@article{Benz2021Towards,
  title={Towards Simple Yet Effective Transferable Targeted Adversarial Attacks},
  author={Benz, Philipp and Zhang, Chaoning and Karjauv, Adil and Kweon, In So},
  journal={RobustML workshop at ICLR},
  year={2021}
}

@article{benz2021triangular,
  title={The Triangular Trade-off Between Accuracy, Robustness, and Fairness},
  author={Benz, Philipp and Zhang, Chaoning and Ham, Soomin and Karjauv, Adil and Cho, Gyusang and Kweon, In So},
  journal={AML-CV workshop at CVPR},
  year={2021}
}

@inproceedings{li2020projection,
  title={Projection \& Probability-Driven Black-Box Attack},
  author={Li, Jie and Ji, Rongrong and Liu, Hong and Liu, Jianzhuang and Zhong, Bineng and Deng, Cheng and Tian, Qi},
  booktitle={CVPR},
  year={2020}
}

@inproceedings{croce2020reliable,
  title={Reliable evaluation of adversarial robustness with an ensemble of diverse parameter-free attacks},
  author={Croce, Francesco and Hein, Matthias},
  booktitle={ICML},
  year={2020},
}

@article{kang2010efficient,
  title={Efficient general print-scanning resilient data hiding based on uniform log-polar mapping},
  author={Kang, Xiangui and Huang, Jiwu and Zeng, Wenjun},
  journal={TIFS},
  year={2010},
  publisher={IEEE}
}

@inproceedings{gao2019demystifying,
  title={Demystifying dropout},
  author={Gao, Hongchang and Pei, Jian and Huang, Heng},
  booktitle={ICML},
  year={2019}
}

@article{vadillo2020analysis,
  title={Analysis of Dominant Classes in Universal Adversarial Perturbations},
  author={Vadillo, Jon and Santana, Roberto and Lozano, Jose A},
  journal={arXiv preprint arXiv:2012.14352},
  year={2020}
}

@inproceedings{gao2020patch,
  title={Patch-wise attack for fooling deep neural network},
  author={Gao, Lianli and Zhang, Qilong and Song, Jingkuan and Liu, Xianglong and Shen, Heng Tao},
  booktitle={ECCV},
  pages={307--322},
  year={2020},
  organization={Springer}
}

@article{brock2021high,
  title={High-performance large-scale image recognition without normalization},
  author={Brock, Andrew and De, Soham and Smith, Samuel L and Simonyan, Karen},
  journal={arXiv preprint arXiv:2102.06171},
  year={2021}
}

@article{co2019universal,
  title={Universal adversarial robustness of texture and shape-biased models},
  author={Co, Kenneth T and Mu{\~n}oz-Gonz{\'a}lez, Luis and Kanthan, Leslie and Glocker, Ben and Lupu, Emil C},
  journal={arXiv preprint arXiv:1911.10364},
  year={2019}
}

@article{steiner2021train,
  title={How to train your ViT? Data, Augmentation, and Regularization in Vision Transformers},
  author={Steiner, Andreas and Kolesnikov, Alexander and Zhai, Xiaohua and Wightman, Ross and Uszkoreit, Jakob and Beyer, Lucas},
  journal={arXiv preprint arXiv:2106.10270},
  year={2021}
}

@inproceedings{mahajan2018exploring,
  title={Exploring the limits of weakly supervised pretraining},
  author={Mahajan, Dhruv and Girshick, Ross and Ramanathan, Vignesh and He, Kaiming and Paluri, Manohar and Li, Yixuan and Bharambe, Ashwin and Van Der Maaten, Laurens},
  booktitle={Proceedings of the European conference on computer vision (ECCV)},
  pages={181--196},
  year={2018}
}

@inproceedings{chen2021exploring,
  title={Exploring simple siamese representation learning},
  author={Chen, Xinlei and He, Kaiming},
  booktitle={IEEE/CVF Conference on Computer Vision and Pattern Recognition (CVPR)},
  year={2021}
}

@article{bachman2019learning,
  title={Learning representations by maximizing mutual information across views},
  author={Bachman, Philip and Hjelm, R Devon and Buchwalter, William},
  journal={arXiv preprint arXiv:1906.00910},
  year={2019}
}

@inproceedings{he2020momentum,
  title={Momentum contrast for unsupervised visual representation learning},
  author={He, Kaiming and Fan, Haoqi and Wu, Yuxin and Xie, Saining and Girshick, Ross},
  booktitle={IEEE/CVF Conference on Computer Vision and Pattern Recognition (CVPR)},
  year={2020}
}

@inproceedings{chen2020simple,
  title={A simple framework for contrastive learning of visual representations},
  author={Chen, Ting and Kornblith, Simon and Norouzi, Mohammad and Hinton, Geoffrey},
  booktitle={International Conference on Machine Learning},
  year={2020},
}

@article{caron2020unsupervised,
  title={Unsupervised learning of visual features by contrasting cluster assignments},
  author={Caron, Mathilde and Misra, Ishan and Mairal, Julien and Goyal, Priya and Bojanowski, Piotr and Joulin, Armand},
  journal={Advances in Neural Information Processing Systems},
  volume={33},
  pages={9912--9924},
  year={2020}
}

@article{grill2020bootstrap,
  title={Bootstrap your own latent-a new approach to self-supervised learning},
  author={Grill, Jean-Bastien and Strub, Florian and Altch{\'e}, Florent and Tallec, Corentin and Richemond, Pierre and Buchatskaya, Elena and Doersch, Carl and Avila Pires, Bernardo and Guo, Zhaohan and Gheshlaghi Azar, Mohammad and others},
  journal={Advances in Neural Information Processing Systems},
  volume={33},
  pages={21271--21284},
  year={2020}
}

@article{bromley1993signature,
  title={Signature verification using a “siamese” time delay neural network},
  author={Bromley, Jane and Bentz, James W and Bottou, L{\'e}on and Guyon, Isabelle and LeCun, Yann and Moore, Cliff and S{\"a}ckinger, Eduard and Shah, Roopak},
  journal={International Journal of Pattern Recognition and Artificial Intelligence},
  year={1993},
}


@inproceedings{caron2021emerging,
  title={Emerging properties in self-supervised vision transformers},
  author={Caron, Mathilde and Touvron, Hugo and Misra, Ishan and J{\'e}gou, Herv{\'e} and Mairal, Julien and Bojanowski, Piotr and Joulin, Armand},
  booktitle={Proceedings of the IEEE/CVF International Conference on Computer Vision},
  pages={9650--9660},
  year={2021}
}

@inproceedings{ermolov2021whitening,
  title={Whitening for self-supervised representation learning},
  author={Ermolov, Aleksandr and Siarohin, Aliaksandr and Sangineto, Enver and Sebe, Nicu},
  booktitle={International Conference on Machine Learning},
  year={2021},
  organization={PMLR}
}

@article{zbontar2021barlow,
  title={Barlow twins: Self-supervised learning via redundancy reduction},
  author={Zbontar, Jure and Jing, Li and Misra, Ishan and LeCun, Yann and Deny, St{\'e}phane},
  journal={International Conference on Machine Learning},
  year={2021}
}

@article{richemond2020byol,
  title={BYOL works even without batch statistics},
  author={Richemond, Pierre H and Grill, Jean-Bastien and Altch{\'e}, Florent and Tallec, Corentin and Strub, Florian and Brock, Andrew and Smith, Samuel and De, Soham and Pascanu, Razvan and Piot, Bilal and others},
  journal={arXiv preprint arXiv:2010.10241},
  year={2020}
}

@misc{byol-bn-blog,
  title={Understanding self-supervised and contrastive learning with "Bootstrap Your Own Latent" (BYOL)},
  author={Fetterman, Abe and Albrecht, Josh},
  note={\\
        \href{https://untitled-ai.github.io/understanding-self-supervised-contrastive-learning.html}
             {\nolinkurl{https://untitled-ai.github.io/}}
        \\
        \href{https://untitled-ai.github.io/understanding-self-supervised-contrastive-learning.html}
             {\nolinkurl{understanding-self-supervised-}}
        \\
        \href{https://untitled-ai.github.io/understanding-self-supervised-contrastive-learning.html}
             {\nolinkurl{contrastive-learning.html}}
       },
  year={2020}
}

@article{tian2021understanding,
  title={Understanding self-supervised learning dynamics without contrastive pairs},
  author={Tian, Yuandong and Chen, Xinlei and Ganguli, Surya},
  journal={arXiv preprint arXiv:2102.06810},
  year={2021}
}

@article{de2005tutorial,
  title={A tutorial on the cross-entropy method},
  author={De Boer, Pieter-Tjerk and Kroese, Dirk P and Mannor, Shie and Rubinstein, Reuven Y},
  journal={Annals of operations research},
  year={2005},
  publisher={Springer}
}

@inproceedings{zhang2020learning,
  title={Learning Ordered Top-k Adversarial Attacks via Adversarial Distillation},
  author={Zhang, Zekun and Wu, Tianfu},
  booktitle={Proceedings of the IEEE/CVF Conference on Computer Vision and Pattern Recognition Workshops},
  pages={776--777},
  year={2020}
}

@article{tursynbek2020geometry,
  title={Geometry-Inspired Top-k Adversarial Perturbations},
  author={Tursynbek, Nurislam and Petiushko, Aleksandr and Oseledets, Ivan},
  journal={arXiv preprint arXiv:2006.15669},
  year={2020}
}

@inproceedings{sohn2016improved,
  title={Improved deep metric learning with multi-class n-pair loss objective},
  author={Sohn, Kihyuk},
  booktitle={NeurIPS},
  year={2016}
}

@inproceedings{wu2018unsupervised,
  title={Unsupervised feature learning via non-parametric instance discrimination},
  author={Wu, Zhirong and Xiong, Yuanjun and Yu, Stella X and Lin, Dahua},
  booktitle={CVPR},
  year={2018}
}

@article{oord2018representation,
  title={Representation learning with contrastive predictive coding},
  author={Oord, Aaron van den and Li, Yazhe and Vinyals, Oriol},
  journal={arXiv preprint arXiv:1807.03748},
  year={2018}
}


@article{bell2019blind,
  title={Blind super-resolution kernel estimation using an internal-gan},
  author={Bell-Kligler, Sefi and Shocher, Assaf and Irani, Michal},
  journal={NeurIPS},
  year={2019}
}

@article{Schroff2015FaceNetAU,
  title={FaceNet: A unified embedding for face recognition and clustering},
  author={Florian Schroff and Dmitry Kalenichenko and James Philbin},
  journal={2015 IEEE Conference on Computer Vision and Pattern Recognition (CVPR)},
  year={2015},
  pages={815-823}
}

@article{turrisi2021sololearn,
  author  = {Victor Guilherme Turrisi da Costa and Enrico Fini and Moin Nabi and Nicu Sebe and Elisa Ricci},
  title   = {solo-learn: A Library of Self-supervised Methods for Visual Representation Learning},
  journal = {Journal of Machine Learning Research},
  year    = {2022},
  volume  = {23},
  number  = {56},
  pages   = {1-6},
  url     = {http://jmlr.org/papers/v23/21-1155.html}
}

@inproceedings{Lan2020ALBERT,
title={ALBERT: A Lite BERT for Self-supervised Learning of Language Representations},
author={Zhenzhong Lan and Mingda Chen and Sebastian Goodman and Kevin Gimpel and Piyush Sharma and Radu Soricut},
booktitle={International Conference on Learning Representations},
year={2020},
url={https://openreview.net/forum?id=H1eA7AEtvS}
}

@inproceedings{devlinetal2019bert,
    title = "{BERT}: Pre-training of Deep Bidirectional Transformers for Language Understanding",
    author = "Devlin, Jacob  and
      Chang, Ming-Wei  and
      Lee, Kenton  and
      Toutanova, Kristina",
    booktitle = "Proceedings of the 2019 Conference of the North {A}merican Chapter of the Association for Computational Linguistics: Human Language Technologies, Volume 1 (Long and Short Papers)",
    month = jun,
    year = "2019",
    address = "Minneapolis, Minnesota",
    publisher = "Association for Computational Linguistics",
    doi = "10.18653/v1/N19-1423",
    pages = "4171--4186",
}

@article{li2021esvit,
  title={Efficient Self-supervised Vision Transformers for Representation Learning},
  author={Li, Chunyuan and Yang, Jianwei and Zhang, Pengchuan and Gao, Mei and Xiao, Bin and Dai, Xiyang and Yuan, Lu and Gao, Jianfeng},
  journal={arXiv preprint arXiv:2106.09785},
  year={2021}
}

@Article{chen2021mocov3,
  author  = {Xinlei Chen and Saining Xie and Kaiming He},
  title   = {An Empirical Study of Training Self-Supervised Vision Transformers},
  journal = {Proceedings of the IEEE/CVF International Conference on Computer Vision (ICCV)},
  year    = {2021},
}

@article{el2021xcit,
  title={XCiT: Cross-Covariance Image Transformers},
  author={El-Nouby, Alaaeldin and Touvron, Hugo and Caron, Mathilde and Bojanowski, Piotr and Douze, Matthijs and Joulin, Armand and Laptev, Ivan and Neverova, Natalia and Synnaeve, Gabriel and Verbeek, Jakob and others},
  journal={arXiv preprint arXiv:2106.09681},
  year={2021}
}

@article{khosla2020supervised,
  title={Supervised contrastive learning},
  author={Khosla, Prannay and Teterwak, Piotr and Wang, Chen and Sarna, Aaron and Tian, Yonglong and Isola, Phillip and Maschinot, Aaron and Liu, Ce and Krishnan, Dilip},
  journal={arXiv preprint arXiv:2004.11362},
  year={2020}
}

@inproceedings{su2020vlbert,
title={{\{}VL{\}}-{\{}BERT{\}}: Pre-training of Generic Visual-Linguistic Representations},
author={Weijie Su and Xizhou Zhu and Yue Cao and Bin Li and Lewei Lu and Furu Wei and Jifeng Dai},
booktitle={International Conference on Learning Representations},
year={2020},
url={https://openreview.net/forum?id=SygXPaEYvH}
}

@inproceedings{nie2020dc,
  title={DC-BERT: Decoupling Question and Document for Efficient Contextual Encoding},
  author={Nie, Ping and Zhang, Yuyu and Geng, Xiubo and Ramamurthy, Arun and Song, Le and Jiang, Daxin},
  booktitle={Proceedings of the 43rd International ACM SIGIR Conference on Research and Development in Information Retrieval},
  pages={1829--1832},
  year={2020}
}


@article{shao2021adversarial,
  title={On the adversarial robustness of visual transformers},
  author={Shao, Rulin and Shi, Zhouxing and Yi, Jinfeng and Chen, Pin-Yu and Hsieh, Cho-Jui},
  journal={arXiv preprint arXiv:2103.15670},
  year={2021}
}

@article{mahmood2021robustness,
  title={On the robustness of vision transformers to adversarial examples},
  author={Mahmood, Kaleel and Mahmood, Rigel and Van Dijk, Marten},
  journal={arXiv preprint arXiv:2104.02610},
  year={2021}
}

@article{paul2021vision,
  title={Vision transformers are robust learners},
  author={Paul, Sayak and Chen, Pin-Yu},
  journal={arXiv preprint arXiv:2105.07581},
  year={2021}
}

@article{mao2021rethinking,
  title={Rethinking the Design Principles of Robust Vision Transformer},
  author={Mao, Xiaofeng and Qi, Gege and Chen, Yuefeng and Li, Xiaodan and Ye, Shaokai and He, Yuan and Xue, Hui},
  journal={arXiv preprint arXiv:2105.07926},
  year={2021}
}

@article{naseer2021intriguing,
  title={Intriguing Properties of Vision Transformers},
  author={Naseer, Muzammal and Ranasinghe, Kanchana and Khan, Salman and Hayat, Munawar and Khan, Fahad Shahbaz and Yang, Ming-Hsuan},
  journal={arXiv preprint arXiv:2105.10497},
  year={2021}
}

@article{aldahdooh2021reveal,
  title={Reveal of Vision Transformers Robustness against Adversarial Attacks},
  author={Aldahdooh, Ahmed and Hamidouche, Wassim and Deforges, Olivier},
  journal={arXiv preprint arXiv:2106.03734},
  year={2021}
}

@article{naseer2021improving,
  title={On Improving Adversarial Transferability of Vision Transformers},
  author={Naseer, Muzammal and Ranasinghe, Kanchana and Khan, Salman and Khan, Fahad Shahbaz and Porikli, Fatih},
  journal={arXiv preprint arXiv:2106.04169},
  year={2021}
}

@article{wei2021towards,
  title={Towards Transferable Adversarial Attacks on Vision Transformers},
  author={Wei, Zhipeng and Chen, Jingjing and Goldblum, Micah and Wu, Zuxuan and Goldstein, Tom and Jiang, Yu-Gang},
  journal={arXiv preprint arXiv:2109.04176},
  year={2021}
}

@article{guo2021gradient,
  title={Gradient-based Adversarial Attacks against Text Transformers},
  author={Guo, Chuan and Sablayrolles, Alexandre and J{\'e}gou, Herv{\'e} and Kiela, Douwe},
  journal={arXiv preprint arXiv:2104.13733},
  year={2021}
}

@article{ge2021shift,
  title={Shift Invariance Can Reduce Adversarial Robustness},
  author={Ge, Songwei and Singla, Vasu and Basri, Ronen and Jacobs, David},
  journal={arXiv preprint arXiv:2103.02695},
  year={2021}
}

@article{bhojanapalli2021understanding,
  title={Understanding robustness of transformers for image classification},
  author={Bhojanapalli, Srinadh and Chakrabarti, Ayan and Glasner, Daniel and Li, Daliang and Unterthiner, Thomas and Veit, Andreas},
  journal={arXiv preprint arXiv:2103.14586},
  year={2021}
}

@article{springer2021little,
  title={A Little Robustness Goes a Long Way: Leveraging Universal Features for Targeted Transfer Attacks},
  author={Springer, Jacob M and Mitchell, Melanie and Kenyon, Garrett T},
  journal={arXiv preprint arXiv:2106.02105},
  year={2021}
}

@article{springer2021adversarial,
  title={Adversarial Perturbations Are Not So Weird: Entanglement of Robust and Non-Robust Features in Neural Network Classifiers},
  author={Springer, Jacob M and Mitchell, Melanie and Kenyon, Garrett T},
  journal={arXiv preprint arXiv:2102.05110},
  year={2021}
}

@article{miller2020query,
  title={Query-Free Adversarial Transfer via Undertrained Surrogates},
  author={Miller, Chris and Vosoughi, Soroush},
  journal={arXiv preprint arXiv:2007.00806},
  year={2020}
}

@article{wightman2021resnet,
  title={ResNet strikes back: An improved training procedure in timm},
  author={Wightman, Ross and Touvron, Hugo and J{\'e}gou, Herv{\'e}},
  journal={arXiv preprint arXiv:2110.00476},
  year={2021}
}

@article{hjelm2018learning,
  title={Learning deep representations by mutual information estimation and maximization},
  author={Hjelm, R Devon and Fedorov, Alex and Lavoie-Marchildon, Samuel and Grewal, Karan and Bachman, Phil and Trischler, Adam and Bengio, Yoshua},
  journal={arXiv preprint arXiv:1808.06670},
  year={2018}
}

@inproceedings{zhuang2019local,
  title={Local aggregation for unsupervised learning of visual embeddings},
  author={Zhuang, Chengxu and Zhai, Alex Lin and Yamins, Daniel},
  booktitle={Proceedings of the IEEE/CVF International Conference on Computer Vision},
  pages={6002--6012},
  year={2019}
}

@inproceedings{henaff2020data,
  title={Data-efficient image recognition with contrastive predictive coding},
  author={Henaff, Olivier},
  booktitle={International Conference on Machine Learning},
  pages={4182--4192},
  year={2020},
  organization={PMLR}
}

@inproceedings{tian2020contrastive,
  title={Contrastive multiview coding},
  author={Tian, Yonglong and Krishnan, Dilip and Isola, Phillip},
  booktitle={Proceedings of the European conference on computer vision (ECCV)},
  pages={776--794},
  year={2020},
  organization={Springer}
}

@inproceedings{hadsell2006dimensionality,
  title={Dimensionality reduction by learning an invariant mapping},
  author={Hadsell, Raia and Chopra, Sumit and LeCun, Yann},
  booktitle={2006 IEEE Computer Society Conference on Computer Vision and Pattern Recognition (CVPR'06)},
  volume={2},
  pages={1735--1742},
  year={2006},
  organization={IEEE}
}

@inproceedings{wang2015unsupervised,
  title={Unsupervised learning of visual representations using videos},
  author={Wang, Xiaolong and Gupta, Abhinav},
  booktitle={Proceedings of the IEEE international conference on computer vision (ICCV)},
  pages={2794--2802},
  year={2015}
}

@inproceedings{gutmann2010noise,
  title={Noise-contrastive estimation: A new estimation principle for unnormalized statistical models},
  author={Gutmann, Michael and Hyv{\"a}rinen, Aapo},
  booktitle={Proceedings of the thirteenth international conference on artificial intelligence and statistics},
  pages={297--304},
  year={2010},
  organization={JMLR Workshop and Conference Proceedings}
}

@article{vandermaaten08a,
  author  = {Laurens van der Maaten and Geoffrey Hinton},
  title   = {Visualizing Data using t-SNE},
  journal = {Journal of Machine Learning Research},
  year    = {2008},
  volume  = {9},
  number  = {86},
  pages   = {2579-2605},
  url     = {http://jmlr.org/papers/v9/vandermaaten08a.html}
}

@misc{mcinnes2018uniform,
  abstract = {UMAP (Uniform Manifold Approximation and Projection) is a novel manifold
learning technique for dimension reduction. UMAP is constructed from a
theoretical framework based in Riemannian geometry and algebraic topology. The
result is a practical scalable algorithm that applies to real world data. The
UMAP algorithm is competitive with t-SNE for visualization quality, and
arguably preserves more of the global structure with superior run time
performance. Furthermore, UMAP has no computational restrictions on embedding
dimension, making it viable as a general purpose dimension reduction technique
for machine learning.},
  added-at = {2021-02-22T08:57:49.000+0100},
  author = {McInnes, Leland and Healy, John and Melville, James},
  biburl = {https://www.bibsonomy.org/bibtex/24e07b95c8d7f645650f2c678743df036/aerover},
  description = {UMAP: Uniform Manifold Approximation and Projection for Dimension Reduction},
  interhash = {39e87180fe340432856512bc17149e62},
  intrahash = {4e07b95c8d7f645650f2c678743df036},
  keywords = {cs.CG cs.LG stat.ML},
  note = {cite arxiv:1802.03426 Comment: Reference implementation available at http://github.com/lmcinnes/umap},
  timestamp = {2021-02-22T08:59:11.000+0100},
  title = {UMAP: Uniform Manifold Approximation and Projection for Dimension Reduction},
  url = {http://arxiv.org/abs/1802.03426},
  year = 2018
}

@inproceedings{wang2020DenseCL,
  title={Dense Contrastive Learning for Self-Supervised Visual Pre-Training},
  author={Wang, Xinlong and Zhang, Rufeng and Shen, Chunhua and Kong, Tao and Li, Lei},
  booktitle =  {Proc. IEEE Conf. Computer Vision and Pattern Recognition (CVPR)},
  year={2021}
}

@article{hermans2017defense,
  title={In defense of the triplet loss for person re-identification},
  author={Hermans, Alexander and Beyer, Lucas and Leibe, Bastian},
  journal={arXiv preprint arXiv:1703.07737},
  year={2017}
}

@inproceedings{misra2016shuffle,
  title={Shuffle and learn: unsupervised learning using temporal order verification},
  author={Misra, Ishan and Zitnick, C Lawrence and Hebert, Martial},
  booktitle={European Conference on Computer Vision},
  pages={527--544},
  year={2016},
  organization={Springer}
}

@inproceedings{coates2011analysis,
  title={An analysis of single-layer networks in unsupervised feature learning},
  author={Coates, Adam and Ng, Andrew and Lee, Honglak},
  booktitle={Proceedings of the fourteenth international conference on artificial intelligence and statistics},
  pages={215--223},
  year={2011},
  organization={JMLR Workshop and Conference Proceedings}
}


@article{agarwala2020temperature,
  title={Temperature check: theory and practice for training models with softmax-cross-entropy losses},
  author={Agarwala, Atish and Pennington, Jeffrey and Dauphin, Yann and Schoenholz, Sam},
  journal={arXiv preprint arXiv:2010.07344},
  year={2020}
}

@InProceedings{Wang_2021_CVPR,
    author    = {Wang, Feng and Liu, Huaping},
    title     = {Understanding the Behaviour of Contrastive Loss},
    booktitle = {Proceedings of the IEEE/CVF Conference on Computer Vision and Pattern Recognition (CVPR)},
    month     = {June},
    year      = {2021},
    pages     = {2495-2504}
}

@article{loshchilov2016sgdr,
  title={Sgdr: Stochastic gradient descent with warm restarts},
  author={Loshchilov, Ilya and Hutter, Frank},
  journal={arXiv preprint arXiv:1608.03983},
  year={2016}
}

@inproceedings{
Federici2020Learning,
title={Learning Robust Representations via Multi-View Information Bottleneck},
author={Marco Federici and Anjan Dutta and Patrick Forré and Nate Kushman and Zeynep Akata},
booktitle={International Conference on Learning Representations},
year={2020},
url={https://openreview.net/forum?id=B1xwcyHFDr}
}

@InProceedings{Eun_2020_CVPR,
author = {Eun, Hyunjun and Moon, Jinyoung and Park, Jongyoul and Jung, Chanho and Kim, Changick},
title = {Learning to Discriminate Information for Online Action Detection},
booktitle = {IEEE/CVF Conference on Computer Vision and Pattern Recognition (CVPR)},
month = {June},
year = {2020}
} 

@InProceedings{Zhuang_2020_CVPR,
author = {Zhuang, Chengxu and She, Tianwei and Andonian, Alex and Mark, Max Sobol and Yamins, Daniel},
title = {Unsupervised Learning From Video With Deep Neural Embeddings},
booktitle = {IEEE/CVF Conference on Computer Vision and Pattern Recognition (CVPR)},
month = {June},
year = {2020}
} 


@InProceedings{Wu_2021_CVPR,
    author    = {Wu, Haiyan and Qu, Yanyun and Lin, Shaohui and Zhou, Jian and Qiao, Ruizhi and Zhang, Zhizhong and Xie, Yuan and Ma, Lizhuang},
    title     = {Contrastive Learning for Compact Single Image Dehazing},
    booktitle = {Proceedings of the IEEE/CVF Conference on Computer Vision and Pattern Recognition (CVPR)},
    month     = {June},
    year      = {2021},
    pages     = {10551-10560}
}

@InProceedings{Pan_2021_CVPR,
    author    = {Pan, Tian and Song, Yibing and Yang, Tianyu and Jiang, Wenhao and Liu, Wei},
    title     = {VideoMoCo: Contrastive Video Representation Learning With Temporally Adversarial Examples},
    booktitle = {Proceedings of the IEEE/CVF Conference on Computer Vision and Pattern Recognition (CVPR)},
    month     = {June},
    year      = {2021},
    pages     = {11205-11214}
}


@InProceedings{Aberdam_2021_CVPR,
    author    = {Aberdam, Aviad and Litman, Ron and Tsiper, Shahar and Anschel, Oron and Slossberg, Ron and Mazor, Shai and Manmatha, R. and Perona, Pietro},
    title     = {Sequence-to-Sequence Contrastive Learning for Text Recognition},
    booktitle = {Proceedings of the IEEE/CVF Conference on Computer Vision and Pattern Recognition (CVPR)},
    month     = {June},
    year      = {2021},
    pages     = {15302-15312}
}

@InProceedings{Yao_2021_CVPR,
    author    = {Yao, Yazhou and Sun, Zeren and Zhang, Chuanyi and Shen, Fumin and Wu, Qi and Zhang, Jian and Tang, Zhenmin},
    title     = {Jo-SRC: A Contrastive Approach for Combating Noisy Labels},
    booktitle = {Proceedings of the IEEE/CVF Conference on Computer Vision and Pattern Recognition (CVPR)},
    month     = {June},
    year      = {2021},
    pages     = {5192-5201}
}

@InProceedings{Yu_2021_ICCV,
    author    = {Yu, Xumin and Rao, Yongming and Zhao, Wenliang and Lu, Jiwen and Zhou, Jie},
    title     = {Group-Aware Contrastive Regression for Action Quality Assessment},
    booktitle = {Proceedings of the IEEE/CVF International Conference on Computer Vision (ICCV)},
    month     = {October},
    year      = {2021},
    pages     = {7919-7928}
}

@InProceedings{Hu_2021_ICCV,
    author    = {Hu, Hanzhe and Cui, Jinshi and Wang, Liwei},
    title     = {Region-Aware Contrastive Learning for Semantic Segmentation},
    booktitle = {Proceedings of the IEEE/CVF International Conference on Computer Vision (ICCV)},
    month     = {October},
    year      = {2021},
    pages     = {16291-16301}
}

@InProceedings{Diba_2021_ICCV,
    author    = {Diba, Ali and Sharma, Vivek and Safdari, Reza and Lotfi, Dariush and Sarfraz, Saquib and Stiefelhagen, Rainer and Van Gool, Luc},
    title     = {Vi2CLR: Video and Image for Visual Contrastive Learning of Representation},
    booktitle = {ICCV},
    year      = {2021},
}

@InProceedings{Xie_2021_ICCV,
    author    = {Xie, Enze and Ding, Jian and Wang, Wenhai and Zhan, Xiaohang and Xu, Hang and Sun, Peize and Li, Zhenguo and Luo, Ping},
    title     = {DetCo: Unsupervised Contrastive Learning for Object Detection},
    booktitle = {ICCV},
    year      = {2021}
}


@article{zhang2021temperature,
  title={Temperature as Uncertainty in Contrastive Learning},
  author={Zhang, Oliver and Wu, Mike and Bayrooti, Jasmine and Goodman, Noah},
  journal={arXiv preprint arXiv:2110.04403},
  year={2021}
}


@inproceedings{wu2020conditional,
  title={Conditional Negative Sampling for Contrastive Learning of Visual Representations},
  author={Wu, Mike and Mosse, Milan and Zhuang, Chengxu and Yamins, Daniel and Goodman, Noah},
  booktitle={International Conference on Learning Representations},
  year={2020}
}


@inproceedings{NEURIPS2020_f7cade80,
 author = {Kalantidis, Yannis and Sariyildiz, Mert Bulent and Pion, Noe and Weinzaepfel, Philippe and Larlus, Diane},
 booktitle = {Advances in Neural Information Processing Systems},
 editor = {H. Larochelle and M. Ranzato and R. Hadsell and M. F. Balcan and H. Lin},
 pages = {21798--21809},
 publisher = {Curran Associates, Inc.},
 title = {Hard Negative Mixing for Contrastive Learning},
 url = {https://proceedings.neurips.cc/paper/2020/file/f7cade80b7cc92b991cf4d2806d6bd78-Paper.pdf},
 volume = {33},
 year = {2020}
}

@inproceedings{robinson2021contrastive,
title={Contrastive Learning with Hard Negative Samples},
author={Joshua David Robinson and Ching-Yao Chuang and Suvrit Sra and Stefanie Jegelka},
booktitle={International Conference on Learning Representations},
year={2021},
url={https://openreview.net/forum?id=CR1XOQ0UTh-}
}

@inproceedings{
zhang2022how,
title={How Does SimSiam Avoid Collapse Without Negative Samples? A Unified Understanding with Self-supervised Contrastive Learning},
author={Chaoning Zhang and Kang Zhang and Chenshuang Zhang and Trung X. Pham and Chang D. Yoo and In So Kweon},
booktitle={International Conference on Learning Representations},
year={2022},
url={https://openreview.net/forum?id=bwq6O4Cwdl}
}


@article{you2017large,
  title={Large batch training of convolutional networks},
  author={You, Yang and Gitman, Igor and Ginsburg, Boris},
  journal={arXiv preprint arXiv:1708.03888},
  year={2017}
}


@inproceedings{wang2020understanding,
  title={Understanding contrastive representation learning through alignment and uniformity on the hypersphere},
  author={Wang, Tongzhou and Isola, Phillip},
  booktitle={ICML},
  year={2020}
}




@article{nozawa2021understanding,
  title={Understanding Negative Samples in Instance Discriminative Self-supervised Representation Learning},
  author={Nozawa, Kento and Sato, Issei},
  journal={arXiv preprint arXiv:2102.06866},
  year={2021}
}

@InProceedings{Zeng_2020_CVPR,
author = {Zeng, Kaiwei and Ning, Munan and Wang, Yaohua and Guo, Yang},
title = {Hierarchical Clustering With Hard-Batch Triplet Loss for Person Re-Identification},
booktitle = {IEEE/CVF Conference on Computer Vision and Pattern Recognition (CVPR)},
month = {June},
year = {2020}
} 

@InProceedings{Vasudeva_2021_ICCV,
    author    = {Vasudeva, Bhavya and Deora, Puneesh and Bhattacharya, Saumik and Pal, Umapada and Chanda, Sukalpa},
    title     = {LoOp: Looking for Optimal Hard Negative Embeddings for Deep Metric Learning},
    booktitle = {Proceedings of the IEEE/CVF International Conference on Computer Vision (ICCV)},
    month     = {October},
    year      = {2021},
    pages     = {10634-10643}
}

@InProceedings{Wang_2021_ICCV,
    author    = {Wang, Weilun and Zhou, Wengang and Bao, Jianmin and Chen, Dong and Li, Houqiang},
    title     = {Instance-Wise Hard Negative Example Generation for Contrastive Learning in Unpaired Image-to-Image Translation},
    booktitle = {Proceedings of the IEEE/CVF International Conference on Computer Vision (ICCV)},
    month     = {October},
    year      = {2021},
    pages     = {14020-14029}
}

@InProceedings{Bai_2021_ICCV,
    author    = {Bai, Yingbin and Liu, Tongliang},
    title     = {Me-Momentum: Extracting Hard Confident Examples From Noisily Labeled Data},
    booktitle = {Proceedings of the IEEE/CVF International Conference on Computer Vision (ICCV)},
    month     = {October},
    year      = {2021},
    pages     = {9312-9321}
}

@inproceedings{iscen2018mining,
  title={Mining on manifolds: Metric learning without labels},
  author={Iscen, Ahmet and Tolias, Giorgos and Avrithis, Yannis and Chum, Ond{\v{r}}ej},
  booktitle={Proceedings of the IEEE Conference on Computer Vision and Pattern Recognition},
  pages={7642--7651},
  year={2018}
}

@inproceedings{chuang2020debiased,
  title={Debiased Contrastive Learning},
  author={Chuang, Ching-Yao and Robinson, Joshua and Lin, Yen-Chen and Torralba, Antonio and Jegelka, Stefanie},
  booktitle={NeurIPS},
  year={2020}
}

@article{ho2020contrastive,
  title={Contrastive learning with adversarial examples},
  author={Ho, Chih-Hui and Nvasconcelos, Nuno},
  journal={Advances in Neural Information Processing Systems},
  volume={33},
  pages={17081--17093},
  year={2020}
}

@article{goyal2017accurate,
  title={Accurate, large minibatch sgd: Training imagenet in 1 hour},
  author={Goyal, Priya and Doll{\'a}r, Piotr and Girshick, Ross and Noordhuis, Pieter and Wesolowski, Lukasz and Kyrola, Aapo and Tulloch, Andrew and Jia, Yangqing and He, Kaiming},
  journal={arXiv preprint arXiv:1706.02677},
  year={2017}
}

@inproceedings{demontis2019adversarial,
  title={Why do adversarial attacks transfer? explaining transferability of evasion and poisoning attacks},
  author={Demontis, Ambra and Melis, Marco and Pintor, Maura and Jagielski, Matthew and Biggio, Battista and Oprea, Alina and Nita-Rotaru, Cristina and Roli, Fabio},
  booktitle={USENIX},
  year={2019}
}

@inproceedings{benz2021robustness,
  title={Robustness comparison of vision transformer and MLP-Mixer to CNNs},
  author={Benz, Philipp and Zhang, Chaoning and Ham, Soomin and Karjauv, Adil and Kweon, In So},
  booktitle={CVPR 2021 Workshop on Adversarial Machine Learning in Real-World Computer Vision Systems and Online Challenges (AML-CV)},
  year={2021}
}

@article{chen2020improved,
  title={Improved baselines with momentum contrastive learning, MoCo v2},
  author={Chen, Xinlei and Fan, Haoqi and Girshick, Ross and He, Kaiming},
  journal={arXiv preprint arXiv:2003.04297},
  year={2020}
}

@inproceedings{
      zheng2021ressl,
      title={Re{SSL}: Relational Self-Supervised Learning with Weak Augmentation},
      author={Mingkai Zheng and Shan You and Fei Wang and Chen Qian and Changshui Zhang and Xiaogang Wang and Chang Xu},
      booktitle={Thirty-Fifth Conference on Neural Information Processing Systems},
      year={2021},
      url={https://openreview.net/forum?id=ErivP29kYnx}
}

@inproceedings{cai2021exponential,
  title={Exponential moving average normalization for self-supervised and semi-supervised learning},
  author={Cai, Zhaowei and Ravichandran, Avinash and Maji, Subhransu and Fowlkes, Charless and Tu, Zhuowen and Soatto, Stefano},
  booktitle={Proceedings of the IEEE/CVF Conference on Computer Vision and Pattern Recognition},
  pages={194--203},
  year={2021}
}

@article{tarvainen2017mean,
  title={Mean teachers are better role models: Weight-averaged consistency targets improve semi-supervised deep learning results},
  author={Tarvainen, Antti and Valpola, Harri},
  journal={Advances in neural information processing systems},
  volume={30},
  year={2017}
}

@inproceedings{tian2021divide,
  title={Divide and contrast: Self-supervised learning from uncurated data},
  author={Tian, Yonglong and Henaff, Olivier J and van den Oord, A{\"a}ron},
  booktitle={Proceedings of the IEEE/CVF International Conference on Computer Vision},
  pages={10063--10074},
  year={2021}
}

@article{chen2020bigSimclrv2,
  title={Big self-supervised models are strong semi-supervised learners},
  author={Chen, Ting and Kornblith, Simon and Swersky, Kevin and Norouzi, Mohammad and Hinton, Geoffrey E},
  journal={Advances in neural information processing systems},
  volume={33},
  pages={22243--22255},
  year={2020}
}

@inproceedings{lee2022prototypical,
title={Prototypical Contrastive Predictive Coding},
author={Kyungmin Lee},
booktitle={International Conference on Learning Representations},
year={2022},
url={https://openreview.net/forum?id=8la28hZOwug}
}

@inproceedings{tian2019contrastive,
  title={Contrastive Representation Distillation},
  author={Tian, Yonglong and Krishnan, Dilip and Isola, Phillip},
  booktitle={International Conference on Learning Representations},
  year={2019}
}


@inproceedings{sutskever2013importance,
  title={On the importance of initialization and momentum in deep learning},
  author={Sutskever, Ilya and Martens, James and Dahl, George and Hinton, Geoffrey},
  booktitle={International conference on machine learning},
  pages={1139--1147},
  year={2013},
  organization={PMLR}
}

@inproceedings{vieillard2020momentum,
  title={Momentum in reinforcement learning},
  author={Vieillard, Nino and Scherrer, Bruno and Pietquin, Olivier and Geist, Matthieu},
  booktitle={International Conference on Artificial Intelligence and Statistics},
  pages={2529--2538},
  year={2020},
  organization={PMLR}
}

@inproceedings{korkmaz2020nesterov,
  title={Nesterov momentum adversarial perturbations in the deep reinforcement learning domain},
  author={Korkmaz, Ezgi},
  booktitle={International Conference on Machine Learning, ICML 2020, Inductive Biases, Invariances and Generalization in Reinforcement Learning Workshop},
  volume={1},
  year={2020}
}

@inproceedings{haarnoja2018soft,
  title={Soft actor-critic: Off-policy maximum entropy deep reinforcement learning with a stochastic actor},
  author={Haarnoja, Tuomas and Zhou, Aurick and Abbeel, Pieter and Levine, Sergey},
  booktitle={International conference on machine learning},
  pages={1861--1870},
  year={2018},
  organization={PMLR}
}

@inproceedings{ma2018quasi,
  title={Quasi-hyperbolic momentum and Adam for deep learning},
  author={Ma, Jerry and Yarats, Denis},
  booktitle={International Conference on Learning Representations},
  year={2018}
}

@inproceedings{komodakis2018unsupervised,
  title={Unsupervised representation learning by predicting image rotations},
  author={Komodakis, Nikos and Gidaris, Spyros},
  booktitle={International Conference on Learning Representations (ICLR)},
  year={2018}
}

@incollection{NEURIPS2019_pytorch,
title = {PyTorch: An Imperative Style, High-Performance Deep Learning Library},
author = {Paszke, Adam and Gross, Sam and Massa, Francisco and Lerer, Adam and Bradbury, James and Chanan, Gregory and Chintala, Soumith},
booktitle = {Advances in Neural Information Processing Systems 32},
editor = {H. Wallach and H. Larochelle and A. Beygelzimer and F. d\textquotesingle Alch\'{e}-Buc and E. Fox and R. Garnett},
pages = {8024--8035},
year = {2019},
publisher = {Curran Associates, Inc.},
url = {http://papers.neurips.cc/paper/9015-pytorch-an-imperative-style-high-performance-deep-learning-library.pdf}
}

@article{li2021momentum,
  title={Momentum\^{} 2 Teacher: Momentum Teacher with Momentum Statistics for Self-Supervised Learning},
  author={Li, Zeming and Liu, Songtao and Sun, Jian},
  journal={arXiv preprint arXiv:2101.07525},
  year={2021}
}

@article{wang2022importance,
  title={On the Importance of Asymmetry for Siamese Representation Learning},
  author={Wang, Xiao and Fan, Haoqi and Tian, Yuandong and Kihara, Daisuke and Chen, Xinlei},
  journal={arXiv preprint arXiv:2204.00613},
  year={2022}
}

@inproceedings{madaan2022representational,
title={Representational Continuity for Unsupervised Continual Learning},
author={Divyam Madaan and Jaehong Yoon and Yuanchun Li and Yunxin Liu and Sung Ju Hwang},
booktitle={International Conference on Learning Representations},
year={2022},
url={https://openreview.net/forum?id=9Hrka5PA7LW}
}

@article{brown2020language,
  title={Language models are few-shot learners},
  author={Brown, Tom and Mann, Benjamin and Ryder, Nick and Subbiah, Melanie and Kaplan, Jared D and Dhariwal, Prafulla and Neelakantan, Arvind and Shyam, Pranav and Sastry, Girish and Askell, Amanda and others},
  journal={Advances in neural information processing systems},
  volume={33},
  pages={1877--1901},
  year={2020}
}

@article{klinker2011exponential,
  title={Exponential moving average versus moving exponential average},
  author={Klinker, Frank},
  journal={Mathematische Semesterberichte},
  volume={58},
  number={1},
  pages={97--107},
  year={2011},
  publisher={Springer}
}

@book{appel2005technical,
  title={Technical analysis: power tools for active investors},
  author={Appel, Gerald},
  year={2005},
  publisher={FT Press}
}

@book{pring2002technical,
  title={Technical analysis explained: The successful investor's guide to spotting investment trends and turning points},
  author={Pring, Martin J},
  year={2002},
  publisher={McGraw-Hill Professional}
}

@article{kaku2021intermediate,
  title={Intermediate Layers Matter in Momentum Contrastive Self Supervised Learning},
  author={Kaku, Aakash and Upadhya, Sahana and Razavian, Narges},
  journal={Advances in Neural Information Processing Systems},
  volume={34},
  year={2021}
}

@article{von2021self,
  title={Self-supervised learning with data augmentations provably isolates content from style},
  author={Von K{\"u}gelgen, Julius and Sharma, Yash and Gresele, Luigi and Brendel, Wieland and Sch{\"o}lkopf, Bernhard and Besserve, Michel and Locatello, Francesco},
  journal={Advances in Neural Information Processing Systems},
  volume={34},
  year={2021}
}

@inproceedings{zhang2022dual,
  title={Dual temperature helps contrastive learning without many negative samples: Towards understanding and simplifying moco},
  author={Zhang, Chaoning and Zhang, Kang and Pham, Trung X and Niu, Axi and Qiao, Zhinan and Yoo, Chang D and Kweon, In So},
  booktitle={Proceedings of the IEEE/CVF Conference on Computer Vision and Pattern Recognition},
  pages={14441--14450},
  year={2022}
}

@inproceedings{dwibedi2021little,
  title={With a little help from my friends: Nearest-neighbor contrastive learning of visual representations},
  author={Dwibedi, Debidatta and Aytar, Yusuf and Tompson, Jonathan and Sermanet, Pierre and Zisserman, Andrew},
  booktitle={Proceedings of the IEEE/CVF International Conference on Computer Vision},
  pages={9588--9597},
  year={2021}
}

@inproceedings{bardes2022vicreg,
title={{VICR}eg: Variance-Invariance-Covariance Regularization for Self-Supervised Learning},
author={Adrien Bardes and Jean Ponce and Yann LeCun},
booktitle={International Conference on Learning Representations},
year={2022},
url={https://openreview.net/forum?id=xm6YD62D1Ub}
}

@inproceedings{misra2020self,
  title={Self-supervised learning of pretext-invariant representations},
  author={Misra, Ishan and Maaten, Laurens van der},
  booktitle={Proceedings of the IEEE/CVF Conference on Computer Vision and Pattern Recognition},
  pages={6707--6717},
  year={2020}
}

@inproceedings{lee2020learning,
  title={Learning augmentation network via influence functions},
  author={Lee, Donghoon and Park, Hyunsin and Pham, Trung and Yoo, Chang D},
  booktitle={Proceedings of the IEEE/CVF Conference on Computer Vision and Pattern Recognition},
  pages={10961--10970},
  year={2020}
}

@inproceedings{wang2021solving,
  title={Solving inefficiency of self-supervised representation learning},
  author={Wang, Guangrun and Wang, Keze and Wang, Guangcong and Torr, Philip HS and Lin, Liang},
  booktitle={Proceedings of the IEEE/CVF International Conference on Computer Vision},
  pages={9505--9515},
  year={2021}
}


@inproceedings{zhou2022image_ibot,
title={Image {BERT} Pre-training with Online Tokenizer},
author={Jinghao Zhou and Chen Wei and Huiyu Wang and Wei Shen and Cihang Xie and Alan Yuille and Tao Kong},
booktitle={International Conference on Learning Representations},
year={2022},
url={https://openreview.net/forum?id=ydopy-e6Dg}
}

@inproceedings{xu2019data,
  title={Data-distortion guided self-distillation for deep neural networks},
  author={Xu, Ting-Bing and Liu, Cheng-Lin},
  booktitle={Proceedings of the AAAI Conference on Artificial Intelligence},
  volume={33},
  pages={5565--5572},
  year={2019}
}

@article{pham2022lad,
  title={LAD: A Hybrid Deep Learning System for Benign Paroxysmal Positional Vertigo Disorders Diagnostic},
  author={Pham, Trung Xuan and Mina, Rusty John Lloyd and Nguyen, Thanh and Madjid, Sultan Rizky and Choi, Jinwoong and Yoo, Chang Dong},
  journal={IEEE Access},
  year={2022},
  publisher={IEEE}
}

@inproceedings{kim2020modality,
  title={Modality shifting attention network for multi-modal video question answering},
  author={Kim, Junyeong and Ma, Minuk and Pham, Trung and Kim, Kyungsu and Yoo, Chang D},
  booktitle={Proceedings of the IEEE/CVF conference on computer vision and pattern recognition},
  pages={10106--10115},
  year={2020}
}

@ARTICLE{9718302niu,
  author={Niu, Axi and Zhu, Yu and Zhang, Chaoning and Sun, Jinqiu and Wang, Pei and Kweon, In So and Zhang, Yanning},
  journal={IEEE Transactions on Circuits and Systems for Video Technology}, 
  title={MS2Net: Multi-Scale and Multi-Stage Feature Fusion for Blurred Image Super-Resolution}, 
  year={2022},
  volume={32},
  number={8},
  pages={5137-5150},
  doi={10.1109/TCSVT.2022.3153390}
}

@article{pham2022pros,
  title={On the Pros and Cons of Momentum Encoder in Self-Supervised Visual Representation Learning},
  author={Pham, Trung and Zhang, Chaoning and Niu, Axi and Zhang, Kang and Yoo, Chang D},
  journal={arXiv preprint arXiv:2208.05744},
  year={2022}
}

@inproceedings{siarohin2018deformable,
  title={Deformable gans for pose-based human image generation},
  author={Siarohin, Aliaksandr and Sangineto, Enver and Lathuiliere, St{\'e}phane and Sebe, Nicu},
  booktitle={Proceedings of the IEEE conference on computer vision and pattern recognition},
  pages={3408--3416},
  year={2018}
}

@inproceedings{zhu2019progressive,
  title={Progressive pose attention transfer for person image generation},
  author={Zhu, Zhen and Huang, Tengteng and Shi, Baoguang and Yu, Miao and Wang, Bofei and Bai, Xiang},
  booktitle={Proceedings of the IEEE/CVF Conference on Computer Vision and Pattern Recognition},
  pages={2347--2356},
  year={2019}
}

@inproceedings{men2020controllable,
  title={Controllable person image synthesis with attribute-decomposed gan},
  author={Men, Yifang and Mao, Yiming and Jiang, Yuning and Ma, Wei-Ying and Lian, Zhouhui},
  booktitle={Proceedings of the IEEE/CVF conference on computer vision and pattern recognition},
  pages={5084--5093},
  year={2020}
}

@inproceedings{ren2020deep,
  title={Deep image spatial transformation for person image generation},
  author={Ren, Yurui and Yu, Xiaoming and Chen, Junming and Li, Thomas H and Li, Ge},
  booktitle={Proceedings of the IEEE/CVF Conference on Computer Vision and Pattern Recognition},
  pages={7690--7699},
  year={2020}
}

@inproceedings{zhang2022exploring,
  title={Exploring dual-task correlation for pose guided person image generation},
  author={Zhang, Pengze and Yang, Lingxiao and Lai, Jian-Huang and Xie, Xiaohua},
  booktitle={Proceedings of the IEEE/CVF Conference on Computer Vision and Pattern Recognition},
  pages={7713--7722},
  year={2022}
}

@inproceedings{zhou2022cross,
  title={Cross attention based style distribution for controllable person image synthesis},
  author={Zhou, Xinyue and Yin, Mingyu and Chen, Xinyuan and Sun, Li and Gao, Changxin and Li, Qingli},
  booktitle={European Conference on Computer Vision},
  pages={161--178},
  year={2022},
  organization={Springer}
}

@inproceedings{ren2022neural,
  title={Neural texture extraction and distribution for controllable person image synthesis},
  author={Ren, Yurui and Fan, Xiaoqing and Li, Ge and Liu, Shan and Li, Thomas H},
  booktitle={Proceedings of the IEEE/CVF Conference on Computer Vision and Pattern Recognition},
  pages={13535--13544},
  year={2022}
}

@inproceedings{zhou2021cocosnet,
  title={Cocosnet v2: Full-resolution correspondence learning for image translation},
  author={Zhou, Xingran and Zhang, Bo and Zhang, Ting and Zhang, Pan and Bao, Jianmin and Chen, Dong and Zhang, Zhongfei and Wen, Fang},
  booktitle={Proceedings of the IEEE/CVF Conference on Computer Vision and Pattern Recognition},
  pages={11465--11475},
  year={2021}
}

@inproceedings{bhunia2023person,
  title={Person image synthesis via denoising diffusion model},
  author={Bhunia, Ankan Kumar and Khan, Salman and Cholakkal, Hisham and Anwer, Rao Muhammad and Laaksonen, Jorma and Shah, Mubarak and Khan, Fahad Shahbaz},
  booktitle={Proceedings of the IEEE/CVF Conference on Computer Vision and Pattern Recognition},
  pages={5968--5976},
  year={2023}
}

@inproceedings{chang2022maskgit,
  title={Maskgit: Masked generative image transformer},
  author={Chang, Huiwen and Zhang, Han and Jiang, Lu and Liu, Ce and Freeman, William T},
  booktitle={Proceedings of the IEEE/CVF Conference on Computer Vision and Pattern Recognition},
  pages={11315--11325},
  year={2022}
}

@inproceedings{yu2023magvit,
  title={Magvit: Masked generative video transformer},
  author={Yu, Lijun and Cheng, Yong and Sohn, Kihyuk and Lezama, Jos{\'e} and Zhang, Han and Chang, Huiwen and Hauptmann, Alexander G and Yang, Ming-Hsuan and Hao, Yuan and Essa, Irfan and others},
  booktitle={Proceedings of the IEEE/CVF Conference on Computer Vision and Pattern Recognition},
  pages={10459--10469},
  year={2023}
}

@inproceedings{kim2023magvlt,
  title={MAGVLT: Masked Generative Vision-and-Language Transformer},
  author={Kim, Sungwoong and Jo, Daejin and Lee, Donghoon and Kim, Jongmin},
  booktitle={Proceedings of the IEEE/CVF Conference on Computer Vision and Pattern Recognition},
  pages={23338--23348},
  year={2023}
}

@article{chang2023muse,
  title={Muse: Text-to-image generation via masked generative transformers},
  author={Chang, Huiwen and Zhang, Han and Barber, Jarred and Maschinot, AJ and Lezama, Jose and Jiang, Lu and Yang, Ming-Hsuan and Murphy, Kevin and Freeman, William T and Rubinstein, Michael and others},
  journal={arXiv preprint arXiv:2301.00704},
  year={2023}
}

@inproceedings{bashkirova2023masksketch,
  title={Masksketch: Unpaired structure-guided masked image generation},
  author={Bashkirova, Dina and Lezama, Jos{\'e} and Sohn, Kihyuk and Saenko, Kate and Essa, Irfan},
  booktitle={Proceedings of the IEEE/CVF Conference on Computer Vision and Pattern Recognition},
  pages={1879--1889},
  year={2023}
}

@inproceedings{lezama2022improved,
  title={Improved masked image generation with token-critic},
  author={Lezama, Jos{\'e} and Chang, Huiwen and Jiang, Lu and Essa, Irfan},
  booktitle={European Conference on Computer Vision},
  pages={70--86},
  year={2022},
  organization={Springer}
}

@article{ma2017pose,
  title={Pose guided person image generation},
  author={Ma, Liqian and Jia, Xu and Sun, Qianru and Schiele, Bernt and Tuytelaars, Tinne and Van Gool, Luc},
  journal={Advances in neural information processing systems},
  volume={30},
  year={2017}
}

@inproceedings{geng2023human,
  title={Human Pose as Compositional Tokens},
  author={Geng, Zigang and Wang, Chunyu and Wei, Yixuan and Liu, Ze and Li, Houqiang and Hu, Han},
  booktitle={Proceedings of the IEEE/CVF Conference on Computer Vision and Pattern Recognition},
  pages={660--671},
  year={2023}
}

@inproceedings{wu2023pose,
  title={Pose Guided Human Image Synthesis with Partially Decoupled GAN},
  author={Wu, Jianhan and Si, Shijing and Wang, Jianzong and Qu, Xiaoyang and Jing, Xiao},
  booktitle={Asian Conference on Machine Learning},
  pages={1133--1148},
  year={2023},
  organization={PMLR}
}

@inproceedings{han2023controllable,
  title={Controllable Person Image Synthesis with Pose-Constrained Latent Diffusion},
  author={Han, Xiao and Zhu, Xiatian and Deng, Jiankang and Song, Yi-Zhe and Xiang, Tao},
  booktitle={Proceedings of the IEEE/CVF International Conference on Computer Vision},
  pages={22768--22777},
  year={2023}
}

@inproceedings{anonymous2023advancing,
title={Advancing Pose-Guided Image Synthesis with Progressive Conditional Diffusion Models},
author={Anonymous},
booktitle={Submitted to The Twelfth International Conference on Learning Representations},
year={2023},
url={https://openreview.net/forum?id=rHzapPnCgT},
note={under review}
}

@inproceedings{peebles2023scalable,
  title={Scalable diffusion models with transformers},
  author={Peebles, William and Xie, Saining},
  booktitle={Proceedings of the IEEE/CVF International Conference on Computer Vision},
  pages={4195--4205},
  year={2023}
}

@inproceedings{gao2023masked,
  title={Masked diffusion transformer is a strong image synthesizer},
  author={Gao, Shanghua and Zhou, Pan and Cheng, Ming-Ming and Yan, Shuicheng},
  booktitle={Proceedings of the IEEE/CVF International Conference on Computer Vision},
  pages={23164--23173},
  year={2023}
}

@inproceedings{rombach2022high,
  title={High-resolution image synthesis with latent diffusion models},
  author={Rombach, Robin and Blattmann, Andreas and Lorenz, Dominik and Esser, Patrick and Ommer, Bj{\"o}rn},
  booktitle={Proceedings of the IEEE/CVF conference on computer vision and pattern recognition},
  pages={10684--10695},
  year={2022}
}

@inproceedings{esser2021taming,
  title={Taming transformers for high-resolution image synthesis},
  author={Esser, Patrick and Rombach, Robin and Ommer, Bjorn},
  booktitle={Proceedings of the IEEE/CVF conference on computer vision and pattern recognition},
  pages={12873--12883},
  year={2021}
}

@inproceedings{zhang2021pise,
  title={Pise: Person image synthesis and editing with decoupled gan},
  author={Zhang, Jinsong and Li, Kun and Lai, Yu-Kun and Yang, Jingyu},
  booktitle={Proceedings of the IEEE/CVF Conference on Computer Vision and Pattern Recognition},
  pages={7982--7990},
  year={2021}
}

@inproceedings{gupta2023siamese,
title={Siamese Masked Autoencoders},
author={Agrim Gupta and Jiajun Wu and Jia Deng and Li Fei-Fei},
booktitle={Thirty-seventh Conference on Neural Information Processing Systems},
year={2023},
url={https://openreview.net/forum?id=yC3q7vInux}
}

@inproceedings{zhang2023patch,
  title={Patch-level Contrastive Learning via Positional Query for Visual Pre-training},
  author={Zhang, Shaofeng and Zhou, Qiang and Wang, Zhibin and Wang, Fan and Yan, Junchi},
  booktitle={International Conference on Machine Learning},
  pages={41990--41999},
  year={2023},
  organization={PMLR}
}

@inproceedings{chen2024anydoor,
  title={Anydoor: Zero-shot object-level image customization},
  author={Chen, Xi and Huang, Lianghua and Liu, Yu and Shen, Yujun and Zhao, Deli and Zhao, Hengshuang},
  booktitle={Proceedings of the IEEE/CVF Conference on Computer Vision and Pattern Recognition},
  pages={6593--6602},
  year={2024}
}

@inproceedings{cao2017realtime,
  title={Realtime multi-person 2d pose estimation using part affinity fields},
  author={Cao, Zhe and Simon, Tomas and Wei, Shih-En and Sheikh, Yaser},
  booktitle={Proceedings of the IEEE conference on computer vision and pattern recognition},
  pages={7291--7299},
  year={2017}
}

@article{dosovitskiy2010image,
  title={An image is worth 16x16 words: Transformers for image recognition at scale. arXiv 2020},
  author={Dosovitskiy, Alexey and Beyer, Lucas and Kolesnikov, Alexander and Weissenborn, Dirk and Zhai, Xiaohua and Unterthiner, Thomas and Dehghani, Mostafa and Minderer, Matthias and Heigold, Georg and Gelly, Sylvain and others},
  journal={arXiv preprint arXiv:2010.11929},
  year={2010}
}

@article{ho2020denoising,
  title={Denoising diffusion probabilistic models},
  author={Ho, Jonathan and Jain, Ajay and Abbeel, Pieter},
  journal={Advances in neural information processing systems},
  volume={33},
  pages={6840--6851},
  year={2020}
}

@article{ho2022cascaded,
  title={Cascaded diffusion models for high fidelity image generation},
  author={Ho, Jonathan and Saharia, Chitwan and Chan, William and Fleet, David J and Norouzi, Mohammad and Salimans, Tim},
  journal={The Journal of Machine Learning Research},
  volume={23},
  number={1},
  pages={2249--2281},
  year={2022},
  publisher={JMLRORG}
}

@article{song2019generative,
  title={Generative modeling by estimating gradients of the data distribution},
  author={Song, Yang and Ermon, Stefano},
  journal={Advances in neural information processing systems},
  volume={32},
  year={2019}
}

@inproceedings{he2022masked,
  title={Masked autoencoders are scalable vision learners},
  author={He, Kaiming and Chen, Xinlei and Xie, Saining and Li, Yanghao and Doll{\'a}r, Piotr and Girshick, Ross},
  booktitle={Proceedings of the IEEE/CVF conference on computer vision and pattern recognition},
  pages={16000--16009},
  year={2022}
}

@article{gao2022towards,
  title={Towards Sustainable Self-supervised Learning},
  author={Gao, Shanghua and Zhou, Pan and Cheng, Ming-Ming and Yan, Shuicheng},
  journal={arXiv preprint arXiv:2210.11016},
  year={2022}
}

@article{karras2023dreampose,
  title={Dreampose: Fashion image-to-video synthesis via stable diffusion},
  author={Karras, Johanna and Holynski, Aleksander and Wang, Ting-Chun and Kemelmacher-Shlizerman, Ira},
  journal={arXiv preprint arXiv:2304.06025},
  year={2023}
}

@inproceedings{isola2017image,
  title={Image-to-image translation with conditional adversarial networks},
  author={Isola, Phillip and Zhu, Jun-Yan and Zhou, Tinghui and Efros, Alexei A},
  booktitle={Proceedings of the IEEE conference on computer vision and pattern recognition},
  pages={1125--1134},
  year={2017}
}

@article{zhao2023uni,
  title={Uni-ControlNet: All-in-One Control to Text-to-Image Diffusion Models},
  author={Zhao, Shihao and Chen, Dongdong and Chen, Yen-Chun and Bao, Jianmin and Hao, Shaozhe and Yuan, Lu and Wong, Kwan-Yee K},
  journal={Advances in Neural Information Processing Systems},
  year={2023}
}

@misc{zhang2023adding,
  title={Adding Conditional Control to Text-to-Image Diffusion Models}, 
  author={Lvmin Zhang and Anyi Rao and Maneesh Agrawala},
  booktitle={IEEE International Conference on Computer Vision (ICCV)},
  year={2023},
}

@article{pham2023self,
  title={Self-supervised visual representation learning via residual momentum},
  author={Pham, Trung Xuan and Niu, Axi and Zhang, Kang and Jin, Tee Joshua Tian and Hong, Ji Woo and Yoo, Chang D},
  journal={IEEE Access},
  year={2023},
  publisher={IEEE}
}

@article{ho2022classifier,
  title={Classifier-free diffusion guidance},
  author={Ho, Jonathan and Salimans, Tim},
  journal={arXiv preprint arXiv:2207.12598},
  year={2022}
}

@inproceedings{liu2016deepfashion,
  title={Deepfashion: Powering robust clothes recognition and retrieval with rich annotations},
  author={Liu, Ziwei and Luo, Ping and Qiu, Shi and Wang, Xiaogang and Tang, Xiaoou},
  booktitle={Proceedings of the IEEE conference on computer vision and pattern recognition},
  pages={1096--1104},
  year={2016}
}

@article{song2020denoising,
  title={Denoising diffusion implicit models},
  author={Song, Jiaming and Meng, Chenlin and Ermon, Stefano},
  journal={arXiv preprint arXiv:2010.02502},
  year={2020}
}

@misc{oquab2023dinov2,
  title={DINOv2: Learning Robust Visual Features without Supervision},
  author={Oquab, Maxime and Darcet, Timothée and Moutakanni, Theo and Vo, Huy V. and Szafraniec, Marc and Khalidov, Vasil and Fernandez, Pierre and Haziza, Daniel and Massa, Francisco and El-Nouby, Alaaeldin and Howes, Russell and Huang, Po-Yao and Xu, Hu and Sharma, Vasu and Li, Shang-Wen and Galuba, Wojciech and Rabbat, Mike and Assran, Mido and Ballas, Nicolas and Synnaeve, Gabriel and Misra, Ishan and Jegou, Herve and Mairal, Julien and Labatut, Patrick and Joulin, Armand and Bojanowski, Piotr},
  journal={arXiv:2304.07193},
  year={2023}
}

@article{pham2021self,
  title={Self-supervised learning with local attention-aware feature},
  author={Pham, Trung X and Mina, Rusty John Lloyd and Issa, Dias and Yoo, Chang D},
  journal={arXiv preprint arXiv:2108.00475},
  year={2021}
}


@article{jung2022deep,
  title={Deep learning-based noise robust flexible piezoelectric acoustic sensors for speech processing},
  author={Jung, Young Hoon and Pham, Trung Xuan and Issa, Dias and Wang, Hee Seung and Lee, Jae Hee and Chung, Mingi and Lee, Bo-Yeon and Kim, Gwangsu and Yoo, Chang D and Lee, Keon Jae},
  journal={Nano Energy},
  volume={101},
  pages={107610},
  year={2022},
  publisher={Elsevier}
}

@article{vu2019cascade,
  title={Cascade rpn: Delving into high-quality region proposal network with adaptive convolution},
  author={Vu, Thang and Jang, Hyunjun and Pham, Trung X and Yoo, Chang},
  journal={Advances in neural information processing systems},
  volume={32},
  year={2019}
}

@article{jung2020flexible,
  title={Flexible piezoelectric acoustic sensors and machine learning for speech processing},
  author={Jung, Young Hoon and Hong, Seong Kwang and Wang, Hee Seung and Han, Jae Hyun and Pham, Trung Xuan and Park, Hyunsin and Kim, Junyeong and Kang, Sunghun and Yoo, Chang D and Lee, Keon Jae},
  journal={Advanced Materials},
  volume={32},
  number={35},
  pages={1904020},
  year={2020},
  publisher={Wiley Online Library}
}

@article{niu2024learning,
  title={Learning from multi-perception features for real-word image super-resolution},
  author={Niu, Axi and Zhang, Kang and Pham, Trung X and Wang, Pei and Sun, Jinqiu and Kweon, In So and Zhang, Yanning},
  journal={IEEE Transactions on Circuits and Systems for Video Technology},
  year={2024},
  publisher={IEEE}
}

@article{niu2024acdmsr,
  title={ACDMSR: Accelerated conditional diffusion models for single image super-resolution},
  author={Niu, Axi and Pham, Trung X and Zhang, Kang and Sun, Jinqiu and Zhu, Yu and Yan, Qingsen and Kweon, In So and Zhang, Yanning},
  journal={IEEE Transactions on Broadcasting},
  year={2024},
  publisher={IEEE}
}

@article{trungshort,
  title={Short Convolutional Neural Network and MFCCs for Accurate Speaker Recognition Systems},
  author={Trung, Pham Xuan and Yoo, Chang D},
  journal={International Technical Conference on Circuits/Systems, Computers and Communications (ITC-CSCC)},
  year={2019},
  publisher={The Institute of Electronics and Information Engineers (IEIE), Korea}
}

@inproceedings{niu2023cdpmsr,
  title={Cdpmsr: Conditional diffusion probabilistic models for single image super-resolution},
  author={Niu, Axi and Zhang, Kang and Pham, Trung X and Sun, Jinqiu and Zhu, Yu and Kweon, In So and Zhang, Yanning},
  booktitle={2023 IEEE International Conference on Image Processing (ICIP)},
  pages={615--619},
  year={2023},
  organization={IEEE}
}

@inproceedings{ruiz2023dreambooth,
  title={Dreambooth: Fine tuning text-to-image diffusion models for subject-driven generation},
  author={Ruiz, Nataniel and Li, Yuanzhen and Jampani, Varun and Pritch, Yael and Rubinstein, Michael and Aberman, Kfir},
  booktitle={Proceedings of the IEEE/CVF conference on computer vision and pattern recognition},
  pages={22500--22510},
  year={2023}
}

@inproceedings{choi2021viton,
  title={Viton-hd: High-resolution virtual try-on via misalignment-aware normalization},
  author={Choi, Seunghwan and Park, Sunghyun and Lee, Minsoo and Choo, Jaegul},
  booktitle={Proceedings of the IEEE/CVF conference on computer vision and pattern recognition},
  pages={14131--14140},
  year={2021}
}

@inproceedings{phamcross,
  title={Cross-view Masked Diffusion Transformers for Person Image Synthesis},
  author={Pham, Trung X and Zhang, Kang and Yoo, Chang D},
  booktitle={Forty-first International Conference on Machine Learning},
  year={2024}
}

@article{chen2024deep,
  title={Deep compression autoencoder for efficient high-resolution diffusion models},
  author={Chen, Junyu and Cai, Han and Chen, Junsong and Xie, Enze and Yang, Shang and Tang, Haotian and Li, Muyang and Lu, Yao and Han, Song},
  journal={arXiv preprint arXiv:2410.10733},
  year={2024}
}

@inproceedings{chen2024zeroshot,
title={Zero-shot Image Editing with Reference Imitation},
author={Xi Chen and Yutong Feng and Mengting Chen and Yiyang Wang and Shilong Zhang and Yu Liu and Yujun Shen and Hengshuang Zhao},
booktitle={The Thirty-eighth Annual Conference on Neural Information Processing Systems},
year={2024},
url={https://openreview.net/forum?id=LZV0U6UHb6}
}

@inproceedings{song2023objectstitch,
  title={Objectstitch: Object compositing with diffusion model},
  author={Song, Yizhi and Zhang, Zhifei and Lin, Zhe and Cohen, Scott and Price, Brian and Zhang, Jianming and Kim, Soo Ye and Aliaga, Daniel},
  booktitle={Proceedings of the IEEE/CVF Conference on Computer Vision and Pattern Recognition},
  pages={18310--18319},
  year={2023}
}

@inproceedings{yang2023paint,
  title={Paint by example: Exemplar-based image editing with diffusion models},
  author={Yang, Binxin and Gu, Shuyang and Zhang, Bo and Zhang, Ting and Chen, Xuejin and Sun, Xiaoyan and Chen, Dong and Wen, Fang},
  booktitle={Proceedings of the IEEE/CVF Conference on Computer Vision and Pattern Recognition},
  pages={18381--18391},
  year={2023}
}

@article{gal2022image,
  title={An image is worth one word: Personalizing text-to-image generation using textual inversion},
  author={Gal, Rinon and Alaluf, Yuval and Atzmon, Yuval and Patashnik, Or and Bermano, Amit H and Chechik, Gal and Cohen-Or, Daniel},
  journal={arXiv preprint arXiv:2208.01618},
  year={2022}
}

@inproceedings{kumari2023multi,
  title={Multi-concept customization of text-to-image diffusion},
  author={Kumari, Nupur and Zhang, Bingliang and Zhang, Richard and Shechtman, Eli and Zhu, Jun-Yan},
  booktitle={Proceedings of the IEEE/CVF Conference on Computer Vision and Pattern Recognition},
  pages={1931--1941},
  year={2023}
}

@article{liu2023cones,
  title={Cones: Concept neurons in diffusion models for customized generation},
  author={Liu, Zhiheng and Feng, Ruili and Zhu, Kai and Zhang, Yifei and Zheng, Kecheng and Liu, Yu and Zhao, Deli and Zhou, Jingren and Cao, Yang},
  journal={arXiv preprint arXiv:2303.05125},
  year={2023}
}

@inproceedings{kumari2024customizing,
  title={Customizing Text-to-Image Diffusion with Object Viewpoint Control},
  author={Kumari, Nupur and Su, Grace and Zhang, Richard and Park, Taesung and Shechtman, Eli and Zhu, Jun-Yan},
  booktitle={SIGGRAPH Asia 2024 Conference Papers},
  pages={1--13},
  year={2024}
}

@article{jin2025unicanvas,
  title={UniCanvas: Affordance-Aware Unified Real Image Editing via Customized Text-to-Image Generation},
  author={Jin, Jian and Shen, Yang and Zhao, Xinyang and Fu, Zhenyong and Yang, Jian},
  journal={International Journal of Computer Vision},
  pages={1--25},
  year={2025},
  publisher={Springer}
}

@inproceedings{pham2025mdsgen,
title={{MDSG}en: Fast and Efficient Masked Diffusion Temporal-Aware Transformers for Open-Domain Sound Generation},
author={Pham, Trung X and Ton, Tri and Yoo, Chang D},
booktitle={International Conference on Learning Representations},
year={2025},
url={https://openreview.net/forum?id=yFEqYwgttJ},
}

@inproceedings{esser2024scaling,
  title={Scaling rectified flow transformers for high-resolution image synthesis},
  author={Esser, Patrick and Kulal, Sumith and Blattmann, Andreas and Entezari, Rahim and M{\"u}ller, Jonas and Saini, Harry and Levi, Yam and Lorenz, Dominik and Sauer, Axel and Boesel, Frederic and others},
  year={2024},
  booktitle={Forty-first International Conference on Machine Learning}
}

@inproceedings{chen2025pixart,
  title={PIXART: Weak-to-Strong Training of Diffusion Transformer for 4K Text-to-Image Generation},
  author={Chen, Junsong and Ge, Chongjian and Xie, Enze and Wu, Yue and Yao, Lewei and Ren, Xiaozhe and Wang, Zhongdao and Luo, Ping and Lu, Huchuan and Li, Zhenguo},
  booktitle={European Conference on Computer Vision},
  pages={74--91},
  year={2025},
  organization={Springer}
}

@article{mao2024mdt,
  title={MDT-A2G: Exploring Masked Diffusion Transformers for Co-Speech Gesture Generation},
  author={Mao, Xiaofeng and Jiang, Zhengkai and Wang, Qilin and Fu, Chencan and Zhang, Jiangning and Wu, Jiafu and Wang, Yabiao and Wang, Chengjie and Li, Wei and Chi, Mingmin},
  journal={arXiv preprint arXiv:2408.03312},
  year={2024}
}

@article{li2024quality,
  title={Quality-aware Masked Diffusion Transformer for Enhanced Music Generation},
  author={Li, Chang and Wang, Ruoyu and Liu, Lijuan and Du, Jun and Sun, Yixuan and Guo, Zilu and Zhang, Zhenrong and Jiang, Yuan},
  journal={arXiv preprint arXiv:2405.15863},
  year={2024}
}

@inproceedings{wang2024disco,
  title={Disco: Disentangled control for realistic human dance generation},
  author={Wang, Tan and Li, Linjie and Lin, Kevin and Zhai, Yuanhao and Lin, Chung-Ching and Yang, Zhengyuan and Zhang, Hanwang and Liu, Zicheng and Wang, Lijuan},
  booktitle={Proceedings of the IEEE/CVF Conference on Computer Vision and Pattern Recognition},
  pages={9326--9336},
  year={2024}
}

@inproceedings{xie2025sana,
title={{SANA}: Efficient High-Resolution Text-to-Image Synthesis with Linear Diffusion Transformers},
author={Xie, Enze and Chen, Junsong and Chen, Junyu and Cai, Han and Tang, Haotian and Lin, Yujun and Zhang, Zhekai and Li, Muyang and Zhu, Ligeng and Lu, Yao and others},
booktitle={The Thirteenth International Conference on Learning Representations},
year={2025},
url={https://openreview.net/forum?id=N8Oj1XhtYZ}
}

@inproceedings{yu2023mvimgnet,
  title={Mvimgnet: A large-scale dataset of multi-view images},
  author={Yu, Xianggang and Xu, Mutian and Zhang, Yidan and Liu, Haolin and Ye, Chongjie and Wu, Yushuang and Yan, Zizheng and Zhu, Chenming and Xiong, Zhangyang and Liang, Tianyou and others},
  booktitle={Proceedings of the IEEE/CVF conference on computer vision and pattern recognition},
  pages={9150--9161},
  year={2023}
}

@article{xu2018youtube,
  title={Youtube-vos: A large-scale video object segmentation benchmark},
  author={Xu, Ning and Yang, Linjie and Fan, Yuchen and Yue, Dingcheng and Liang, Yuchen and Yang, Jianchao and Huang, Thomas},
  journal={arXiv preprint arXiv:1809.03327},
  year={2018}
}

@inproceedings{yang2019video,
  title={Video instance segmentation},
  author={Yang, Linjie and Fan, Yuchen and Xu, Ning},
  booktitle={Proceedings of the IEEE/CVF international conference on computer vision},
  pages={5188--5197},
  year={2019}
}

@inproceedings{wang2021unidentified,
  title={Unidentified video objects: A benchmark for dense, open-world segmentation},
  author={Wang, Weiyao and Feiszli, Matt and Wang, Heng and Tran, Du},
  booktitle={Proceedings of the IEEE/CVF international conference on computer vision},
  pages={10776--10785},
  year={2021}
}

@inproceedings{ding2023mose,
  title={MOSE: A new dataset for video object segmentation in complex scenes},
  author={Ding, Henghui and Liu, Chang and He, Shuting and Jiang, Xudong and Torr, Philip HS and Bai, Song},
  booktitle={Proceedings of the IEEE/CVF International Conference on Computer Vision},
  pages={20224--20234},
  year={2023}
}

@inproceedings{miao2022large,
  title={Large-scale video panoptic segmentation in the wild: A benchmark},
  author={Miao, Jiaxu and Wang, Xiaohan and Wu, Yu and Li, Wei and Zhang, Xu and Wei, Yunchao and Yang, Yi},
  booktitle={Proceedings of the IEEE/CVF Conference on Computer Vision and Pattern Recognition},
  pages={21033--21043},
  year={2022}
}

@inproceedings{athar2023burst,
  title={Burst: A benchmark for unifying object recognition, segmentation and tracking in video},
  author={Athar, Ali and Luiten, Jonathon and Voigtlaender, Paul and Khurana, Tarasha and Dave, Achal and Leibe, Bastian and Ramanan, Deva},
  booktitle={Proceedings of the IEEE/CVF winter conference on applications of computer vision},
  pages={1674--1683},
  year={2023}
}

@inproceedings{zheng2019virtually,
  title={Virtually trying on new clothing with arbitrary poses},
  author={Zheng, Na and Song, Xuemeng and Chen, Zhaozheng and Hu, Linmei and Cao, Da and Nie, Liqiang},
  booktitle={Proceedings of the 27th ACM international conference on multimedia},
  pages={266--274},
  year={2019}
}

@article{borji2015salient,
  title={Salient object detection: A benchmark},
  author={Borji, Ali and Cheng, Ming-Ming and Jiang, Huaizu and Li, Jia},
  journal={IEEE transactions on image processing},
  volume={24},
  number={12},
  pages={5706--5722},
  year={2015},
  publisher={IEEE}
}

@inproceedings{wang2017learning,
  title={Learning to detect salient objects with image-level supervision},
  author={Wang, Lijun and Lu, Huchuan and Wang, Yifan and Feng, Mengyang and Wang, Dong and Yin, Baocai and Ruan, Xiang},
  booktitle={Proceedings of the IEEE conference on computer vision and pattern recognition},
  pages={136--145},
  year={2017}
}

@inproceedings{cong2020dovenet,
  title={Dovenet: Deep image harmonization via domain verification},
  author={Cong, Wenyan and Zhang, Jianfu and Niu, Li and Liu, Liu and Ling, Zhixin and Li, Weiyuan and Zhang, Liqing},
  booktitle={Proceedings of the IEEE/CVF conference on computer vision and pattern recognition},
  pages={8394--8403},
  year={2020}
}

@inproceedings{gupta2019lvis,
  title={Lvis: A dataset for large vocabulary instance segmentation},
  author={Gupta, Agrim and Dollar, Piotr and Girshick, Ross},
  booktitle={Proceedings of the IEEE/CVF conference on computer vision and pattern recognition},
  pages={5356--5364},
  year={2019}
}

@inproceedings{kirillov2023segment,
  title={Segment anything},
  author={Kirillov, Alexander and Mintun, Eric and Ravi, Nikhila and Mao, Hanzi and Rolland, Chloe and Gustafson, Laura and Xiao, Tete and Whitehead, Spencer and Berg, Alexander C and Lo, Wan-Yen and others},
  booktitle={Proceedings of the IEEE/CVF International Conference on Computer Vision},
  pages={4015--4026},
  year={2023}
}



