@inproceedings{chang2022maskgit,
  title={Maskgit: Masked generative image transformer},
  author={Chang, Huiwen and Zhang, Han and Jiang, Lu and Liu, Ce and Freeman, William T},
  booktitle={Proceedings of the IEEE/CVF Conference on Computer Vision and Pattern Recognition},
  pages={11315--11325},
  year={2022}
}

@article{chang2023muse,
  title={Muse: Text-to-image generation via masked generative transformers},
  author={Chang, Huiwen and Zhang, Han and Barber, Jarred and Maschinot, AJ and Lezama, Jose and Jiang, Lu and Yang, Ming-Hsuan and Murphy, Kevin and Freeman, William T and Rubinstein, Michael and others},
  journal={arXiv preprint arXiv:2301.00704},
  year={2023}
}

@inproceedings{chen2024anydoor,
  title={Anydoor: Zero-shot object-level image customization},
  author={Chen, Xi and Huang, Lianghua and Liu, Yu and Shen, Yujun and Zhao, Deli and Zhao, Hengshuang},
  booktitle={Proceedings of the IEEE/CVF Conference on Computer Vision and Pattern Recognition},
  pages={6593--6602},
  year={2024}
}

@inproceedings{chen2024zeroshot,
title={Zero-shot Image Editing with Reference Imitation},
author={Xi Chen and Yutong Feng and Mengting Chen and Yiyang Wang and Shilong Zhang and Yu Liu and Yujun Shen and Hengshuang Zhao},
booktitle={The Thirty-eighth Annual Conference on Neural Information Processing Systems},
year={2024},
url={https://openreview.net/forum?id=LZV0U6UHb6}
}

@inproceedings{chen2025pixart,
  title={PIXART: Weak-to-Strong Training of Diffusion Transformer for 4K Text-to-Image Generation},
  author={Chen, Junsong and Ge, Chongjian and Xie, Enze and Wu, Yue and Yao, Lewei and Ren, Xiaozhe and Wang, Zhongdao and Luo, Ping and Lu, Huchuan and Li, Zhenguo},
  booktitle={European Conference on Computer Vision},
  pages={74--91},
  year={2025},
  organization={Springer}
}

@article{devlin2018bert,
  title={Bert: Pre-training of deep bidirectional transformers for language understanding},
  author={Devlin, Jacob and Chang, Ming-Wei and Lee, Kenton and Toutanova, Kristina},
  journal={arXiv preprint arXiv:1810.04805},
  year={2018}
}

@inproceedings{dosovitskiy2021an,
    title={An Image is Worth 16x16 Words: Transformers for Image Recognition at Scale},
    author={Alexey Dosovitskiy and Lucas Beyer and Alexander Kolesnikov and Dirk Weissenborn and Xiaohua Zhai and Thomas Unterthiner and Mostafa Dehghani and Matthias Minderer and Georg Heigold and Sylvain Gelly and Jakob Uszkoreit and Neil Houlsby},
    booktitle={ICLR},
    year={2021},
}

@inproceedings{esser2024scaling,
  title={Scaling rectified flow transformers for high-resolution image synthesis},
  author={Esser, Patrick and Kulal, Sumith and Blattmann, Andreas and Entezari, Rahim and M{\"u}ller, Jonas and Saini, Harry and Levi, Yam and Lorenz, Dominik and Sauer, Axel and Boesel, Frederic and others},
  year={2024},
  booktitle={Forty-first International Conference on Machine Learning}
}

@inproceedings{gao2023masked,
  title={Masked diffusion transformer is a strong image synthesizer},
  author={Gao, Shanghua and Zhou, Pan and Cheng, Ming-Ming and Yan, Shuicheng},
  booktitle={Proceedings of the IEEE/CVF International Conference on Computer Vision},
  pages={23164--23173},
  year={2023}
}

@article{ginesu2012objective,
  title={Objective assessment of the WebP image coding algorithm},
  author={Ginesu, Giaime and Pintus, Maurizio and Giusto, Daniele D},
  journal={Signal Processing: Image Communication},
  year={2012}
}

@inproceedings{he2022masked,
  title={Masked autoencoders are scalable vision learners},
  author={He, Kaiming and Chen, Xinlei and Xie, Saining and Li, Yanghao and Doll{\'a}r, Piotr and Girshick, Ross},
  booktitle={Proceedings of the IEEE/CVF conference on computer vision and pattern recognition},
  pages={16000--16009},
  year={2022}
}

@article{ho2020denoising,
  title={Denoising diffusion probabilistic models},
  author={Ho, Jonathan and Jain, Ajay and Abbeel, Pieter},
  journal={Advances in neural information processing systems},
  volume={33},
  pages={6840--6851},
  year={2020}
}

@article{ho2022cascaded,
  title={Cascaded diffusion models for high fidelity image generation},
  author={Ho, Jonathan and Saharia, Chitwan and Chan, William and Fleet, David J and Norouzi, Mohammad and Salimans, Tim},
  journal={The Journal of Machine Learning Research},
  volume={23},
  number={1},
  pages={2249--2281},
  year={2022},
  publisher={JMLRORG}
}

@article{jin2025unicanvas,
  title={UniCanvas: Affordance-Aware Unified Real Image Editing via Customized Text-to-Image Generation},
  author={Jin, Jian and Shen, Yang and Zhao, Xinyang and Fu, Zhenyong and Yang, Jian},
  journal={International Journal of Computer Vision},
  pages={1--25},
  year={2025},
  publisher={Springer}
}

@article{li2024quality,
  title={Quality-aware Masked Diffusion Transformer for Enhanced Music Generation},
  author={Li, Chang and Wang, Ruoyu and Liu, Lijuan and Du, Jun and Sun, Yixuan and Guo, Zilu and Zhang, Zhenrong and Jiang, Yuan},
  journal={arXiv preprint arXiv:2405.15863},
  year={2024}
}

@article{mao2024mdt,
  title={MDT-A2G: Exploring Masked Diffusion Transformers for Co-Speech Gesture Generation},
  author={Mao, Xiaofeng and Jiang, Zhengkai and Wang, Qilin and Fu, Chencan and Zhang, Jiangning and Wu, Jiafu and Wang, Yabiao and Wang, Chengjie and Li, Wei and Chi, Mingmin},
  journal={arXiv preprint arXiv:2408.03312},
  year={2024}
}

@inproceedings{peebles2023scalable,
  title={Scalable diffusion models with transformers},
  author={Peebles, William and Xie, Saining},
  booktitle={Proceedings of the IEEE/CVF International Conference on Computer Vision},
  pages={4195--4205},
  year={2023}
}

@inproceedings{pham2025mdsgen,
title={{MDSG}en: Fast and Efficient Masked Diffusion Temporal-Aware Transformers for Open-Domain Sound Generation},
author={Pham, Trung X and Ton, Tri and Yoo, Chang D},
booktitle={International Conference on Learning Representations},
year={2025},
url={https://openreview.net/forum?id=yFEqYwgttJ},
}

@inproceedings{phamcross,
  title={Cross-view Masked Diffusion Transformers for Person Image Synthesis},
  author={Pham, Trung X and Zhang, Kang and Yoo, Chang D},
  booktitle={Forty-first International Conference on Machine Learning},
  year={2024}
}

@inproceedings{rombach2022high,
  title={High-resolution image synthesis with latent diffusion models},
  author={Rombach, Robin and Blattmann, Andreas and Lorenz, Dominik and Esser, Patrick and Ommer, Bj{\"o}rn},
  booktitle={Proceedings of the IEEE/CVF conference on computer vision and pattern recognition},
  pages={10684--10695},
  year={2022}
}

@inproceedings{ronneberger2015u,
  title={U-net: Convolutional networks for biomedical image segmentation},
  author={Ronneberger, Olaf and Fischer, Philipp and Brox, Thomas},
  booktitle={International Conference on Medical image computing and computer-assisted intervention},
  year={2015},
}

@article{song2019generative,
  title={Generative modeling by estimating gradients of the data distribution},
  author={Song, Yang and Ermon, Stefano},
  journal={Advances in neural information processing systems},
  volume={32},
  year={2019}
}

@inproceedings{xie2025sana,
title={{SANA}: Efficient High-Resolution Text-to-Image Synthesis with Linear Diffusion Transformers},
author={Xie, Enze and Chen, Junsong and Chen, Junyu and Cai, Han and Tang, Haotian and Lin, Yujun and Zhang, Zhekai and Li, Muyang and Zhu, Ligeng and Lu, Yao and others},
booktitle={The Thirteenth International Conference on Learning Representations},
year={2025},
url={https://openreview.net/forum?id=N8Oj1XhtYZ}
}

@inproceedings{yu2023magvit,
  title={Magvit: Masked generative video transformer},
  author={Yu, Lijun and Cheng, Yong and Sohn, Kihyuk and Lezama, Jos{\'e} and Zhang, Han and Chang, Huiwen and Hauptmann, Alexander G and Yang, Ming-Hsuan and Hao, Yuan and Essa, Irfan and others},
  booktitle={Proceedings of the IEEE/CVF Conference on Computer Vision and Pattern Recognition},
  pages={10459--10469},
  year={2023}
}

@misc{zhang2023adding,
  title={Adding Conditional Control to Text-to-Image Diffusion Models}, 
  author={Lvmin Zhang and Anyi Rao and Maneesh Agrawala},
  booktitle={IEEE International Conference on Computer Vision (ICCV)},
  year={2023},
}

