@article{chien2211maeeg,
  title={MAEEG: masked auto-encoder for EEG representation learning (2022)},
  author={Chien, HYS and Goh, H and Sandino, CM and Cheng, JY},
  journal={URL https://arxiv. org/abs/2211.02625}
}

@article{dao2024transformers,
  title={Transformers are SSMs: Generalized models and efficient algorithms through structured state space duality},
  author={Dao, Tri and Gu, Albert},
  journal={arXiv preprint arXiv:2405.21060},
  year={2024}
}

@phdthesis{deng2022boosting,
  title={Boosting feature extraction performance on the aspect of representation learning efficiency},
  author={Deng, Haojin},
  year={2022}
}

@inproceedings{eeg2rep2024,
  title={Eeg2rep: enhancing self-supervised EEG representation through informative masked inputs},
  author={Mohammadi Foumani, Navid and Mackellar, Geoffrey and Ghane, Soheila and Irtza, Saad and Nguyen, Nam and Salehi, Mahsa},
  booktitle={Proceedings of the 30th ACM SIGKDD Conference on Knowledge Discovery and Data Mining},
  pages={5544--5555},
  year={2024}
}

@article{gu2023mamba,
  title={Mamba: Linear-time sequence modeling with selective state spaces},
  author={Gu, Albert and Dao, Tri},
  journal={arXiv preprint arXiv:2312.00752},
  year={2023}
}

@article{kostas2021bendr,
  title={BENDR: Using transformers and a contrastive self-supervised learning task to learn from massive amounts of EEG data},
  author={Kostas, Demetres and Aroca-Ouellette, Stephane and Rudzicz, Frank},
  journal={Frontiers in Human Neuroscience},
  volume={15},
  pages={653659},
  year={2021},
  publisher={Frontiers Media SA}
}

@inproceedings{mohsenvand2020contrastive,
  title={Contrastive representation learning for electroencephalogram classification},
  author={Mohsenvand, Mostafa Neo and Izadi, Mohammad Rasool and Maes, Pattie},
  booktitle={Machine Learning for Health},
  pages={238--253},
  year={2020},
  organization={PMLR}
}

@inproceedings{ronneberger2015unet,
  title={U-net: Convolutional networks for biomedical image segmentation},
  author={Ronneberger, Olaf and Fischer, Philipp and Brox, Thomas},
  booktitle={Medical image computing and computer-assisted intervention--MICCAI 2015: 18th international conference, Munich, Germany, October 5-9, 2015, proceedings, part III 18},
  pages={234--241},
  year={2015},
  organization={Springer}
}

@inproceedings{wangeegpt,
  title={EEGPT: Pretrained Transformer for Universal and Reliable Representation of EEG Signals},
  author={Wang, Guangyu and Liu, Wenchao and He, Yuhong and Xu, Cong and Ma, Lin and Li, Haifeng},
  booktitle={The Thirty-eighth Annual Conference on Neural Information Processing Systems}
}

@article{yang2024biot,
  title={Biot: Biosignal transformer for cross-data learning in the wild},
  author={Yang, Chaoqi and Westover, M and Sun, Jimeng},
  journal={Advances in Neural Information Processing Systems},
  volume={36},
  year={2024}
}

