
% Journals

% First the Full Name is given, then the abbreviation used in the AMS Math
% Reviews, with an indication if it could not be found there.
% Note the 2nd overwrites the 1st, so swap them if you want the full name.

%Entries

@article{hong2024chatbci,
  title={ChatBCI: A P300 Speller BCI Leveraging Large Language Models for Improved Sentence Composition in Realistic Scenarios},
  author={Hong, Jiazhen and Wang, Weinan and Najafizadeh, Laleh},
  journal={arXiv preprint arXiv:2411.15395},
  year={2024}
}

@inproceedings{hong2022deep,
  title={A deep learning framework based on dynamic channel selection for early classification of left and right hand motor imagery tasks},
  author={Hong, Jiazhen and Shamsi, Foroogh and Najafizadeh, Laleh},
  booktitle={2022 44th Annual International Conference of the IEEE Engineering in Medicine \& Biology Society (EMBC)},
  pages={3550--3553},
  year={2022},
  organization={IEEE}
}


@inproceedings{ronneberger2015unet,
  title={U-net: Convolutional networks for biomedical image segmentation},
  author={Ronneberger, Olaf and Fischer, Philipp and Brox, Thomas},
  booktitle={Medical image computing and computer-assisted intervention--MICCAI 2015: 18th international conference, Munich, Germany, October 5-9, 2015, proceedings, part III 18},
  pages={234--241},
  year={2015},
  organization={Springer}
}

@inproceedings{eeg2rep2024,
  title={Eeg2rep: enhancing self-supervised EEG representation through informative masked inputs},
  author={Mohammadi Foumani, Navid and Mackellar, Geoffrey and Ghane, Soheila and Irtza, Saad and Nguyen, Nam and Salehi, Mahsa},
  booktitle={Proceedings of the 30th ACM SIGKDD Conference on Knowledge Discovery and Data Mining},
  pages={5544--5555},
  year={2024}
}

@inproceedings{wangeegpt,
  title={EEGPT: Pretrained Transformer for Universal and Reliable Representation of EEG Signals},
  author={Wang, Guangyu and Liu, Wenchao and He, Yuhong and Xu, Cong and Ma, Lin and Li, Haifeng},
  booktitle={The Thirty-eighth Annual Conference on Neural Information Processing Systems}
}

@article{fang2024promoting,
  title={Promoting cross-modal representations to improve multimodal foundation models for physiological signals},
  author={Fang, Ching and Sandino, Christopher and Mahasseni, Behrooz and Minxha, Juri and Pouransari, Hadi and Azemi, Erdrin and Moin, Ali and Zippi, Ellen},
  journal={arXiv preprint arXiv:2410.16424},
  year={2024}
}

@article{panchavatimentality,
  title={MENTALITY: AMAMBA-BASED APPROACH TOWARDS FOUNDATION MODELS FOR EEG},
  author={Panchavati, Saarang and Arnold, Corey and Speier, William}
}

@article{kostas2021bendr,
  title={BENDR: Using transformers and a contrastive self-supervised learning task to learn from massive amounts of EEG data},
  author={Kostas, Demetres and Aroca-Ouellette, Stephane and Rudzicz, Frank},
  journal={Frontiers in Human Neuroscience},
  volume={15},
  pages={653659},
  year={2021},
  publisher={Frontiers Media SA}
}

@inproceedings{smith2019super,
  title={Super-convergence: Very fast training of neural networks using large learning rates},
  author={Smith, Leslie N and Topin, Nicholay},
  booktitle={Artificial intelligence and machine learning for multi-domain operations applications},
  volume={11006},
  pages={369--386},
  year={2019},
  organization={SPIE}
}




@article{acharya2013automated,
  title={Automated EEG analysis of epilepsy: a review},
  author={Acharya, U Rajendra and Sree, S Vinitha and Swapna, G and Martis, Roshan Joy and Suri, Jasjit S},
  journal={Knowledge-Based Systems},
  volume={45},
  pages={147--165},
  year={2013},
  publisher={Elsevier}
}

@article{hosseini2020review,
  title={A review on machine learning for EEG signal processing in bioengineering},
  author={Hosseini, Mohammad-Parsa and Hosseini, Amin and Ahi, Kiarash},
  journal={IEEE reviews in biomedical engineering},
  volume={14},
  pages={204--218},
  year={2020},
  publisher={IEEE}
}

@inproceedings{yang2022unsupervised,
  title={Unsupervised time-series representation learning with iterative bilinear temporal-spectral fusion},
  author={Yang, Ling and Hong, Shenda},
  booktitle={International conference on machine learning},
  pages={25038--25054},
  year={2022},
  organization={PMLR}
}

@article{hospedales2021meta,
  title={Meta-learning in neural networks: A survey},
  author={Hospedales, Timothy and Antoniou, Antreas and Micaelli, Paul and Storkey, Amos},
  journal={IEEE transactions on pattern analysis and machine intelligence},
  volume={44},
  number={9},
  pages={5149--5169},
  year={2021},
  publisher={IEEE}
}

@article{devlin2018bert,
  title={Bert: Pre-training of deep bidirectional transformers for language understanding},
  author={Devlin, Jacob},
  journal={arXiv preprint arXiv:1810.04805},
  year={2018}
}

@inproceedings{chen2021empirical,
  title={An empirical study of training self-supervised vision transformers},
  author={Chen, Xinlei and Xie, Saining and He, Kaiming},
  booktitle={Proceedings of the IEEE/CVF international conference on computer vision},
  pages={9640--9649},
  year={2021}
}

@article{baevski2020wav2vec,
  title={wav2vec 2.0: A framework for self-supervised learning of speech representations},
  author={Baevski, Alexei and Zhou, Yuhao and Mohamed, Abdelrahman and Auli, Michael},
  journal={Advances in neural information processing systems},
  volume={33},
  pages={12449--12460},
  year={2020}
}

@article{moor2023foundation,
  title={Foundation models for generalist medical artificial intelligence},
  author={Moor, Michael and Banerjee, Oishi and Abad, Zahra Shakeri Hossein and Krumholz, Harlan M and Leskovec, Jure and Topol, Eric J and Rajpurkar, Pranav},
  journal={Nature},
  volume={616},
  number={7956},
  pages={259--265},
  year={2023},
  publisher={Nature Publishing Group UK London}
}


@article{gu2023mamba,
  title={Mamba: Linear-time sequence modeling with selective state spaces},
  author={Gu, Albert and Dao, Tri},
  journal={arXiv preprint arXiv:2312.00752},
  year={2023}
}

@article{dao2024transformers,
  title={Transformers are SSMs: Generalized models and efficient algorithms through structured state space duality},
  author={Dao, Tri and Gu, Albert},
  journal={arXiv preprint arXiv:2405.21060},
  year={2024}
}




@article{dai2023multichannelsleepnet,
  title={Multichannelsleepnet: A transformer-based model for automatic sleep stage classification with psg},
  author={Dai, Yang and Li, Xiuli and Liang, Shanshan and Wang, Lukang and Duan, Qingtian and Yang, Hui and Zhang, Chunqing and Chen, Xiaowei and Li, Longhui and Li, Xingyi and others},
  journal={IEEE Journal of Biomedical and Health Informatics},
  volume={27},
  number={9},
  pages={4204--4215},
  year={2023},
  publisher={IEEE}
}

@article{gu2021efficiently,
  title={Efficiently modeling long sequences with structured state spaces},
  author={Gu, Albert and Goel, Karan and R{\'e}, Christopher},
  journal={arXiv preprint arXiv:2111.00396},
  year={2021}
}

@inproceedings{lopez2015automated,
  title={Automated identification of abnormal adult EEGs},
  author={Lopez, Sebas and Suarez, G and Jungreis, D and Obeid, I and Picone, Joseph},
  booktitle={2015 IEEE signal processing in medicine and biology symposium (SPMB)},
  pages={1--5},
  year={2015},
  organization={IEEE}
}

@inproceedings{harati2015improved,
  title={Improved EEG event classification using differential energy},
  author={Harati, Amir and Golmohammadi, Meysam and Lopez, Silvia and Obeid, Iyad and Picone, Joseph},
  booktitle={2015 IEEE Signal Processing in Medicine and Biology Symposium (SPMB)},
  pages={1--4},
  year={2015},
  organization={IEEE}
}

@article{ramoser2000optimal,
  title={Optimal spatial filtering of single trial EEG during imagined hand movement},
  author={Ramoser, Herbert and Muller-Gerking, Johannes and Pfurtscheller, Gert},
  journal={IEEE transactions on rehabilitation engineering},
  volume={8},
  number={4},
  pages={441--446},
  year={2000},
  publisher={IEEE}
}

@article{yang2024biot,
  title={Biot: Biosignal transformer for cross-data learning in the wild},
  author={Yang, Chaoqi and Westover, M and Sun, Jimeng},
  journal={Advances in Neural Information Processing Systems},
  volume={36},
  year={2024}
}

@article{chien2211maeeg,
  title={MAEEG: masked auto-encoder for EEG representation learning (2022)},
  author={Chien, HYS and Goh, H and Sandino, CM and Cheng, JY},
  journal={URL https://arxiv. org/abs/2211.02625}
}

@inproceedings{peh2022transformer,
  title={Transformer convolutional neural networks for automated artifact detection in scalp EEG},
  author={Peh, Wei Yan and Yao, Yuanyuan and Dauwels, Justin},
  booktitle={2022 44th Annual International Conference of the IEEE Engineering in Medicine \& Biology Society (EMBC)},
  pages={3599--3602},
  year={2022},
  organization={IEEE}
}

@article{li2022motor,
  title={Motor imagery EEG classification algorithm based on CNN-LSTM feature fusion network},
  author={Li, Hongli and Ding, Man and Zhang, Ronghua and Xiu, Chunbo},
  journal={Biomedical signal processing and control},
  volume={72},
  pages={103342},
  year={2022},
  publisher={Elsevier}
}

@inproceedings{mohsenvand2020contrastive,
  title={Contrastive representation learning for electroencephalogram classification},
  author={Mohsenvand, Mostafa Neo and Izadi, Mohammad Rasool and Maes, Pattie},
  booktitle={Machine Learning for Health},
  pages={238--253},
  year={2020},
  organization={PMLR}
}

@article{banville2021uncovering,
  title={Uncovering the structure of clinical EEG signals with self-supervised learning},
  author={Banville, Hubert and Chehab, Omar and Hyv{\"a}rinen, Aapo and Engemann, Denis-Alexander and Gramfort, Alexandre},
  journal={Journal of Neural Engineering},
  volume={18},
  number={4},
  pages={046020},
  year={2021},
  publisher={IOP Publishing}
}

@phdthesis{deng2022boosting,
  title={Boosting feature extraction performance on the aspect of representation learning efficiency},
  author={Deng, Haojin},
  year={2022}
}

@inproceedings{mazilu2011l1,
  title={L1 vs. l2 regularization in text classification when learning from labeled features},
  author={Mazilu, Sinziana and Iria, Jos{\'e}},
  booktitle={2011 10th international conference on machine learning and applications and workshops},
  volume={1},
  pages={166--171},
  year={2011},
  organization={IEEE}
}

@article{williams2023crowdsourced,
  title={Crowdsourced EEG Experiments: A proof of concept for remote EEG acquisition using EmotivPRO Builder and EmotivLABS},
  author={Williams, Nikolas S and King, William and Mackellar, Geoffrey and Randeniya, Roshini and McCormick, Alicia and Badcock, Nicholas A},
  journal={Heliyon},
  volume={9},
  number={8},
  year={2023},
  publisher={Elsevier}
}

@article{lim2018stew,
  title={STEW: Simultaneous task EEG workload data set},
  author={Lim, Wei Lun and Sourina, Olga and Wang, Lipo P},
  journal={IEEE Transactions on Neural Systems and Rehabilitation Engineering},
  volume={26},
  number={11},
  pages={2106--2114},
  year={2018},
  publisher={IEEE}
}




