@inproceedings{balazinska1999measuring,
  title={Measuring clone based reengineering opportunities},
  author={Balazinska, Magdalena and Merlo, Ettore and Dagenais, Michel and Lague, Bruno and Kontogiannis, Kostas},
  booktitle={Proceedings of the 6th International Software Metrics Symposium (ISMS'99)},
  pages={292-303},
  year={1999},
}

@inproceedings{chodarev2015haskell,
  title={Haskell Clone Detection using Pattern Comparing Algorithm},
  author={Chodarev, Sergej and Pietrikova, Emilia and Kollar, Jan},
  booktitle={Proceedings of the 13th International Conference on Engineering of Modern Electric Systems (EMES)},
  pages={},
  year={2015},
}

@inproceedings{ducasse1999language,
  title={A language independent approach for detecting duplicated code},
  author={Ducasse, St{\'e}phane and Rieger, Matthias and Demeyer, Serge},
  booktitle={Proceedings of the 1999 International Conference on Software Maintenance (ICSM'99)},
  pages={109-118},
  year={1999},
}

@inproceedings{gode2009incremental,
  title={Incremental clone detection},
  author={G{\"o}de, Nils and Koschke, Rainer},
  booktitle={Proceedings of the 2009 European Conference on Software Maintenance and Reengineering (ECSMR'09)},
  pages={219--228},
  year={2009},
}

@inproceedings{golubev2021multi,
  title={Multi-threshold token-based code clone detection},
  author={Golubev, Yaroslav and Poletansky, Viktor and Povarov, Nikita and Bryksin, Timofey },
  booktitle={Proceedings of the 28th IEEE International Conference on Software Analysis, Evolution and Reengineering (SANER'21)},
  pages={},
  year={2021},
}

@inproceedings{haque2016generic,
  title={Generic Code Cloning method for Detection of Clone Code in Software Development},
  author={Haque, Syed Mohd Fazalul and Srikanth, V. and Reddy, E. Sreenivasa},
  booktitle={International Conference on Data Mining and Advanced Computing (SAPIENCE)},
  pages={340-344},
  year={2016},
}

@inproceedings{hu2022treecen,
  title={TreeCen: Building Tree Graph for Scalable Semantic Code Clone Detection},
  author={Hu, Yutao and Zou, Deqing and Peng, Junru and Wu, Yueming and Shan, Junjie and Jin, Hai},
  booktitle={37th IEEE/ACM International Conference on Automated Software Engineering},
  pages={1--12},
  year={2022}
}

@inproceedings{hung2020cppcd,
  title={CPPCD: A Token-Based Approach to Detecting Potential Clones},
  author={Hung, Yu-Liang and Takada, Shingo},
  booktitle={IEEE 14th International Workshop on Software Clones (IWSC'20)},
  pages={},
  year={2020},
}

@inproceedings{jadon2016code,
  title={Code Clones Detection Using Machine Learning Technique: Support Vector Machine},
  author={Jadon, Shruti},
  booktitle={Proceedings of the 2016 IEEE INTERNATIONAL CONFERENCE ON COMPUTING, COMMUNICATION AND AUTOMATION (ICCCA)},
  pages={299-303},
  year={2016},
}

@inproceedings{jiang2007deckard,
  title={Deckard: Scalable and accurate tree-based detection of code clones},
  author={Jiang, Lingxiao and Misherghi, Ghassan and Su, Zhendong and Glondu, Stephane},
  booktitle={Proceedings of the 29th International Conference on Software Engineering (ICSE'07)},
  pages={96-105},
  year={2007},
}

@article{jo2021twopass,
  title={Two-Pass Technique for Clone Detection and Type Classification Using Tree-Based Convolution Neural Network},
  author={Jo, Young-Bin and Lee, Jihyun and Yoo, Cheol-Jung},
  journal={Applied Sciences-Basel},
  volume={11},
  number={14},
  pages={},
  year={2021},
}

@inproceedings{johnson1994substring,
  title={Substring matching for clone detection and change tracking},
  author={Johnson, J Howard},
  booktitle={Proceedings of the 1994 International Conference on Software Maintenance (ICSM'94)},
  pages={120--126},
  year={1994},
}

@article{kamiya2002ccfinder,
  title={CCFinder: A multilinguistic token-based code clone detection system for large scale source code},
  author={Kamiya, Toshihiro and Kusumoto, Shinji and Inoue, Katsuro},
  journal={IEEE Transactions on Software Engineering},
  volume={28},
  number={7},
  pages={654--670},
  year={2002},
}

@inproceedings{kim2017vuddy,
  title={VUDDY: A Scalable Approach for Vulnerable Code Clone Discovery},
  author={Kim, Seulbae and Woo, Seunghoon and Lee, Heejo and Oh, Hakjoo},
  booktitle={Proceedings of the 38th IEEE Symposium on Security and Privacy (SP)},
  pages={595-614},
  year={2017},
}

@article{kim2018software,
  title={Software systems at risk: An empirical study of cloned vulnerabilities in practice},
  author={Kim, Seulbae and Lee, Heejo},
  journal={Computers \& Security },
  volume={77},
  number={1},
  pages={720-736},
  year={2018},
}

@inproceedings{komondoor2001pdgdup,
  title={Using slicing to identify duplication in source code},
  author={Komondoor, Raghavan and Horwitz, Susan},
  booktitle={Proceedings of the 2001 International Static Analysis Symposium (ISAS'01)},
  pages={40-56},
  year={2001},
}

@inproceedings{krinke2001duplix,
  title={Identifying similar code with program dependence graphs},
  author={Krinke, Jens},
  booktitle={Proceedings of the 8th Working Conference on Reverse Engineering (WCRE'01)},
  pages={301-309},
  year={2001},
}

@inproceedings{li2017cclearner,
  title={CClearner: A deep learning-based clone detection approach},
  author={Li, Liuqing and Feng, He and Zhuang, Wenjie and Meng, Na and Ryder, Barbara},
  booktitle={Proceedings of the 2017 International Conference on Software Maintenance and Evolution (ICSME'17)},
  pages={249-260},
  year={2017},
}

@inproceedings{liang2021astpath,
  title={AST-path Based Compare-Aggregate Network for Code Clone Detection},
  author={Liang, Hongliang and Ai, Lu},
  booktitle={Proceedings of the 2021 International Joint Conference on Neural Networks (IJCNN'21)},
  pages={},
  year={2021},
}

@inproceedings{mayrand1996experiment,
  title={Experiment on the automatic detection of function clones in a software system using metrics},
  author={Mayrand, Jean and Leblanc, Claude and Merlo, Ettore},
  booktitle={Proceedings of the 1996 International Conference on Software Maintenance (ICSM'96)},
  pages={244-253},
  year={1996},
}

@inproceedings{patenaude1999extending,
  title={Extending software quality assessment techniques to java systems},
  author={Patenaude, JF. and Merlo, Ettore and Dagenais, Michel and Lagu{\"e}, Bruno},
  booktitle={Proceedings of the 7th International Workshop on Program Comprehension (IWPC'99)},
  pages={49-56},
  year={1999},
}

@article{pati2017comparison,
  title={A Comparison Among ARIMA, BP-NN, and MOGA-NN for Software Clone Evolution Prediction},
  author={Pati, Jayadeep and Kumar, Babloo and Manjhi, Devesh and Shukla, K. K.},
  journal={IEEE ACCESS},
  volume={5},
  number={},
  pages={11841-11851},
  year={2017},
}

@inproceedings{ragkh2017using,
  title={Using Compilation/Decompilation to Enhance Clone Detection},
  author={Ragkhitwetsagul, Chaiyong and Krinke, Jens},
  booktitle={Proceedings of the 11th IEEE International Workshop on Software Clones (IWSC)},
  pages={8--14},
  year={2017},
}

@inproceedings{ragkh2018apicture,
  title={A Picture Is Worth a Thousand Words: Code Clone Detection Based on Image Similarity},
  author={Ragkhitwetsagul, Chaiyong and Krinke, Jens and Marnette, Bruno},
  booktitle={Proceedings of the 12th IEEE International Workshop on Software Clones (IWSC)},
  pages={44-50},
  year={2018},
}

@inproceedings{roy2008nicad,
  title={NICAD: Accurate detection of near-miss intentional clones using flexible pretty-printing and code normalization},
  author={Roy, CK. and Cordy, JR.},
  booktitle={Proceedings of the 2008 International Conference on Program Comprehension (ICPC'08)},
  pages={172--181},
  year={2008},
}

@inproceedings{saini2018oreo,
  title={Oreo: Detection of clones in the twilight zone},
  author={Saini, Vaibhav and Farmahinifarahani, Farima and Lu, Yadong and Baldi, Pierre and Lopes, Cristina V},
  booktitle={Proceedings of the 26th ACM Joint Meeting on European Software Engineering Conference and Symposium on the Foundations of Software Engineering (FSE'18)},
  pages={354-365},
  year={2018}
}

@inproceedings{sajnani2016sourcerercc,
  title={SourcererCC: Scaling code clone detection to big code},
  author={Sajnani, Hitesh and Saini, Vaibhav and Svajlenko, Jeffrey and Roy, CK. and Lopes, CV.},
  booktitle={Proceedings of the 38th International Conference on Software Engineering (ICSE'16)},
  pages={1157-1168},
  year={2016},
}

@inproceedings{sudhamani2016code,
  title={Code Clone Detection Based on Order and Content of Control Statements},
  author={Sudhamani, M. and Rangarajan, Lalitha},
  booktitle={Proceedings of the 2nd IEEE International Conference on Contemporary Computing and Informatics (IC3I)},
  pages={59-64},
  year={2016},
}

@inproceedings{svajlenko2017fast,
  title={Fast and Flexible Large-Scale Clone Detection with CloneWorks},
  author={Svajlenko, Jeffrey and Roy, Chanchal K.},
  booktitle={IEEE/ACM 39th International Conference on Software Engineering Companion (ICSE-C)},
  pages={27-30},
  year={2017},
}

@inproceedings{tsunoda2016assessing,
  title={Assessing the Differences of Clone Detection Methods Used in the Fault-Prone Module Prediction},
  author={Tsunoda, Masateru and Kamei, Yasutaka and Sawada, Atsushi},
  booktitle={Proceedings of the 23rd IEEE International Conference on Software Analysis, Evolution, and Reengineering (SANER)},
  pages={15-16},
  year={2016},
}

@inproceedings{wang2017ccsharp,
  title={CCSharp: An efficient three-phase code clone detector using modified pdgs},
  author={Wang, Min and Wang, Pengcheng and Xu, Yun},
  booktitle={Proceedings of the 24th Asia-Pacific Software Engineering Conference (APSEC'17)},
  pages={100-109},
  year={2017},
}

@inproceedings{wang2018ccaligner,
  title={CCAligner: A token based large-gap clone detector},
  author={Wang, Pengcheng and Svajlenko, Jeffrey and Wu, Yanzhao and Xu, Yun and Roy, CK.},
  booktitle={Proceedings of the 40th International Conference on Software Engineering (ICSE'18)},
  pages={1066-1077},
  year={2018},
}

@inproceedings{wei2017cdlh,
  title={Supervised deep features for software functional clone detection by exploiting lexical and syntactical information in source code},
  author={Wei, Huihui and Li, Ming},
  booktitle={Proceedings of the 2017 International Joint Conferences on Artificial Intelligence (IJCAI'17)},
  pages={3034-3040},
  year={2017},
}

@inproceedings{wu2020scdetector,
  title={SCDetector: Software Functional Clone Detection Based on Semantic Tokens Analysis},
  author={Wu, Yueming and Zou, Deqing and Dou, Shihan and Yang, Siru and Yang, Wei and Cheng, Feng and Liang, Hong and Jin, Hai},
  booktitle={Proceedings of the 35th IEEE/ACM International Conference on Automated Software Engineering (ASE'20)},
  pages={},
  year={2020},
}

@inproceedings{wu2022amain,
  title={Detecting Semantic Code Clones by Building AST-based Markov Chains Model},
  author={Wu, Yueming and Feng, Siyue and Zou, Deqing and Jin, Hai},
  booktitle={Proceedings of the 37th IEEE/ACM International Conference on Automated Software Engineering (ASE'22)},
  pages={},
  year={2022},
}

@inproceedings{yu2017detecting,
  title={Detecting Java Code Clones with Multi-Granularities Based on Bytecode},
  author={Yu, Dongjin and Wang, Jie and Wu, Qing and Yang, Jiazha and Wang, Jiaojiao and Yang, Wei and Yan, Wei},
  booktitle={Proceedings of the 41st IEEE Annual Computer Software and Applications Conference (COMPSAC)},
  pages={317-326},
  year={2017},
}

@inproceedings{zhang2019astnn,
  title={A novel neural source code representation based on abstract syntax tree},
  author={Zhang, Jian and Wang, Xu and Zhang, Hongyu and Sun, Hailong and Wang, Kaixuan and Liu, Xudong},
  booktitle={Proceedings of the 41st International Conference on Software Engineering (ICSE'19)},
  pages={783-794},
  year={2019},
}

@inproceedings{zhao2018deepsim,
  title={Deepsim: Deep learning code functional similarity},
  author={Zhao, Gang and Huang, Jeff},
  booktitle={Proceedings of the 26th ACM Joint Meeting on European Software Engineering Conference and Symposium on the Foundations of Software Engineering (FSE'18)},
  pages={141-151},
  year={2018},
}

@inproceedings{zou2020ccgraph,
  title={CCGraph: a PDG-based code clone detector with approximate graph matching},
  author={Zou, Yue and Ban, Bihuan and Xue, Yinxing and Xu, Yun},
  booktitle={Proceedings of the 35th International Conference on Automated Software Engineering (ASE'20)},
  pages={931-942},
  year={2020},
}

