@article{AIZAWA200345,
title = {An information-theoretic perspective of tf–idf measures},
journal = {Information Processing \& Management},
volume = {39},
number = {1},
pages = {45-65},
year = {2003},
issn = {0306-4573},
doi = {https://doi.org/10.1016/S0306-4573(02)00021-3},
url = {https://www.sciencedirect.com/science/article/pii/S0306457302000213},
author = {Akiko Aizawa},
keywords = {tf–idf, Term weighting theories, Information theory, Text categorization},
abstract = {This paper presents a mathematical definition of the “probability-weighted amount of information” (PWI), a measure of specificity of terms in documents that is based on an information-theoretic view of retrieval events. The proposed PWI is expressed as a product of the occurrence probabilities of terms and their amounts of information, and corresponds well with the conventional term frequency–inverse document frequency measures that are commonly used in today’s information retrieval systems. The mathematical definition of the PWI is shown, together with some illustrative examples of the calculation.}
}

@misc{antlr4,
title = {Antlr - Home Page},
year = {2024},
howpublished={\url{https://www.antlr.org/index.html}}
}

@misc{formatter,
title = {Google Java Formatter},
year = {2024},
howpublished={\url{https://github.com/google/google-java-format?tab=readme-ov-file}}
}

@misc{googlestyle,
title = {Google Java Style Guide},
year = {2024},
howpublished={\url{https://google.github.io/styleguide/javaguide.html}}
}

@misc{ijadataset,
title = {Ambient software evolution group: IJaDataset 2.0,},
year = {2024},
howpublished={\url{https://github.com/jeffsvajlenko/BigCloneEval/tree/master/ijadataset}}
}

@misc{cloc,
title = {CLOC: Count lines of code.},
year = {2024},
howpublished={\url{https://github.com/AlDanial/cloc}}
}

@article{roy2007type1_4,
  title={A survey on software clone detection research},
  author={Roy, Chanchal Kumar and Cordy, JR.},
  journal={Queen’s School of Computing TR},
  volume={541},
  number={115},
  pages={64--68},
  year={2007},
}

@article{bellon2007type1_4,
  title={Comparison and evaluation of clone detection tools},
  author={Bellon, Stefan and Koschke, Rainer and Antoniol, Giulio and Krinke, Jens and Merlo, Ettore},
  journal={IEEE Transactions on Software Engineering},
  volume={33},
  number={9},
  pages={577--591},
  year={2007},
}

@article{kamiya2002ccfinder,
  title={CCFinder: A multilinguistic token-based code clone detection system for large scale source code},
  author={Kamiya, Toshihiro and Kusumoto, Shinji and Inoue, Katsuro},
  journal={IEEE Transactions on Software Engineering},
  volume={28},
  number={7},
  pages={654--670},
  year={2002},
}

@inproceedings{sajnani2016sourcerercc,
  title={SourcererCC: Scaling code clone detection to big code},
  author={Sajnani, Hitesh and Saini, Vaibhav and Svajlenko, Jeffrey and Roy, CK. and Lopes, CV.},
  booktitle={Proceedings of the 38th International Conference on Software Engineering (ICSE'16)},
  pages={1157-1168},
  year={2016},
}

@inproceedings{krinke2001duplix,
  title={Identifying similar code with program dependence graphs},
  author={Krinke, Jens},
  booktitle={Proceedings of the 8th Working Conference on Reverse Engineering (WCRE'01)},
  pages={301-309},
  year={2001},
}

@inproceedings{komondoor2001pdgdup,
  title={Using slicing to identify duplication in source code},
  author={Komondoor, Raghavan and Horwitz, Susan},
  booktitle={Proceedings of the 2001 International Static Analysis Symposium (ISAS'01)},
  pages={40-56},
  year={2001},
}

@inproceedings{zhao2018deepsim,
  title={Deepsim: Deep learning code functional similarity},
  author={Zhao, Gang and Huang, Jeff},
  booktitle={Proceedings of the 26th ACM Joint Meeting on European Software Engineering Conference and Symposium on the Foundations of Software Engineering (FSE'18)},
  pages={141-151},
  year={2018},
}

@inproceedings{wang2017ccsharp,
  title={CCSharp: An efficient three-phase code clone detector using modified pdgs},
  author={Wang, Min and Wang, Pengcheng and Xu, Yun},
  booktitle={Proceedings of the 24th Asia-Pacific Software Engineering Conference (APSEC'17)},
  pages={100-109},
  year={2017},
}

@inproceedings{chen2014centroid,
  title={Achieving accuracy and scalability simultaneously in detecting application clones on android markets},
  author={Chen, Kai and Liu, Peng and Zhang, Yingjun},
  booktitle={Proceedings of the 36th International Conference on Software Engineering (ICSE'14)},
  pages={175-186},
  year={2014},
}

@inproceedings{zou2020ccgraph,
  title={CCGraph: a PDG-based code clone detector with approximate graph matching},
  author={Zou, Yue and Ban, Bihuan and Xue, Yinxing and Xu, Yun},
  booktitle={Proceedings of the 35th International Conference on Automated Software Engineering (ASE'20)},
  pages={931-942},
  year={2020},
}

@inproceedings{jiang2007deckard,
  title={Deckard: Scalable and accurate tree-based detection of code clones},
  author={Jiang, Lingxiao and Misherghi, Ghassan and Su, Zhendong and Glondu, Stephane},
  booktitle={Proceedings of the 29th International Conference on Software Engineering (ICSE'07)},
  pages={96-105},
  year={2007},
}

@inproceedings{wei2017cdlh,
  title={Supervised deep features for software functional clone detection by exploiting lexical and syntactical information in source code},
  author={Wei, Huihui and Li, Ming},
  booktitle={Proceedings of the 2017 International Joint Conferences on Artificial Intelligence (IJCAI'17)},
  pages={3034-3040},
  year={2017},
}

@inproceedings{zhang2019astnn,
  title={A novel neural source code representation based on abstract syntax tree},
  author={Zhang, Jian and Wang, Xu and Zhang, Hongyu and Sun, Hailong and Wang, Kaixuan and Liu, Xudong},
  booktitle={Proceedings of the 41st International Conference on Software Engineering (ICSE'19)},
  pages={783-794},
  year={2019},
}

@inproceedings{liang2021astpath,
  title={AST-path Based Compare-Aggregate Network for Code Clone Detection},
  author={Liang, Hongliang and Ai, Lu},
  booktitle={Proceedings of the 2021 International Joint Conference on Neural Networks (IJCNN'21)},
  pages={},
  year={2021},
}

@article{jo2021twopass,
  title={Two-Pass Technique for Clone Detection and Type Classification Using Tree-Based Convolution Neural Network},
  author={Jo, Young-Bin and Lee, Jihyun and Yoo, Cheol-Jung},
  journal={Applied Sciences-Basel},
  volume={11},
  number={14},
  pages={},
  year={2021},
}

@misc{big,
  title={BigCloneBench},
  year={2022},
  howpublished = {\url{https://github.com/clonebench/BigCloneBench}},
}

@inproceedings{krinke2022bigclonebench,
  title={Bigclonebench considered harmful for machine learning},
  author={Krinke, Jens and Ragkhitwetsagul, Chaiyong},
  booktitle={2022 IEEE 16th International Workshop on Software Clones (IWSC)},
  pages={1--7},
  year={2022},
  organization={IEEE}
}


@inproceedings{svajlenko2014big,
  title={Towards a big data curated benchmark of inter-project code clones},
  author={Svajlenko, Jeffrey and Islam, JF. and Keivanloo, Iman and Roy, CK. and Mia, Mohammad Mamun},
  booktitle={Proceedings of the 2014 International Conference on Software Maintenance and Evolution (ICSME'14)},
  pages={476-480},
  year={2014},
}

@inproceedings{white2016rtvnn,
  title={Deep learning code fragments for code clone detection},
  author={White, Martin and Tufano, Michele and Vendome, Christopher and Poshyvanyk, Denys},
  booktitle={Proceedings of the 31st International Conference on Automated Software Engineering (ASE'16)},
  pages={87-98},
  year={2016},
}

@inproceedings{johnson1994substring,
  title={Substring matching for clone detection and change tracking},
  author={Johnson, J Howard},
  booktitle={Proceedings of the 1994 International Conference on Software Maintenance (ICSM'94)},
  pages={120--126},
  year={1994},
}

@inproceedings{ducasse1999language,
  title={A language independent approach for detecting duplicated code},
  author={Ducasse, St{\'e}phane and Rieger, Matthias and Demeyer, Serge},
  booktitle={Proceedings of the 1999 International Conference on Software Maintenance (ICSM'99)},
  pages={109-118},
  year={1999},
}

@inproceedings{roy2008nicad,
  title={NICAD: Accurate detection of near-miss intentional clones using flexible pretty-printing and code normalization},
  author={Roy, CK. and Cordy, JR.},
  booktitle={Proceedings of the 2008 International Conference on Program Comprehension (ICPC'08)},
  pages={172--181},
  year={2008},
}

@inproceedings{golubev2021multi,
  title={Multi-threshold token-based code clone detection},
  author={Golubev, Yaroslav and Poletansky, Viktor and Povarov, Nikita and Bryksin, Timofey },
  booktitle={Proceedings of the 28th IEEE International Conference on Software Analysis, Evolution and Reengineering (SANER'21)},
  pages={},
  year={2021},
}

@inproceedings{wu2020scdetector,
  title={SCDetector: Software Functional Clone Detection Based on Semantic Tokens Analysis},
  author={Wu, Yueming and Zou, Deqing and Dou, Shihan and Yang, Siru and Yang, Wei and Cheng, Feng and Liang, Hong and Jin, Hai},
  booktitle={Proceedings of the 35th IEEE/ACM International Conference on Automated Software Engineering (ASE'20)},
  pages={},
  year={2020},
}

  
@inproceedings{wu2022amain,
  title={Detecting Semantic Code Clones by Building AST-based Markov Chains Model},
  author={Wu, Yueming and Feng, Siyue and Zou, Deqing and Jin, Hai},
  booktitle={Proceedings of the 37th IEEE/ACM International Conference on Automated Software Engineering (ASE'22)},
  pages={},
  year={2022},
}

@inproceedings{hung2020cppcd,
  title={CPPCD: A Token-Based Approach to Detecting Potential Clones},
  author={Hung, Yu-Liang and Takada, Shingo},
  booktitle={IEEE 14th International Workshop on Software Clones (IWSC'20)},
  pages={},
  year={2020},
}

@inproceedings{gode2009incremental,
  title={Incremental clone detection},
  author={G{\"o}de, Nils and Koschke, Rainer},
  booktitle={Proceedings of the 2009 European Conference on Software Maintenance and Reengineering (ECSMR'09)},
  pages={219--228},
  year={2009},
}

@inproceedings{li2017cclearner,
  title={CClearner: A deep learning-based clone detection approach},
  author={Li, Liuqing and Feng, He and Zhuang, Wenjie and Meng, Na and Ryder, Barbara},
  booktitle={Proceedings of the 2017 International Conference on Software Maintenance and Evolution (ICSME'17)},
  pages={249-260},
  year={2017},
}

@inproceedings{wang2018ccaligner,
  title={CCAligner: A token based large-gap clone detector},
  author={Wang, Pengcheng and Svajlenko, Jeffrey and Wu, Yanzhao and Xu, Yun and Roy, CK.},
  booktitle={Proceedings of the 40th International Conference on Software Engineering (ICSE'18)},
  pages={1066-1077},
  year={2018},
}

@article{tai2015treelstm,
  title={Improved semantic representations from tree-structured long short-term memory networks},
  author={Tai, Kai Sheng and Socher, Richard and Manning, CD.},
  journal={arXiv preprint arXiv:1503.00075},
  year={2015},
}

@article{nino2011wl,
  title={Weisfeiler-lehman graph kernels},
  author={Shervashidze, Nino and Schweitzer, Pascal and van Leeuwen, Erik Jan and Mehlhorn, Kurt and Borgwardt, Karsten M.},
  journal={Journal of Machine Learning Research},
  volume={12},
  number={Sep},
  pages={2539--2561},
  year={2011},
}

@inproceedings{mayrand1996experiment,
  title={Experiment on the automatic detection of function clones in a software system using metrics},
  author={Mayrand, Jean and Leblanc, Claude and Merlo, Ettore},
  booktitle={Proceedings of the 1996 International Conference on Software Maintenance (ICSM'96)},
  pages={244-253},
  year={1996},
}

@inproceedings{balazinska1999measuring,
  title={Measuring clone based reengineering opportunities},
  author={Balazinska, Magdalena and Merlo, Ettore and Dagenais, Michel and Lague, Bruno and Kontogiannis, Kostas},
  booktitle={Proceedings of the 6th International Software Metrics Symposium (ISMS'99)},
  pages={292-303},
  year={1999},
}

@inproceedings{patenaude1999extending,
  title={Extending software quality assessment techniques to java systems},
  author={Patenaude, JF. and Merlo, Ettore and Dagenais, Michel and Lagu{\"e}, Bruno},
  booktitle={Proceedings of the 7th International Workshop on Program Comprehension (IWPC'99)},
  pages={49-56},
  year={1999},
}

@inproceedings{saini2018oreo,
  title={Oreo: Detection of clones in the twilight zone},
  author={Saini, Vaibhav and Farmahinifarahani, Farima and Lu, Yadong and Baldi, Pierre and Lopes, Cristina V},
  booktitle={Proceedings of the 26th ACM Joint Meeting on European Software Engineering Conference and Symposium on the Foundations of Software Engineering (FSE'18)},
  pages={354-365},
  year={2018}
}

@article{hua2021fcca,
  title={FCCA: Hybrid Code Representation for Functional Clone Detection Using Attention Networks},
  author={Hua, Wei and Sui, Yulei and Wan, Yao and Liu, Guangzhong and Xu, Guandong},
  journal={IEEE Transactions on Reliability},
  volume={70},
  number={1},
  pages={304--318},
  year={2021},
}

@inproceedings{keivanloo2012sebyte,
  title={Sebyte: A semantic clone detection tool for intermediate languages},
  author={Keivanloo, Iman and Roy, CK. and Rilling, Juergen},
  booktitle={Proceedings of the 20th International Conference on Program Comprehension (ICPC'12)},
  pages={247-249},
  year={2012},
}

@techreport{elva2012jsctracker,
  title={Jsctracker: A semantic clone detection tool for java code},
  author={Elva, Rochelle and Leavens, GT.},
  year={2012},
  institution={University of Central Florida},
}

@inproceedings{kamiya2013agec,
  title={Agec: An execution-semantic clone detection tool},
  author={Kamiya, Toshihiro},
  booktitle={Proceedings of the 21st International Conference on Program Comprehension (ICPC'13)},
  pages={227-229},
  year={2013},
}

@inproceedings{jiang2009semantic,
  title={Automatic mining of functionally equivalent code fragments via random testing},
  author={Jiang, Lingxiao and Su, Zhendong},
  booktitle={Proceedings of the 18th International Symposium on Software Testing and Analysis (ISSTA'09)},
  pages={81-92},
  year={2009},
}

@inproceedings{sheneamer2016semantic,
  title={Semantic clone detection using machine learning},
  author={Sheneamer, Abdullah and Kalita, Jugal},
  booktitle={Proceedings of the 15th International Conference on Machine Learning and Applications (ICMLA'16)},
  pages={1024-1028},
  year={2016},
}

@inproceedings{ragkh2017using,
  title={Using Compilation/Decompilation to Enhance Clone Detection},
  author={Ragkhitwetsagul, Chaiyong and Krinke, Jens},
  booktitle={Proceedings of the 11th IEEE International Workshop on Software Clones (IWSC)},
  pages={8--14},
  year={2017},
}


@inproceedings{jadon2016code,
  title={Code Clones Detection Using Machine Learning Technique: Support Vector Machine},
  author={Jadon, Shruti},
  booktitle={Proceedings of the 2016 IEEE INTERNATIONAL CONFERENCE ON COMPUTING, COMMUNICATION AND AUTOMATION (ICCCA)},
  pages={299-303},
  year={2016},
}

@inproceedings{yu2017detecting,
  title={Detecting Java Code Clones with Multi-Granularities Based on Bytecode},
  author={Yu, Dongjin and Wang, Jie and Wu, Qing and Yang, Jiazha and Wang, Jiaojiao and Yang, Wei and Yan, Wei},
  booktitle={Proceedings of the 41st IEEE Annual Computer Software and Applications Conference (COMPSAC)},
  pages={317-326},
  year={2017},
}

@inproceedings{kim2017vuddy,
  title={VUDDY: A Scalable Approach for Vulnerable Code Clone Discovery},
  author={Kim, Seulbae and Woo, Seunghoon and Lee, Heejo and Oh, Hakjoo},
  booktitle={Proceedings of the 38th IEEE Symposium on Security and Privacy (SP)},
  pages={595-614},
  year={2017},
}

@article{pati2017comparison,
  title={A Comparison Among ARIMA, BP-NN, and MOGA-NN for Software Clone Evolution Prediction},
  author={Pati, Jayadeep and Kumar, Babloo and Manjhi, Devesh and Shukla, K. K.},
  journal={IEEE ACCESS},
  volume={5},
  number={},
  pages={11841-11851},
  year={2017},
}

@inproceedings{wang2023comparison,
  title={Comparison and evaluation of clone detection techniques with different code representations},
  author={Wang, Yuekun and Ye, Yuhang and Wu, Yueming and Zhang, Weiwei and Xue, Yinxing and Liu, Yang},
  booktitle={2023 IEEE/ACM 45th International Conference on Software Engineering (ICSE)},
  pages={332--344},
  year={2023},
  organization={IEEE}
}

@article{dou2024cc2vec,
  title={CC2Vec: Combining Typed Tokens with Contrastive Learning for Effective Code Clone Detection},
  author={Dou, Shihan and Wu, Yueming and Jia, Haoxiang and Zhou, Yuhao and Liu, Yan and Liu, Yang},
  journal={Proceedings of the ACM on Software Engineering},
  volume={1},
  number={FSE},
  pages={1564--1584},
  year={2024},
  publisher={ACM New York, NY, USA}
}

@inproceedings{chodarev2015haskell,
  title={Haskell Clone Detection using Pattern Comparing Algorithm},
  author={Chodarev, Sergej and Pietrikova, Emilia and Kollar, Jan},
  booktitle={Proceedings of the 13th International Conference on Engineering of Modern Electric Systems (EMES)},
  pages={},
  year={2015},
}

@inproceedings{ragkh2018apicture,
  title={A Picture Is Worth a Thousand Words: Code Clone Detection Based on Image Similarity},
  author={Ragkhitwetsagul, Chaiyong and Krinke, Jens and Marnette, Bruno},
  booktitle={Proceedings of the 12th IEEE International Workshop on Software Clones (IWSC)},
  pages={44-50},
  year={2018},
}

@inproceedings{haque2016generic,
  title={Generic Code Cloning method for Detection of Clone Code in Software Development},
  author={Haque, Syed Mohd Fazalul and Srikanth, V. and Reddy, E. Sreenivasa},
  booktitle={International Conference on Data Mining and Advanced Computing (SAPIENCE)},
  pages={340-344},
  year={2016},
}

@inproceedings{sudhamani2016code,
  title={Code Clone Detection Based on Order and Content of Control Statements},
  author={Sudhamani, M. and Rangarajan, Lalitha},
  booktitle={Proceedings of the 2nd IEEE International Conference on Contemporary Computing and Informatics (IC3I)},
  pages={59-64},
  year={2016},
}

@inproceedings{svajlenko2017fast,
  title={Fast and Flexible Large-Scale Clone Detection with CloneWorks},
  author={Svajlenko, Jeffrey and Roy, Chanchal K.},
  booktitle={IEEE/ACM 39th International Conference on Software Engineering Companion (ICSE-C)},
  pages={27-30},
  year={2017},
}

@inproceedings{tsunoda2016assessing,
  title={Assessing the Differences of Clone Detection Methods Used in the Fault-Prone Module Prediction},
  author={Tsunoda, Masateru and Kamei, Yasutaka and Sawada, Atsushi},
  booktitle={Proceedings of the 23rd IEEE International Conference on Software Analysis, Evolution, and Reengineering (SANER)},
  pages={15-16},
  year={2016},
}

@article{wigstrom1974rnn,
  title={A model of a neural network with recurrent inhibition},
  author={Wigstrom, H},
  journal={Kybernetik},
  volume={16},
  number={2},
  pages={103-12},
  year={1974},
}

@article{bengio1992hmm,
  title={Global optimization of a neural network-hidden Markov model hybrid},
  author={Bengio, Y and De Mori, R and Flammia, G and Kompe, R},
  journal={IEEE TRANSACTIONS ON NEURAL NETWORKS},
  volume={3},
  number={2},
  pages={252-9},
  year={1992},
}

@misc{sklearn,
  title={An open source machine learning library that supports supervised and unsupervised learning. (scikit-learn)},
  year={2022},
  howpublished = {\url{https://scikit-learn.org/stable/}},
}

@misc{javalang,
  title={A pure Python library for working with Java source code,  provies a lexer and parser targeting Java 8. (Javalang)},
  year={2022},
  howpublished = {\url{https://pypi.org/project/javalang/}},
}

@misc{pycparser,
  title={pycparser is a complete parser of the C language},
  year={2022},
  howpublished = {\url{https://pypi.python.org/pypi/pycparser/}},
}

@misc{gcj,
  title={Google Code Jam},
  year={2017},
  howpublished = {\url{https://code.google.com/codejam/past-contests}},
}

@article{cover1967knn,
  author={Cover, T. and Hart, P.},
  journal={IEEE Transactions on Information Theory}, 
  title={Nearest neighbor pattern classification}, 
  year={1967},
  volume={13},
  number={1},
  pages={21-27},
  }
  
@article{breiman1996rf,
  title={Bagging predictors},
  author={Breiman, Leo},
  journal={Machine learning},
  volume={24},
  number={2},
  pages={123--140},
  year={1996},
  publisher={Springer}
} 

@article{quinlan1986dt,
  title={Induction of decision trees},
  author={Quinlan, J. Ross},
  journal={Machine learning},
  volume={1},
  number={1},
  pages={81--106},
  year={1986},
  publisher={Springer}
}

@article{freund1997adaboost,
  title={A decision-theoretic generalization of on-line learning and an application to boosting},
  author={Freund, Yoav and Schapire, Robert E.},
  journal={Journal of computer and system sciences},
  volume={55},
  number={1},
  pages={119--139},
  year={1997},
  publisher={Elsevier}
}

@article{friedman2001gdbt,
  title={Greedy function approximation: a gradient boosting machine},
  author={Friedman, Jerome H.},
  journal={Annals of statistics},
  pages={1189--1232},
  year={2001},
  publisher={JSTOR}
}

@inproceedings{chen2016xgboost,
  title={Xgboost: A scalable tree boosting system},
  author={Chen, Tianqi and Guestrin, Carlos},
  booktitle={Proceedings of the 22nd acm sigkdd international conference on knowledge discovery and data mining},
  pages={785--794},
  year={2016}
}

@inproceedings{mou2016tbcnn,
  title={Convolutional neural networks over tree structures for programming language processing},
  author={Mou, Lili and Li, Ge and Zhang, Lu and Wang, Tao and Jin, Zhi},
  booktitle={Proceedings of the 30th AAAI Conference on Artificial Intelligence (AAAI'16)},
  pages={1287-1293},
  year={2016}
}

@inproceedings{hu2022treecen,
  title={TreeCen: Building Tree Graph for Scalable Semantic Code Clone Detection},
  author={Hu, Yutao and Zou, Deqing and Peng, Junru and Wu, Yueming and Shan, Junjie and Jin, Hai},
  booktitle={37th IEEE/ACM International Conference on Automated Software Engineering},
  pages={1--12},
  year={2022}
}

@inproceedings{sager2006detecting,
  title={Detecting similar Java classes using tree algorithms},
  author={Sager, Tobias and Bernstein, Abraham and Pinzger, Martin and Kiefer, Christoph},
  booktitle={Proceedings of the 2006 international workshop on Mining software repositories},
  pages={65--71},
  year={2006}
}


@inproceedings{tessem1998retrieval,
  title={Retrieval of java classes for case-based reuse},
  author={Tessem, Bj{\o}rnar and Whitehurst, R Alan and Powell, Christopher L},
  booktitle={Advances in Case-Based Reasoning: 4th European Workshop, EWCBR-98 Dublin, Ireland, September 23--25, 1998 Proceedings 4},
  pages={148--159},
  year={1998},
  organization={Springer}
}


@article{basit2005detecting,
  title={Detecting higher-level similarity patterns in programs},
  author={Basit, Hamid Abdul and Jarzabek, Stan},
  journal={ACM Sigsoft Software engineering notes},
  volume={30},
  number={5},
  pages={156--165},
  year={2005},
  publisher={ACM New York, NY, USA}
}

@article{sager2006code,
  title={A Code Google Eclipse Plug-in for Detecting Similar Java Classes},
  author={Sager, Tobias and Coogle, A},
  journal={Department of Informatics, University of Zurich},
  year={2006}
}

@inproceedings{tamada2004design,
  title={Design and evaluation of birthmarks for detecting theft of java programs.},
  author={Tamada, Haruaki and Nakamura, Masahide and Monden, Akito and Matsumoto, Ken-ichi},
  booktitle={IASTED Conf. on Software Engineering},
  pages={569--574},
  year={2004}
}

@inproceedings{chilowicz2009syntax,
  title={Syntax tree fingerprinting for source code similarity detection},
  author={Chilowicz, Michel and Duris, Etienne and Roussel, Gilles},
  booktitle={2009 IEEE 17th international conference on program comprehension},
  pages={243--247},
  year={2009},
  organization={IEEE}
}

@article{lopes2017dejavu,
  title={D{\'e}j{\`a}Vu: a map of code duplicates on GitHub},
  author={Lopes, Cristina V and Maj, Petr and Martins, Pedro and Saini, Vaibhav and Yang, Di and Zitny, Jakub and Sajnani, Hitesh and Vitek, Jan},
  journal={Proceedings of the ACM on Programming Languages},
  volume={1},
  number={OOPSLA},
  pages={1--28},
  year={2017},
  publisher={ACM New York, NY, USA}
}


@article{ain2019systematic,
  title={A systematic review on code clone detection},
  author={Ain, Qurat Ul. and Butt, Wasi H. and Anwar, Muhammad W. and Azam, Farooque and Maqbool, Bilal},
  journal={IEEE Access},
  volume={7},
  pages={86121--86144},
  year={2019},
  publisher={IEEE}
}


@article{kim2018software,
  title={Software systems at risk: An empirical study of cloned vulnerabilities in practice},
  author={Kim, Seulbae and Lee, Heejo},
  journal={Computers \& Security },
  volume={77},
  number={1},
  pages={720-736},
  year={2018},
}

@inproceedings{kim2005empirical,
  title={An empirical study of code clone genealogies},
  author={Kim, Miryung and Sazawal, Vibha and Notkin, David and Murphy, Gail},
  booktitle={Proceedings of the 13th ACM SIGSOFT Symposium on the Foundation of Software Engineering/ European Software Engineering Conference (ESEC/FSE'05)},
  pages={187--196},
  year={2005}
}

@inproceedings{lavoie2010challenging,
  title={Challenging cloning related problems with GPU-based algorithms},
  author={Lavoie, Thierry and Eilers-Smith, Michael and Merlo, Ettore},
  booktitle={Proceedings of the 4th International Workshop on Software Clones (IWSC'10)},
  pages={25--32},
  year={2010}
}

@inproceedings{baker1995finding,
  title={On finding duplication and near-duplication in large software systems},
  author={Baker, Brenda S.},
  booktitle={Proceedings of the 2nd Working Conference on Reverse Engineering (WCRE'95)},
  pages={86--95},
  year={1995}
}

@article{li2016clorifi,
  title={CLORIFI: Software vulnerability discovery using code clone verification},
  author={Li, Hongzhe and Kwon, Hyuckmin and Kwon, Jonghoon and Lee, Heejo},
  journal={Concurrency and Computation: Practice and Experience},
  volume={28},
  number={6},
  pages={1900--1917},
  year={2016},
  publisher={Wiley Online Library}
}

@inproceedings{pham2010detection,
  title={Detection of recurring software vulnerabilities},
  author={Pham, Nam H. and Nguyen, Tung T. and Nguyen, Hoan A. and Nguyen, Tien N.},
  booktitle={Proceedings of the 25th IEEE/ACM International Conference on Automated Software Engineering (ASE'10)},
  pages={447--456},
  year={2010}
}

@article{xu2023lidetector,
  title={Lidetector: License incompatibility detection for open source software},
  author={Xu, Sihan and Gao, Ya and Fan, Lingling and Liu, Zheli and Liu, Yang and Ji, Hua},
  journal={ACM Transactions on Software Engineering and Methodology},
  volume={32},
  number={1},
  pages={1--28},
  year={2023},
  publisher={ACM New York, NY}
}

@inproceedings{ossfp,
  author       = {Jiahui Wu and
                  Zhengzi Xu and
                  Wei Tang and
                  Lyuye Zhang and
                  Yueming Wu and
                  Chengyue Liu and
                  Kairan Sun and
                  Lida Zhao and
                  Yang Liu},
  title        = {{OSSFP:} Precise and Scalable {C/C++} Third-Party Library Detection
                  using Fingerprinting Functions},
  booktitle    = {45th {IEEE/ACM} International Conference on Software Engineering,
                  {ICSE} 2023, Melbourne, Australia, May 14-20, 2023},
  pages        = {270--282},
  publisher    = {{IEEE}},
  year         = {2023},
  url          = {https://doi.org/10.1109/ICSE48619.2023.00034},
  doi          = {10.1109/ICSE48619.2023.00034},
  timestamp    = {Wed, 19 Jul 2023 10:09:12 +0200},
  biburl       = {https://dblp.org/rec/conf/icse/WuXTZWLSZL23.bib},
  bibsource    = {dblp computer science bibliography, https://dblp.org}
}

@inproceedings{nil2021,
author = {Nakagawa, Tasuku and Higo, Yoshiki and Kusumoto, Shinji},
title = {NIL: large-scale detection of large-variance clones},
year = {2021},
isbn = {9781450385626},
publisher = {Association for Computing Machinery},
address = {New York, NY, USA},
url = {https://doi.org/10.1145/3468264.3468564},
doi = {10.1145/3468264.3468564},
booktitle = {Proceedings of the 29th ACM Joint Meeting on European Software Engineering Conference and Symposium on the Foundations of Software Engineering},
pages = {830–841},
numpages = {12},
keywords = {Scalability, Large-Variance Clone, Clone Detection},
location = {Athens, Greece},
series = {ESEC/FSE 2021}
}

@inproceedings{lvmapper2020,
  author={Wu, Ming and Wang, Pengcheng and Yin, Kangqi and Cheng, Haoyu and Xu, Yun and Roy, Chanchal K.},
  journal={IEEE Access}, 
  title={LVMapper: A Large-Variance Clone Detector Using Sequencing Alignment Approach}, 
  year={2020},
  volume={8},
  number={},
  pages={27986-27997},
  keywords={Cloning;Tools;Sequential analysis;Detectors;Software;Bioinformatics;Heuristic algorithms;Clone detection;large-variance clone;dynamic threshold;sequencing alignment},
  doi={10.1109/ACCESS.2020.2971545}}

@inproceedings{Ragkhitwetsagul2019SiameseSA,
  title={Siamese: scalable and incremental code clone search via multiple code representations},
  author={Chaiyong Ragkhitwetsagul and Jens Krinke},
  journal={Empirical Software Engineering},
  year={2019},
  pages={1-49},
  url={https://api.semanticscholar.org/CorpusID:71144286}
}

@inproceedings{code2img2023,
  author={Hu, Yutao and Fang, Yilin and Sun, Yifan and Jia, Yaru and Wu, Yueming and Zou, Deqing and Jin, Hai},
  journal={IEEE Transactions on Software Engineering}, 
  title={Code2Img: Tree-Based Image Transformation for Scalable Code Clone Detection}, 
  year={2023},
  volume={49},
  number={9},
  pages={4429-4442},
  keywords={Cloning;Codes;Detectors;Source coding;Scalability;Markov processes;Syntactics;Code clone;clone detection;scalability},
  doi={10.1109/TSE.2023.3295801}}

@INPROCEEDINGS{yang2018,
  author={Yang, Yanming and Ren, Zhilei and Chen, Xin and Jiang, He},
  booktitle={2018 IEEE 42nd Annual Computer Software and Applications Conference (COMPSAC)}, 
  title={Structural Function Based Code Clone Detection Using a New Hybrid Technique}, 
  year={2018},
  volume={01},
  number={},
  pages={286-291},
  keywords={Cloning;Software;Measurement;Manuals;Syntactics;Estimation;Transforms;code clone, structural clone, Abstract Syntax Tree, Smith Waterman, function based code clone detection},
  doi={10.1109/COMPSAC.2018.00045}}

@article{roycordy2010,
author = {Roy, C. K. and Cordy, J. R.},
title = {Near-miss function clones in open source software: an empirical study},
year = {2010},
issue_date = {April 2010},
publisher = {John Wiley \& Sons, Inc.},
address = {USA},
volume = {22},
number = {3},
issn = {1532-060X},
journal = {J. Softw. Maint. Evol.},
month = {apr},
pages = {165–189},
numpages = {25},
keywords = {open source software, near-miss function clones, empirical study}
}