@article{aguerri2024fight,
  title={The fight against disinformation and its consequences: Measuring the impact of “Russia state-affiliated media” on Twitter},
  author={Aguerri, Jes{\'u}s C and Santisteban, Mario and Mir{\'o}-Llinares, Fernando},
  journal={Crime Science},
  volume={13},
  number={1},
  pages={17},
  year={2024},
  publisher={Springer}
}

@inproceedings{albota2022war,
  title={War implications in the Reddit news feed: semantic analysis},
  author={Albota, Solomiia},
  booktitle={2022 IEEE 17th International Conference on Computer Sciences and Information Technologies (CSIT)},
  pages={99--102},
  year={2022},
  organization={IEEE}
}

@inproceedings{alieva2022investigating,
  title={Investigating the spread of Russian disinformation about biolabs in Ukraine on Twitter using social network analysis},
  author={Alieva, Iuliia and Ng, Lynnette Hui Xian and Carley, Kathleen M},
  booktitle={2022 IEEE international conference on big data (big data)},
  pages={1770--1775},
  year={2022},
  organization={IEEE}
}

@article{boyte2017analysis,
  title={An analysis of the social-media technology, tactics, and narratives used to control perception in the propaganda war over Ukraine},
  author={Boyte, Kenneth J},
  journal={Journal of Information Warfare},
  volume={16},
  number={1},
  pages={88--111},
  year={2017},
  publisher={JSTOR}
}

@inproceedings{cannanure2023chi,
	address = {New York, NY, USA},
	articleno = {351},
	author = {Cannanure, Vikram Kamath and Varghese, Delvin and Rivera-Loaiza, Cuauht\'{e}moc and Noor, Faria and Das, Dipto and Jain, Pranjal and Chang, Meiyin and Wong-Villacres, Marisol and Karusala, Naveena and Ahmed, Nova and Till, Sarina C and Akhigbe, Bernard Ijesunor and Densmore, Melissa and Dray, Susan and Sturm, Christian and Kumar, Neha},
	booktitle = {Extended Abstracts of the 2023 CHI Conference on Human Factors in Computing Systems},
	doi = {10.1145/3544549.3573806},
	isbn = {9781450394222},
	keywords = {HCI Across Borders, Cultural Diversity, HCI and Global Development, Geographic Diversity},
	location = {Hamburg, Germany},
	numpages = {5},
	publisher = {Association for Computing Machinery},
	series = {CHI EA '23},
	title = {HCI Across Borders: Towards Global Solidarity},
	url = {https://doi.org/10.1145/3544549.3573806},
	year = {2023},
	bdsk-url-1 = {https://doi.org/10.1145/3544549.3573806}}

@inproceedings{chen2023tweets,
  title={Tweets in time of conflict: A public dataset tracking the twitter discourse on the war between Ukraine and Russia},
  author={Chen, Emily and Ferrara, Emilio},
  booktitle={Proceedings of the International AAAI Conference on Web and social media},
  volume={17},
  pages={1006--1013},
  year={2023}
}

@inproceedings{darwish2023identifying,
  title={Identifying fake news in the russian-ukrainian conflict using machine learning},
  author={Darwish, Omar and Tashtoush, Yahya and Maabreh, Majdi and Al-essa, Rana and Aln’uman, Ruba and Alqublan, Ammar and Abualkibash, Munther and Elkhodr, Mahmoud},
  booktitle={International Conference on Advanced Information Networking and Applications},
  pages={546--557},
  year={2023},
  organization={Springer}
}

@inproceedings{davis2016botornot,
  title={Botornot: A system to evaluate social bots},
  author={Davis, Clayton Allen and Varol, Onur and Ferrara, Emilio and Flammini, Alessandro and Menczer, Filippo},
  booktitle={Proceedings of the 25th international conference companion on world wide web},
  pages={273--274},
  year={2016}
}

@inproceedings{de2023twitter,
  title={Twitter bots influence on the russo-ukrainian war during the 2022 italian general elections},
  author={De Faveri, Francesco Luigi and Cosuti, Luca and Tricomi, Pier Paolo and Conti, Mauro},
  booktitle={International Symposium on Security and Privacy in Social Networks and Big Data},
  pages={38--57},
  year={2023},
  organization={Springer}
}

@article{ferdush2023detecting,
  title={Detecting Fake News of Evolving Events using Machine Learning: Case of Russia-Ukraine War},
  author={Ferdush, Jannatul and Kamruzzaman, Joarder and Karmakar, Gour and Gondal, Iqbal and Das, Raj},
  year={2023}
}

@inproceedings{freeman2023seeing,
  title={Seeing Through the Fog: The Impact of Information Operations on War Crimes Investigations in Ukraine},
  author={Freeman, Lindsay},
  booktitle={2023 15th International Conference on Cyber Conflict: Meeting Reality (CyCon)},
  pages={365--379},
  year={2023},
  organization={IEEE}
}

@article{geissler2023russian,
  title={Russian propaganda on social media during the 2022 invasion of Ukraine},
  author={Geissler, Dominique and B{\"a}r, Dominik and Pr{\"o}llochs, Nicolas and Feuerriegel, Stefan},
  journal={EPJ Data Science},
  volume={12},
  number={1},
  pages={35},
  year={2023},
  publisher={Springer Berlin Heidelberg}
}

@inproceedings{guntrum2024keyboard,
  title={Keyboard Fighters: The Use of ICTs by Activists in Times of Military Coup in Myanmar},
  author={Guntrum, Laura Gianna},
  booktitle={Proceedings of the CHI Conference on Human Factors in Computing Systems},
  pages={1--19},
  year={2024}
}

@inproceedings{hanley2023special,
  title={" A Special Operation": A Quantitative Approach to Dissecting and Comparing Different Media Ecosystems’ Coverage of the Russo-Ukrainian War},
  author={Hanley, Hans WA and Kumar, Deepak and Durumeric, Zakir},
  booktitle={Proceedings of the International AAAI Conference on Web and social media},
  volume={17},
  pages={339--350},
  year={2023}
}

@inproceedings{hartwig2024adolescents,
  title={From Adolescents' Eyes: Assessing an Indicator-Based Intervention to Combat Misinformation on TikTok},
  author={Hartwig, Katrin and Biselli, Tom and Schneider, Franziska and Reuter, Christian},
  booktitle={Proceedings of the CHI Conference on Human Factors in Computing Systems},
  pages={1--20},
  year={2024}
}

@inproceedings{hourcade2011chi,
	address = {New York, NY, USA},
	author = {Hourcade, Juan Pablo and Bullock-Rest, Natasha E.},
	booktitle = {Proceedings of the SIGCHI Conference on Human Factors in Computing Systems},
	doi = {10.1145/1978942.1979005},
	isbn = {9781450302289},
	keywords = {war, software, technology, research agenda, causes of conflict, peace, empathy, compassion},
	location = {Vancouver, BC, Canada},
	numpages = {10},
	pages = {443--452},
	publisher = {Association for Computing Machinery},
	series = {CHI '11},
	title = {HCI for Peace: A Call for Constructive Action},
	url = {https://doi.org/10.1145/1978942.1979005},
	year = {2011},
	bdsk-url-1 = {https://doi.org/10.1145/1978942.1979005}}

@inproceedings{jahanbakhsh2023exploring,
  title={Exploring the use of personalized AI for identifying misinformation on social media},
  author={Jahanbakhsh, Farnaz and Katsis, Yannis and Wang, Dakuo and Popa, Lucian and Muller, Michael},
  booktitle={Proceedings of the 2023 CHI Conference on Human Factors in Computing Systems},
  pages={1--27},
  year={2023}
}

@inproceedings{jahanbakhsh2024browser,
  title={A Browser Extension for in-place Signaling and Assessment of Misinformation},
  author={Jahanbakhsh, Farnaz and Karger, David R},
  booktitle={Proceedings of the CHI Conference on Human Factors in Computing Systems},
  pages={1--21},
  year={2024}
}

@article{jhaver2021evaluating,
  title={Evaluating the effectiveness of deplatforming as a moderation strategy on Twitter},
  author={Jhaver, Shagun and Boylston, Christian and Yang, Diyi and Bruckman, Amy},
  journal={ACM on Human-Computer Interaction},
  volume={5},
  number={CSCW2},
  pages={1--30},
  year={2021},
  publisher={ACM New York, NY, USA}
}

@article{jhaver2023personalizing,
  title={Personalizing content moderation on social media: User perspectives on moderation choices, interface design, and labor},
  author={Jhaver, Shagun and Zhang, Alice Qian and Chen, Quan Ze and Natarajan, Nikhila and Wang, Ruotong and Zhang, Amy X},
  journal={ACM on Human-Computer Interaction},
  volume={7},
  number={CSCW2},
  pages={1--33},
  year={2023},
  publisher={ACM New York, NY, USA}
}

@inproceedings{khairova2023first,
  title={A First Attempt to Detect Misinformation in Russia-Ukraine War News through Text Similarity},
  author={Khairova, Nina and Ivasiuk, Bogdan and LO SCUDO, Fabrizio and Comito, Carmela and Galassi, Andrea and others},
  booktitle={Proceedings of the 4th Conference on Language, Data and Knowledge (LDK)},
  pages={559--564},
  year={2023},
  organization={NOVA CLUNL}
}

@inproceedings{la2023retrieving,
  title={Retrieving false claims on Twitter during the Russia-Ukraine conflict},
  author={La Gatta, Valerio and Wei, Chiyu and Luceri, Luca and Pierri, Francesco and Ferrara, Emilio},
  booktitle={Companion Proceedings of the ACM Web Conference 2023},
  pages={1317--1323},
  year={2023}
}

@article{lai2024multilingual,
  title={A multilingual analysis of pro Russian misinformation on Twitter during the Russian invasion of Ukraine},
  author={Lai, Cameron and Toriumi, Fujio and Yoshida, Mitsuo},
  journal={Scientific Reports},
  volume={14},
  number={1},
  pages={10155},
  year={2024},
  publisher={Nature Publishing Group UK London}
}

@article{linvill2020troll,
  title={Troll factories: Manufacturing specialized disinformation on Twitter},
  author={Linvill, Darren L and Warren, Patrick L},
  journal={Political Communication},
  volume={37},
  number={4},
  pages={447--467},
  year={2020},
  publisher={Taylor \& Francis}
}

@article{mcinnes2018umap,
  title={Umap: Uniform manifold approximation and projection for dimension reduction},
  author={McInnes, Leland and Healy, John and Melville, James},
  journal={arXiv preprint arXiv:1802.03426},
  year={2018}
}

@article{pierri2023does,
  title={How does Twitter account moderation work? Dynamics of account creation and suspension on Twitter during major geopolitical events},
  author={Pierri, Francesco and Luceri, Luca and Chen, Emily and Ferrara, Emilio},
  journal={EPJ Data Science},
  volume={12},
  number={1},
  pages={43},
  year={2023},
  publisher={Springer Berlin Heidelberg}
}

@inproceedings{pierri2023propaganda,
  title={Propaganda and misinformation on Facebook and Twitter during the Russian invasion of Ukraine},
  author={Pierri, Francesco and Luceri, Luca and Jindal, Nikhil and Ferrara, Emilio},
  booktitle={Proceedings of the 15th ACM web science conference 2023},
  pages={65--74},
  year={2023}
}

@article{primig2023remixing,
  title={Remixing war: An analysis of the reimagination of the Russian--Ukraine war on TikTok},
  author={Primig, Florian and Szab{\'o}, Hanna Dorottya and Lacasa, Pilar},
  journal={Frontiers in Political Science},
  volume={5},
  pages={1085149},
  year={2023},
  publisher={Frontiers Media SA}
}

@inproceedings{ronzhyn2023collective,
  title={Collective Action on Facebook and Telegram During the Russia--Ukraine War},
  author={Ronzhyn, Alexander and Cardenal, Ana Sofia and Batlle, Albert},
  booktitle={European Conference on Social Media},
  volume={10},
  number={1},
  pages={223--230},
  year={2023}
}

@inproceedings{schmuser2024analyzing,
  title={Analyzing Security and Privacy Advice During the 2022 Russian Invasion of Ukraine on Twitter},
  author={Schm{\"u}ser, Juliane and Sri Ramulu, Harshini and W{\"o}hler, Noah and Stransky, Christian and Bensmann, Felix and Dimitrov, Dimitar and Schellhammer, Sebastian and Wermke, Dominik and Dietze, Stefan and Acar, Yasemin and others},
  booktitle={Proceedings of the CHI Conference on Human Factors in Computing Systems},
  pages={1--16},
  year={2024}
}

@inproceedings{sohrawardi2024dungeons,
  title={Dungeons \& Deepfakes: Using scenario-based role-play to study journalists' behavior towards using AI-based verification tools for video content},
  author={Sohrawardi, Saniat Javid and Wu, Y Kelly and Hickerson, Andrea and Wright, Matthew},
  booktitle={Proceedings of the CHI Conference on Human Factors in Computing Systems},
  pages={1--17},
  year={2024}
}

@article{soprano2024cognitive,
title = {Cognitive Biases in Fact-Checking and Their Countermeasures: A Review},
journal = {Information Processing & Management},
volume = {61},
number = {3},
pages = {103672},
year = {2024},
issn = {0306-4573},
doi = {https://doi.org/10.1016/j.ipm.2024.103672},
url = {https://www.sciencedirect.com/science/article/pii/S0306457324000323},
author = {Michael Soprano and Kevin Roitero and David {La Barbera} and Davide Ceolin and Damiano Spina and Gianluca Demartini and Stefano Mizzaro},
keywords = {Cognitive bias, Misinformation, Fact-checking, Truthfulness assessment},
}

@inproceedings{toraman2024mide22,
  title={MiDe22: An Annotated Multi-Event Tweet Dataset for Misinformation Detection},
  author={Toraman, Cagri and Ozcelik, Oguzhan and {\c{S}}ahinu{\c{c}}, Furkan and Can, Fazli},
  booktitle={Proceedings of the 2024 Joint International Conference on Computational Linguistics, Language Resources and Evaluation (LREC-COLING 2024)},
  pages={11283--11295},
  year={2024}
}

@inproceedings{wilner2023s,
  title={It’s About Time: Attending to Temporality in Misinformation Interventions},
  author={Wilner, Tamar and Mimizuka, Kayo and Bhimdiwala, Ayesha and Young, Jason C and Arif, Ahmer},
  booktitle={Proceedings of the 2023 CHI Conference on Human Factors in Computing Systems},
  pages={1--19},
  year={2023}
}

@inproceedings{zannettou2021won,
  title={" I Won the Election!": an empirical analysis of soft moderation interventions on Twitter},
  author={Zannettou, Savvas},
  booktitle={Proceedings of the international AAAI conference on web and social media},
  volume={15},
  pages={865--876},
  year={2021}
}

@inproceedings{zavolokina2024think,
  title={Think fast, think slow, think critical: designing an automated propaganda detection tool},
  author={Zavolokina, Liudmila and Sprenkamp, Kilian and Katashinskaya, Zoya and Jones, Daniel Gordon and Schwabe, Gerhard},
  booktitle={Proceedings of the CHI Conference on Human Factors in Computing Systems},
  pages={1--24},
  year={2024}
}

@article{zhao2024manufacturing,
  title={Manufacturing conflict or advocating peace? A study of social bots agenda building in the Twitter discussion of the Russia-Ukraine war},
  author={Zhao, Bei and Ren, Wujiong and Zhu, Yicheng and Zhang, Hongzhong},
  journal={Journal of Information Technology \& Politics},
  volume={21},
  number={2},
  pages={176--194},
  year={2024},
  publisher={Taylor \& Francis}
}

@inproceedings{zhou2023synthetic,
  title={Synthetic lies: Understanding ai-generated misinformation and evaluating algorithmic and human solutions},
  author={Zhou, Jiawei and Zhang, Yixuan and Luo, Qianni and Parker, Andrea G and De Choudhury, Munmun},
  booktitle={Proceedings of the 2023 CHI Conference on Human Factors in Computing Systems},
  pages={1--20},
  year={2023}
}

