@book{von1885kriege,
  title={Vom kriege: Hinterlassenes werk des generals Carl von Clausewitz},
  author={Von Clausewitz, Carl and von Scherff, Wilhelm},
  year={1885},
  publisher={R. Wilhelmi}
}




@inproceedings{shahi2021amused,
  title={Amused: an annotation framework of multimodal social media data},
  author={Shahi, Gautam Kishore and Majchrzak, Tim A},
  booktitle={International Conference on Intelligent Technologies and Applications},
  pages={287--299},
  year={2021},
  organization={Springer}
}

@inproceedings{albota2022war,
  title={War implications in the Reddit news feed: semantic analysis},
  author={Albota, Solomiia},
  booktitle={2022 IEEE 17th International Conference on Computer Sciences and Information Technologies (CSIT)},
  pages={99--102},
  year={2022},
  organization={IEEE}
}

@inproceedings{alieva2022investigating,
  title={Investigating the spread of Russian disinformation about biolabs in Ukraine on Twitter using social network analysis},
  author={Alieva, Iuliia and Ng, Lynnette Hui Xian and Carley, Kathleen M},
  booktitle={2022 IEEE international conference on big data (big data)},
  pages={1770--1775},
  year={2022},
  organization={IEEE}
}

@article{barbera2015critical,
  title={The critical periphery in the growth of social protests},
  author={Barber{\'a}, Pablo and Wang, Ning and Bonneau, Richard and Jost, John T and Nagler, Jonathan and Tucker, Joshua and Gonz{\'a}lez-Bail{\'o}n, Sandra},
  journal={PloS one},
  volume={10},
  number={11},
  pages={e0143611},
  year={2015},
  publisher={Public Library of Science San Francisco, CA USA}
}

@article{boyte2017analysis,
  title={An analysis of the social-media technology, tactics, and narratives used to control perception in the propaganda war over Ukraine},
  author={Boyte, Kenneth J},
  journal={Journal of Information Warfare},
  volume={16},
  number={1},
  pages={88--111},
  year={2017},
  publisher={JSTOR}
}

@article{bruns2006wikinews,
  title={Wikinews: The next generation of alternative online news?},
  author={Bruns, Axel},
  journal={Scan (Sydney): journal of media arts culture},
  volume={3},
  number={1},
  pages={1--5},
  year={2006},
  publisher={Macquarie University, Sydney}
}


@inproceedings{chen2023tweets,
  title={Tweets in time of conflict: A public dataset tracking the twitter discourse on the war between Ukraine and Russia},
  author={Chen, Emily and Ferrara, Emilio},
  booktitle={Proceedings of the International AAAI Conference on Web and social media},
  volume={17},
  pages={1006--1013},
  year={2023}
}

@inproceedings{davis2016botornot,
  title={Botornot: A system to evaluate social bots},
  author={Davis, Clayton Allen and Varol, Onur and Ferrara, Emilio and Flammini, Alessandro and Menczer, Filippo},
  booktitle={Proceedings of the 25th international conference companion on world wide web},
  pages={273--274},
  year={2016}
}

@inproceedings{de2023twitter,
  title={Twitter bots influence on the russo-ukrainian war during the 2022 italian general elections},
  author={De Faveri, Francesco Luigi and Cosuti, Luca and Tricomi, Pier Paolo and Conti, Mauro},
  booktitle={International Symposium on Security and Privacy in Social Networks and Big Data},
  pages={38--57},
  year={2023},
  organization={Springer}
}

@article{etta2024topology,
  title={A Topology-Based Approach for Predicting Toxic Outcomes on Twitter and YouTube},
  author={Etta, Gabriele and Cinelli, Matteo and Di Marco, Niccolo and Avalle, Michele and Panconesi, Alessandro and Quattrociocchi, Walter},
  journal={IEEE Transactions on Network Science and Engineering},
  year={2024},
  publisher={IEEE}
}

@inproceedings{freeman2023seeing,
  title={Seeing Through the Fog: The Impact of Information Operations on War Crimes Investigations in Ukraine},
  author={Freeman, Lindsay},
  booktitle={2023 15th International Conference on Cyber Conflict: Meeting Reality (CyCon)},
  pages={365--379},
  year={2023},
  organization={IEEE}
}

@article{geissler2023russian,
  title={Russian propaganda on social media during the 2022 invasion of Ukraine},
  author={Geissler, Dominique and B{\"a}r, Dominik and Pr{\"o}llochs, Nicolas and Feuerriegel, Stefan},
  journal={EPJ Data Science},
  volume={12},
  number={1},
  pages={35},
  year={2023},
  publisher={Springer Berlin Heidelberg}
}

@inproceedings{gerard2023truth,
  title={Truth social dataset},
  author={Gerard, Patrick and Botzer, Nicholas and Weninger, Tim},
  booktitle={Proceedings of the International AAAI Conference on Web and Social Media},
  volume={17},
  pages={1034--1040},
  year={2023}
}

@article{hameleers2023mistakenly,
  title={Mistakenly misinformed or intentionally deceived? Mis-and Disinformation perceptions on the Russian War in Ukraine among citizens in 19 countries},
  author={Hameleers, Michael and Tulin, Marina and De Vreese, Claes and Aalberg, Toril and Van Aelst, Peter and Cardenal, Ana Sofia and Corbu, Nicoleta and Van Erkel, Patrick and Esser, Frank and Gehle, Luisa and others},
  journal={European Journal of Political Research},
  year={2023},
  publisher={Wiley Online Library}
}

@inproceedings{hanley2023special,
  title={" A Special Operation": A Quantitative Approach to Dissecting and Comparing Different Media Ecosystems’ Coverage of the Russo-Ukrainian War},
  author={Hanley, Hans WA and Kumar, Deepak and Durumeric, Zakir},
  booktitle={Proceedings of the International AAAI Conference on Web and social media},
  volume={17},
  pages={339--350},
  year={2023}
}

@inproceedings{hanley2023happenstance,
  title={Happenstance: utilizing semantic search to track Russian state media narratives about the Russo-Ukrainian war on Reddit},
  author={Hanley, Hans WA and Kumar, Deepak and Durumeric, Zakir},
  booktitle={Proceedings of the international AAAI conference on web and social media},
  volume={17},
  pages={327--338},
  year={2023}
}




@inproceedings{khairova2023first,
  title={A First Attempt to Detect Misinformation in Russia-Ukraine War News through Text Similarity},
  author={Khairova, Nina and Ivasiuk, Bogdan and LO SCUDO, Fabrizio and Comito, Carmela and Galassi, Andrea and others},
  booktitle={Proceedings of the 4th Conference on Language, Data and Knowledge (LDK)},
  pages={559--564},
  year={2023},
  organization={NOVA CLUNL}
}

@inproceedings{la2023retrieving,
  title={Retrieving false claims on Twitter during the Russia-Ukraine conflict},
  author={La Gatta, Valerio and Wei, Chiyu and Luceri, Luca and Pierri, Francesco and Ferrara, Emilio},
  booktitle={Companion Proceedings of the ACM Web Conference 2023},
  pages={1317--1323},
  year={2023}
}

@article{lai2024multilingual,
  title={A multilingual analysis of pro Russian misinformation on Twitter during the Russian invasion of Ukraine},
  author={Lai, Cameron and Toriumi, Fujio and Yoshida, Mitsuo},
  journal={Scientific Reports},
  volume={14},
  number={1},
  pages={10155},
  year={2024},
  publisher={Nature Publishing Group UK London}
}

@article{linvill2020troll,
  title={Troll factories: Manufacturing specialized disinformation on Twitter},
  author={Linvill, Darren L and Warren, Patrick L},
  journal={Political Communication},
  volume={37},
  number={4},
  pages={447--467},
  year={2020},
  publisher={Taylor \& Francis}
}

@article{mcinnes2018umap,
  title={Umap: Uniform manifold approximation and projection for dimension reduction},
  author={McInnes, Leland and Healy, John and Melville, James},
  journal={arXiv preprint arXiv:1802.03426},
  year={2018}
}

@inproceedings{mejova2021youtubing,
  title={Youtubing at home: Media sharing behavior change as proxy for mobility around covid-19 lockdowns},
  author={Mejova, Yelena and Kourtellis, Nicolas},
  booktitle={Proceedings of the 13th ACM Web Science Conference 2021},
  pages={272--281},
  year={2021}
}

@article{paoletti2024political,
  title={Political context of the European vaccine debate on Twitter},
  author={Paoletti, Giordano and Dall’Amico, Lorenzo and Kalimeri, Kyriaki and Lenti, Jacopo and Mejova, Yelena and Paolotti, Daniela and Starnini, Michele and Tizzani, Michele},
  journal={Scientific reports},
  volume={14},
  number={1},
  year={2024},
  publisher={Nature Publishing Group UK London}
}

@article{pierri2023does,
  title={How does Twitter account moderation work? Dynamics of account creation and suspension on Twitter during major geopolitical events},
  author={Pierri, Francesco and Luceri, Luca and Chen, Emily and Ferrara, Emilio},
  journal={EPJ Data Science},
  volume={12},
  number={1},
  pages={43},
  year={2023},
  publisher={Springer Berlin Heidelberg}
}


@inproceedings{pohl2023invasion,
  title={Invasion@ Ukraine: providing and describing a twitter streaming dataset that captures the outbreak of war between Russia and Ukraine in 2022},
  author={Pohl, Janina Susanne and Markmann, Simon and Assenmacher, Dennis and Grimme, Christian},
  booktitle={Proceedings of the International AAAI Conference on Web and Social Media},
  volume={17},
  pages={1093--1101},
  year={2023}
}

@article{primig2023remixing,
  title={Remixing war: An analysis of the reimagination of the Russian--Ukraine war on TikTok},
  author={Primig, Florian and Szab{\'o}, Hanna Dorottya and Lacasa, Pilar},
  journal={Frontiers in Political Science},
  volume={5},
  pages={1085149},
  year={2023},
  publisher={Frontiers Media SA}
}

@article{robinson2023casual,
  title={The Casual Observer: Low-Activity Twitter Users as Arbiters of (Mis) Information in the War in Ukraine},
  author={Robinson, Jessica Yarin},
  journal={ESSACHESS-Journal for Communication Studies},
  volume={16},
  number={31 (1)},
  pages={115--134},
  year={2023},
  publisher={Essachess}
}

@inproceedings{ronzhyn2023collective,
  title={Collective Action on Facebook and Telegram During the Russia--Ukraine War},
  author={Ronzhyn, Alexander and Cardenal, Ana Sofia and Batlle, Albert},
  booktitle={European Conference on Social Media},
  volume={10},
  number={1},
  pages={223--230},
  year={2023}
}


@techreport{trebesch2023ukraine,
  title={The Ukraine support tracker: Which countries help Ukraine and how?},
  author={Trebesch, Christoph and Antezza, Arianna and Bushnell, Katelyn and Frank, Andr{\'e} and Frank, Pascal and Franz, Lukas and Kharitonov, Ivan and Kumar, Bharath and Rebinskaya, Ekaterina and Schramm, Stefan},
  year={2023},
  institution={KIEL working paper}
}

@article{clausewitz1966kriege,
  title={Vom Kriege: hinterlassenes Werk des General Carl von Clausewitz},
  author={Clausewitz, Carl von and Schlieffen, Grafen von},
  journal={(No Title)},
  year={1966}
}


@inproceedings{zannettou2021won,
  title={" I Won the Election!": an empirical analysis of soft moderation interventions on Twitter},
  author={Zannettou, Savvas},
  booktitle={Proceedings of the international AAAI conference on web and social media},
  volume={15},
  pages={865--876},
  year={2021}
}

@article{zhao2024manufacturing,
  title={Manufacturing conflict or advocating peace? A study of social bots agenda building in the Twitter discussion of the Russia-Ukraine war},
  author={Zhao, Bei and Ren, Wujiong and Zhu, Yicheng and Zhang, Hongzhong},
  journal={Journal of Information Technology \& Politics},
  volume={21},
  number={2},
  pages={176--194},
  year={2024},
  publisher={Taylor \& Francis}
}

@misc{crawford2022ukraine,
    author = "{Crawford,Angus and Smith, Tony}",
    title = {{Ukraine war: Investigation finds hundreds of fake charity websites}},
    howpublished = {\url{https://www.bbc.com/news/uk-61079742}},
    note = {Online; accessed 05th September 2024} ,
    year=2024,
}


@misc{ivshina2024russia,
    author = "{Ivshina, Olga and Dale, Becky and Brewer, Kirstie }",
    title = {{Russia's meat grinder soldiers - 50,000 confirmed dead}},
    howpublished = {\url{https://www.bbc.com/news/world-68819853}},
    note = {Online; accessed 05th September 2024} ,
    year=2024,
}

@misc{krastev2024wars,
    author = "{Krastev, Ivan and  Leonard, Mark}",
    title = {{Wars and elections: How European leaders can maintain public support for Ukraine}},
    howpublished = {\url{https://www.bbc.com/news/world-68819853}},
    note = {Online; accessed 05th September 2024} ,
    year=2024,
}

@article{kazemi2022research,
  title={Research note: Tiplines to uncover misinformation on encrypted platforms: A case study of the 2019 Indian general election on WhatsApp},
  author={Kazemi, Ashkan and Garimella, Kiran and Shahi, Gautam Kishore and Gaffney, Devin and Hale, Scott A},
  journal={Harvard Kennedy School Misinformation Review},
  volume={3},
  number={1},
  year={2022},
  publisher={Shorenstein Center on Media, Politics and Public Policy, Harvard Kennedy School}
}


@inproceedings{yang2020scalable,
  title={Scalable and generalizable social bot detection through data selection},
  author={Yang, Kai-Cheng and Varol, Onur and Hui, Pik-Mai and Menczer, Filippo},
  booktitle={Proceedings of the AAAI conference on artificial intelligence},
  volume={34},
  number={01},
  pages={1096--1103},
  year={2020}
}

@inproceedings{pierri2023propaganda,
  title={Propaganda and misinformation on Facebook and Twitter during the Russian invasion of Ukraine},
  author={Pierri, Francesco and Luceri, Luca and Jindal, Nikhil and Ferrara, Emilio},
  booktitle={Proceedings of the 15th ACM web science conference 2023},
  pages={65--74},
  year={2023}
}

@article{haq2022twitter,
  title={Twitter dataset for 2022 russo-ukrainian crisis},
  author={Haq, Ehsan-Ul and Tyson, Gareth and Lee, Lik-Hang and Braud, Tristan and Hui, Pan},
  journal={arXiv preprint arXiv:2203.02955},
  year={2022}
}

@misc{osome2024,
    author = "{OsoMe}",
    title = {{Suspicious Twitter Activity around the Russian Invasion of Ukraine}},
    howpublished = {\url{https://osome.iu.edu/research/white-papers/Ukraine_OSoMe_White_Paper_March_2022.pdf}},
    note = {Online; accessed 05th September 2024} ,
    year=2024,
}


@article{aguerri2024fight,
  title={The fight against disinformation and its consequences: Measuring the impact of “Russia state-affiliated media” on Twitter},
  author={Aguerri, Jes{\'u}s C and Santisteban, Mario and Mir{\'o}-Llinares, Fernando},
  journal={Crime Science},
  volume={13},
  number={1},
  pages={17},
  year={2024},
  publisher={Springer}
}

@inproceedings{toraman2024mide22,
  title={MiDe22: An Annotated Multi-Event Tweet Dataset for Misinformation Detection},
  author={Toraman, Cagri and Ozcelik, Oguzhan and {\c{S}}ahinu{\c{c}}, Furkan and Can, Fazli},
  booktitle={Proceedings of the 2024 Joint International Conference on Computational Linguistics, Language Resources and Evaluation (LREC-COLING 2024)},
  pages={11283--11295},
  year={2024}
}

@inproceedings{darwish2023identifying,
  title={Identifying fake news in the russian-ukrainian conflict using machine learning},
  author={Darwish, Omar and Tashtoush, Yahya and Maabreh, Majdi and Al-essa, Rana and Aln’uman, Ruba and Alqublan, Ammar and Abualkibash, Munther and Elkhodr, Mahmoud},
  booktitle={International Conference on Advanced Information Networking and Applications},
  pages={546--557},
  year={2023},
  organization={Springer}
}

@article{ferdush2023detecting,
  title={Detecting Fake News of Evolving Events using Machine Learning: Case of Russia-Ukraine War},
  author={Ferdush, Jannatul and Kamruzzaman, Joarder and Karmakar, Gour and Gondal, Iqbal and Das, Raj},
  year={2023}
}

@inproceedings{jahanbakhsh2024browser,
  title={A Browser Extension for in-place Signaling and Assessment of Misinformation},
  author={Jahanbakhsh, Farnaz and Karger, David R},
  booktitle={Proceedings of the CHI Conference on Human Factors in Computing Systems},
  pages={1--21},
  year={2024}
}

@inproceedings{wilner2023s,
  title={It’s About Time: Attending to Temporality in Misinformation Interventions},
  author={Wilner, Tamar and Mimizuka, Kayo and Bhimdiwala, Ayesha and Young, Jason C and Arif, Ahmer},
  booktitle={Proceedings of the 2023 CHI Conference on Human Factors in Computing Systems},
  pages={1--19},
  year={2023}
}

@inproceedings{zhou2023synthetic,
  title={Synthetic lies: Understanding ai-generated misinformation and evaluating algorithmic and human solutions},
  author={Zhou, Jiawei and Zhang, Yixuan and Luo, Qianni and Parker, Andrea G and De Choudhury, Munmun},
  booktitle={Proceedings of the 2023 CHI Conference on Human Factors in Computing Systems},
  pages={1--20},
  year={2023}
}

@inproceedings{jahanbakhsh2023exploring,
  title={Exploring the use of personalized AI for identifying misinformation on social media},
  author={Jahanbakhsh, Farnaz and Katsis, Yannis and Wang, Dakuo and Popa, Lucian and Muller, Michael},
  booktitle={Proceedings of the 2023 CHI Conference on Human Factors in Computing Systems},
  pages={1--27},
  year={2023}
}

@inproceedings{guntrum2024keyboard,
  title={Keyboard Fighters: The Use of ICTs by Activists in Times of Military Coup in Myanmar},
  author={Guntrum, Laura Gianna},
  booktitle={Proceedings of the CHI Conference on Human Factors in Computing Systems},
  pages={1--19},
  year={2024}
}

@inproceedings{schmuser2024analyzing,
  title={Analyzing Security and Privacy Advice During the 2022 Russian Invasion of Ukraine on Twitter},
  author={Schm{\"u}ser, Juliane and Sri Ramulu, Harshini and W{\"o}hler, Noah and Stransky, Christian and Bensmann, Felix and Dimitrov, Dimitar and Schellhammer, Sebastian and Wermke, Dominik and Dietze, Stefan and Acar, Yasemin and others},
  booktitle={Proceedings of the CHI Conference on Human Factors in Computing Systems},
  pages={1--16},
  year={2024}
}

@inproceedings{zavolokina2024think,
  title={Think fast, think slow, think critical: designing an automated propaganda detection tool},
  author={Zavolokina, Liudmila and Sprenkamp, Kilian and Katashinskaya, Zoya and Jones, Daniel Gordon and Schwabe, Gerhard},
  booktitle={Proceedings of the CHI Conference on Human Factors in Computing Systems},
  pages={1--24},
  year={2024}
}

@inproceedings{sohrawardi2024dungeons,
  title={Dungeons \& Deepfakes: Using scenario-based role-play to study journalists' behavior towards using AI-based verification tools for video content},
  author={Sohrawardi, Saniat Javid and Wu, Y Kelly and Hickerson, Andrea and Wright, Matthew},
  booktitle={Proceedings of the CHI Conference on Human Factors in Computing Systems},
  pages={1--17},
  year={2024}
}

@inproceedings{hartwig2024adolescents,
  title={From Adolescents' Eyes: Assessing an Indicator-Based Intervention to Combat Misinformation on TikTok},
  author={Hartwig, Katrin and Biselli, Tom and Schneider, Franziska and Reuter, Christian},
  booktitle={Proceedings of the CHI Conference on Human Factors in Computing Systems},
  pages={1--20},
  year={2024}
}

@inproceedings{cannanure2023chi,
	address = {New York, NY, USA},
	articleno = {351},
	author = {Cannanure, Vikram Kamath and Varghese, Delvin and Rivera-Loaiza, Cuauht\'{e}moc and Noor, Faria and Das, Dipto and Jain, Pranjal and Chang, Meiyin and Wong-Villacres, Marisol and Karusala, Naveena and Ahmed, Nova and Till, Sarina C and Akhigbe, Bernard Ijesunor and Densmore, Melissa and Dray, Susan and Sturm, Christian and Kumar, Neha},
	booktitle = {Extended Abstracts of the 2023 CHI Conference on Human Factors in Computing Systems},
	doi = {10.1145/3544549.3573806},
	isbn = {9781450394222},
	keywords = {HCI Across Borders, Cultural Diversity, HCI and Global Development, Geographic Diversity},
	location = {Hamburg, Germany},
	numpages = {5},
	publisher = {Association for Computing Machinery},
	series = {CHI EA '23},
	title = {HCI Across Borders: Towards Global Solidarity},
	url = {https://doi.org/10.1145/3544549.3573806},
	year = {2023},
	bdsk-url-1 = {https://doi.org/10.1145/3544549.3573806}}


@inproceedings{hourcade2011chi,
	address = {New York, NY, USA},
	author = {Hourcade, Juan Pablo and Bullock-Rest, Natasha E.},
	booktitle = {Proceedings of the SIGCHI Conference on Human Factors in Computing Systems},
	doi = {10.1145/1978942.1979005},
	isbn = {9781450302289},
	keywords = {war, software, technology, research agenda, causes of conflict, peace, empathy, compassion},
	location = {Vancouver, BC, Canada},
	numpages = {10},
	pages = {443--452},
	publisher = {Association for Computing Machinery},
	series = {CHI '11},
	title = {HCI for Peace: A Call for Constructive Action},
	url = {https://doi.org/10.1145/1978942.1979005},
	year = {2011},
	bdsk-url-1 = {https://doi.org/10.1145/1978942.1979005}}

@article{soprano2024cognitive,
title = {Cognitive Biases in Fact-Checking and Their Countermeasures: A Review},
journal = {Information Processing & Management},
volume = {61},
number = {3},
pages = {103672},
year = {2024},
issn = {0306-4573},
doi = {https://doi.org/10.1016/j.ipm.2024.103672},
url = {https://www.sciencedirect.com/science/article/pii/S0306457324000323},
author = {Michael Soprano and Kevin Roitero and David {La Barbera} and Davide Ceolin and Damiano Spina and Gianluca Demartini and Stefano Mizzaro},
keywords = {Cognitive bias, Misinformation, Fact-checking, Truthfulness assessment},
}

@article{shahi2021exploratory,
  title={An exploratory study of COVID-19 misinformation on Twitter},
  author={Shahi, Gautam Kishore and Dirkson, Anne and Majchrzak, Tim A},
  journal={Online social networks and media},
  volume={22},
  pages={100104},
  year={2021},
  publisher={Elsevier}
}

@article{de2021internet,
	author = {de Saint Laurent, Constance and Gl{\u{a}}veanu, Vlad P and Literat, Ioana},
	journal = {Social Media+ Society},
	number = {1},
	pages = {2056305121988932},
	publisher = {SAGE Publications Sage UK: London, England},
	title = {Internet memes as partial stories: Identifying political narratives in coronavirus memes},
	volume = {7},
	year = {2021}}

@article{shahi2020fakecovid,
  title={FakeCovid--A multilingual cross-domain fact check news dataset for COVID-19},
  author={Shahi, Gautam Kishore and Nandini, Durgesh},
    booktitle={Proceedings of the workshop on cyber social threats, ICWSM Workshop},
   doi={https://doi.org/10.36190/2020.14},
url={https://workshop-proceedings.icwsm.org/abstract.php?id=2020\_14},
  year={2020}
}

@article{jhaver2023personalizing,
  title={Personalizing content moderation on social media: User perspectives on moderation choices, interface design, and labor},
  author={Jhaver, Shagun and Zhang, Alice Qian and Chen, Quan Ze and Natarajan, Nikhila and Wang, Ruotong and Zhang, Amy X},
  journal={ACM on Human-Computer Interaction},
  volume={7},
  number={CSCW2},
  pages={1--33},
  year={2023},
  publisher={ACM New York, NY, USA}
}

@article{jhaver2021evaluating,
  title={Evaluating the effectiveness of deplatforming as a moderation strategy on Twitter},
  author={Jhaver, Shagun and Boylston, Christian and Yang, Diyi and Bruckman, Amy},
  journal={ACM on Human-Computer Interaction},
  volume={5},
  number={CSCW2},
  pages={1--30},
  year={2021},
  publisher={ACM New York, NY, USA}
}

@article{peck2020problem,
  title={A problem of amplification: Folklore and fake news in the age of social media},
  author={Peck, Andrew},
  journal={Journal of American Folklore},
  volume={133},
  number={529},
  pages={329--351},
  year={2020},
  publisher={University of Illinois Press}
}

@article{scheufele2007framing,
  title={Framing, agenda setting, and priming: The evolution of three media effects models},
  author={Scheufele, Dietram A and Tewksbury, David},
  journal={Journal of communication},
  volume={57},
  number={1},
  pages={9--20},
  year={2007},
  publisher={Oxford University Press}
}

@article{ma2023users,
  title={How Do Users Experience Moderation?: A Systematic Literature Review},
  author={Ma, Renkai and You, Yue and Gui, Xinning and Kou, Yubo},
  journal={Proceedings of the ACM on Human-Computer Interaction},
  volume={7},
  number={CSCW2},
  pages={1--30},
  year={2023},
  publisher={ACM New York, NY, USA}
}

@article{gibson2019free,
  title={Free speech and safe spaces: How moderation policies shape online discussion spaces},
  author={Gibson, Anna},
  journal={Social Media+ Society},
  volume={5},
  number={1},
  pages={2056305119832588},
  year={2019},
  publisher={SAGE Publications Sage UK: London, England}
}

@article{prochazka2019making,
  title={Making sense of Facebook’s content moderation: A posthumanist perspective on communicative competence and internet memes},
  author={Proch{\'a}zka, Ond{\v{r}}ej},
  journal={Signs and Society},
  volume={7},
  number={3},
  pages={362--397},
  year={2019},
  publisher={The University of Chicago Press Chicago, IL}
}

@article{nurik2019men,
  title={“Men are scum”: Self-regulation, hate speech, and gender-based censorship on Facebook},
  author={Nurik, Chloe},
  journal={International Journal of Communication},
  volume={13},
  pages={21},
  year={2019}
}

@article{jhaver2019did,
  title={"Did you suspect the post would be removed? Understanding user reactions to content removals on Reddit},
  author={Jhaver, Shagun and Appling, Darren Scott and Gilbert, Eric and Bruckman, Amy},
  journal={Proceedings of the ACM on human-computer interaction},
  volume={3},
  number={CSCW},
  pages={1--33},
  year={2019},
  publisher={ACM New York, NY, USA}
}

@article{feuston2020conformity,
  title={Conformity of eating disorders through content moderation},
  author={Feuston, Jessica L and Taylor, Alex S and Piper, Anne Marie},
  journal={Proceedings of the ACM on Human-Computer Interaction},
  volume={4},
  number={CSCW1},
  pages={1--28},
  year={2020},
  publisher={ACM New York, NY, USA}
}

@article{sharevski2022mis,
  title={(Mis) perceptions and engagement on Twitter: COVID-19 vaccine rumors on efficacy and mass immunization effort},
  author={Sharevski, Filipo and Huff, Alice and Jachim, Peter and Pieroni, Emma},
  journal={International Journal of Information Management Data Insights},
  volume={2},
  number={1},
  pages={100059},
  year={2022},
  publisher={Elsevier}
}

@article{zhou2020survey,
  title={A survey of fake news: Fundamental theories, detection methods, and opportunities},
  author={Zhou, Xinyi and Zafarani, Reza},
  journal={ACM Computing Surveys (CSUR)},
  volume={53},
  number={5},
  pages={1--40},
  year={2020},
  publisher={ACM New York, NY, USA}
}

@article{lin2023high,
  title={High level of correspondence across different news domain quality rating sets},
  author={Lin, Hause and Lasser, Jana and Lewandowsky, Stephan and Cole, Rocky and Gully, Andrew and Rand, David G and Pennycook, Gordon},
  journal={PNAS nexus},
  volume={2},
  number={9},
  pages={pgad286},
  year={2023},
  publisher={Oxford University Press US}
}

@article{vaccaro2021contestability,
  title={Contestability for content moderation},
  author={Vaccaro, Kristen and Xiao, Ziang and Hamilton, Kevin and Karahalios, Karrie},
  journal={Proceedings of the ACM on human-computer interaction},
  volume={5},
  number={CSCW2},
  pages={1--28},
  year={2021},
  publisher={ACM New York, NY, USA}
}

@misc{kari2021twitter,
    author = {Paul, Kari},
    title = {Twitter targets Covid vaccine misinformation with labels and 'strike' system},
    howpublished = {\url{https://www.theguardian.com/technology/2021/mar/01/twitter-coronavirus-vaccine-misinformation-labels}},
    note = {The Guardian. Online; accessed 10th September 2024} ,
    year=2021,
}

@article{wilson2020hate,
  title={Hate speech on social media: Content moderation in context},
  author={Wilson, Richard Ashby and Land, Molly K},
  journal={Conn. L. Rev.},
  volume={52},
  pages={1029},
  year={2020},
  publisher={HeinOnline}
}


@book{von1883kriege,
  title={On war: The works left behind by general Carl von Clausewitz. Vom kriege: Hinterlassenes werk des generals Carl von Clausewitz},
  author={Von Clausewitz, Carl and von Scherff, Wilhelm},
  year={1883},
  publisher={R. Wilhelmi}
}