@InProceedings{Poesina-ACL-2024,
  author    = {Poesina, Eduard Gabriel and Caragea, Cornelia and Ionescu, Radu Tudor},
  title     = "{A Novel Cartography-Based Curriculum Learning Method Applied on RoNLI: The First Romanian Natural Language Inference Corpus}",
  booktitle = {Proceedings of the 62nd Annual Meeting of the Association for Computational Linguistics (ACL)},
  publisher = {Association for Computational Linguistics},
  year      = {2024},
pages={236--253},
url = "https://aclanthology.org/2024.acl-long.15/",
    doi = "10.18653/v1/2024.acl-long.15",
  }

@inproceedings{Liu-CVPR-2022,
  title="{ACPL: Anti-curriculum Pseudo-labelling for Semi-supervised Medical Image Classification}",
  author={Liu, Fengbei and Tian, Yu and Chen, Yuanhong and Liu, Yuyuan and Belagiannis, Vasileios and Carneiro, Gustavo},
  booktitle={Proceedings of the IEEE/CVF Conference on Computer Vision and Pattern Recognition},
  pages={20697--20706},
  year={2022},
  doi={10.1109/CVPR52688.2022.02004},
publisher = {IEEE}
}

@inproceedings{Baccianella-LREC-2010,
    title = "{{S}enti{W}ord{N}et 3.0: An Enhanced Lexical Resource for Sentiment Analysis and Opinion Mining}",
    author = "Baccianella, Stefano  and
      Esuli, Andrea  and
      Sebastiani, Fabrizio",
    booktitle = "Proceedings of the Seventh International Conference on Language Resources and Evaluation (LREC)",
    year = "2010",
    publisher = "European Language Resources Association",
    url = "https://aclanthology.org/L10-1531/",
pages={2200-2024}
}

@InProceedings{Kestemont-CLEF-2019,
  author =                   {Mike Kestemont and Efstathios Stamatatos and Enrique Manjavacas and Walter Daelemans and Martin Potthast and Benno Stein},
  booktitle =                {Working Notes Papers of the CLEF 2019 Evaluation Labs},
  series =                   {CEUR Workshop Proceedings},
  title =                    "{Overview of the Cross-domain Authorship Attribution Task at PAN 2019}",
  url =                      {https://ceur-ws.org/Vol-2380/paper_264.pdf},
  volume =                   2380,
  year =                     2019
}

@inproceedings{Lang-ICML-1995,
author = {Lang, Ken},
title = "{NewsWeeder: Learning to Filter Netnews}",
year = {1995},
publisher = {Morgan Kaufmann Publishers Inc.},
booktitle = {Proceedings of the Twelfth International Conference on Machine Learning (ICML)},
pages = {331--339},
doi = {https://doi.org/10.1016/B978-1-55860-377-6.50048-7},
url = {https://www.sciencedirect.com/science/article/pii/B9781558603776500487},
}

@misc{Lewis-UCI-1987,
  author       = {Lewis, David},
  title        = {{Reuters-21578 Text Categorization Collection}},
  year         = {1987},
  howpublished = {UCI Machine Learning Repository},
  doi={https://doi.org/10.24432/C52G6M}
}

@inproceedings{Socher-EMNLP-2013,
    title = "Recursive Deep Models for Semantic Compositionality Over a Sentiment Treebank",
    author = "Socher, Richard  and
      Perelygin, Alex  and
      Wu, Jean  and
      Chuang, Jason  and
      Manning, Christopher D.  and
      Ng, Andrew  and
      Potts, Christopher",
    booktitle = "Proceedings of the 2013 Conference on Empirical Methods in Natural Language Processing (EMNLP)",
    year = "2013",
    publisher = "Association for Computational Linguistics",
    url = "https://www.aclweb.org/anthology/D13-1170",
    pages = "1631--1642",
}

@inproceedings{Wettig-ECAL-2023,
    title = "Should You Mask 15{\%} in Masked Language Modeling?",
    author = "Wettig, Alexander  and
      Gao, Tianyu  and
      Zhong, Zexuan  and
      Chen, Danqi",
    booktitle = "Proceedings of the 17th Conference of the European Chapter of the Association for Computational Linguistics (EACL)",
    year = "2023",
    publisher = "Association for Computational Linguistics",
    url = "https://aclanthology.org/2023.eacl-main.217/",
    doi = "10.18653/v1/2023.eacl-main.217",
    pages = "2985--3000",
}

@inproceedings{Huang-EMNLP-2021,
    title = "Balancing Methods for Multi-label Text Classification with Long-Tailed Class Distribution",
    author = {Huang, Yi  and
      Giledereli, Buse  and
      K{\"o}ksal, Abdullatif  and
      {\"O}zg{\"u}r, Arzucan  and
      Ozkirimli, Elif},
    booktitle = "Proceedings of the 2021 Conference on Empirical Methods in Natural Language Processing (EMNLP)",
    year = "2021",
    publisher = "Association for Computational Linguistics",
    url = "https://aclanthology.org/2021.emnlp-main.643/",
    doi = "10.18653/v1/2021.emnlp-main.643",
    pages = "8153--8161",
}

@inproceedings{Ankner-EACL-2024,
    title = "Dynamic Masking Rate Schedules for {MLM} Pretraining",
    author = "Ankner, Zachary  and
      Saphra, Naomi  and
      Blalock, Davis  and
      Frankle, Jonathan  and
      Leavitt, Matthew",
    booktitle = "Proceedings of the 18th Conference of the European Chapter of the Association for Computational Linguistics (EACL)",
    year = "2024",
    publisher = "Association for Computational Linguistics",
    url = "https://aclanthology.org/2024.eacl-short.42/",
    pages = "477--487",
}

@inproceedings{Yang-ACL-2023,
    title = "Learning Better Masking for Better Language Model Pre-training",
    author = "Yang, Dongjie  and
      Zhang, Zhuosheng  and
      Zhao, Hai",
    booktitle = "Proceedings of the 61st Annual Meeting of the Association for Computational Linguistics (ACL)",
    year = "2023",
    publisher = "Association for Computational Linguistics",
    url = "https://aclanthology.org/2023.acl-long.400/",
    doi = "10.18653/v1/2023.acl-long.400",
    pages = "7255--7267",
}

@book{Aho:72,
    author  = {Alfred V. Aho and Jeffrey D. Ullman},
    title   = {The Theory of Parsing, Translation and Compiling},
    year    = "1972",
    volume  = "1",
    publisher = {Prentice-Hall},
    address = {Englewood Cliffs, NJ}
}

@book{APA:83,
    author  = {{American Psychological Association}},
    title   = {Publications Manual},
    year    = "1983",
    publisher = {American Psychological Association},
    address = {Washington, DC}
}

@article{Chandra:81,
	author = {Ashok K. Chandra and Dexter C. Kozen and Larry J. Stockmeyer},
	year = "1981",
	title = {Alternation},
	journal = {Journal of the Association for Computing Machinery},
	volume = "28",
	number = "1",
	pages = "114--133",
	doi = "10.1145/322234.322243",
}

@inproceedings{andrew2007scalable,
  title={Scalable training of {L1}-regularized log-linear models},
  author={Andrew, Galen and Gao, Jianfeng},
  booktitle={Proceedings of the 24th International Conference on Machine Learning},
  pages={33--40},
  year={2007},
}

@book{Gusfield:97,
    author  = {Dan Gusfield},
    title   = {Algorithms on Strings, Trees and Sequences},
    year    = "1997",
    publisher = {Cambridge University Press},
    address = {Cambridge, UK}
}

@article{rasooli-tetrault-2015,
    author    = {Mohammad Sadegh Rasooli and Joel R. Tetreault},
    title     = {Yara Parser: {A} Fast and Accurate Dependency Parser},
    journal   = {Computing Research Repository},
    volume    = {arXiv:1503.06733},
    year      = {2015},
    url       = {http://arxiv.org/abs/1503.06733},
    note    = {version 2}
}

@article{Ando2005,
	Acmid = {1194905},
	Author = {Ando, Rie Kubota and Zhang, Tong},
	Issn = {1532-4435},
	Issue_Date = {12/1/2005},
	Journal = {Journal of Machine Learning Research},
	Month = dec,
	Numpages = {37},
	Pages = {1817--1853},
	Publisher = {JMLR.org},
	Title = {A Framework for Learning Predictive Structures from Multiple Tasks and Unlabeled Data},
	Volume = {6},
	Year = {2005}
}

% Please download the latest anthology.bib from
%
% http://aclweb.org/anthology/anthology.bib.gz

@inproceedings{niculescu2021rogpt2,
  title="{RoGPT2: Romanian GPT2 for Text Generation}",
  author={Niculescu, Mihai Alexandru and Ruseti, Stefan and Dascalu, Mihai},
  booktitle={2021 IEEE 33rd International Conference on Tools with Artificial Intelligence (ICTAI)},
  pages={1154--1161},
  year={2021},
  organization={IEEE},
  doi={10.1109/ICTAI52525.2021.00183}
}

@inproceedings{ Wang-ICLR-2019,
  title="{GLUE: A Multi-Task Benchmark and Analysis Platform for Natural Language Understanding}",
  author={Wang, Alex and Singh, Amanpreet and Michael, Julian and Hill, Felix and Levy, Omer and Bowman, Samuel R.},
  booktitle={International Conference on Learning Representations (ICLR)},
  year={2019},
url = {https://openreview.net/pdf?id=rJ4km2R5t7},

}

@inproceedings{Wang-NeurIPS-2019,
 author = {Wang, Alex and Pruksachatkun, Yada and Nangia, Nikita and Singh, Amanpreet and Michael, Julian and Hill, Felix and Levy, Omer and Bowman, Samuel},
 booktitle = {Advances in Neural Information Processing Systems (NeurIPS)},
 publisher = {Curran Associates, Inc.},
 title = "{SuperGLUE: A Stickier Benchmark for General-Purpose Language Understanding Systems}",
 url = {https://proceedings.neurips.cc/paper_files/paper/2019/file/4496bf24afe7fab6f046bf4923da8de6-Paper.pdf},
 volume = {32},
 year = {2019}
}


@inproceedings{yin-etal-2019-benchmarking,
    title = "{Benchmarking Zero-shot Text Classification: Datasets, Evaluation and Entailment Approach}",
    author = "Yin, Wenpeng  and
      Hay, Jamaal  and
      Roth, Dan",
    booktitle = "Proceedings of the 2019 Conference on Empirical Methods in Natural Language Processing (EMNLP)",
    month = nov,
    year = "2019",
    address = "Hong Kong, China",
    publisher = "Association for Computational Linguistics",
    url = "https://aclanthology.org/D19-1404",
    doi = "10.18653/v1/D19-1404",
    pages = "3914--3923",
}

@Inbook{Yampolskiy-AIECM-2013,
author="Yampolskiy, Roman V.",
title="{Turing Test as a Defining Feature of AI-Completeness}",
bookTitle="Artificial Intelligence, Evolutionary Computing and Metaheuristics: In the Footsteps of Alan Turing",
year="2013",
publisher="Springer Berlin Heidelberg",
address="Berlin, Heidelberg",
pages="3--17",
isbn="978-3-642-29694-9",
doi="10.1007/978-3-642-29694-9_1",
url="https://doi.org/10.1007/978-3-642-29694-9_1"
}

@article{Korman-JASIST-2018,
author = {Korman, Daniel Z. and Mack, Eric and Jett, Jacob and Renear, Allen H.},
title = {Defining textual entailment},
journal = {Journal of the Association for Information Science and Technology},
volume = {69},
number = {6},
pages = {763--772},
doi = {https://doi.org/10.1002/asi.24007},
url = {https://asistdl.onlinelibrary.wiley.com/doi/abs/10.1002/asi.24007},
year = {2018}
}

@inproceedings{varshney-etal-2022-unsupervised,
    title = "{Unsupervised Natural Language Inference Using {PHL} Triplet Generation}",
    author = "Varshney, Neeraj  and
      Banerjee, Pratyay  and
      Gokhale, Tejas  and
      Baral, Chitta",
    booktitle = "Findings of the Association for Computational Linguistics: ACL 2022",
    month = may,
    year = "2022",
    address = "Dublin, Ireland",
    publisher = "Association for Computational Linguistics",
    url = "https://aclanthology.org/2022.findings-acl.159",
    doi = "10.18653/v1/2022.findings-acl.159",
    pages = "2003--2016",
}

@inproceedings{wang-etal-2022-capture,
    title = "Capture Human Disagreement Distributions by Calibrated Networks for Natural Language Inference",
    author = "Wang, Yuxia  and
      Wang, Minghan  and
      Chen, Yimeng  and
      Tao, Shimin  and
      Guo, Jiaxin  and
      Su, Chang  and
      Zhang, Min  and
      Yang, Hao",
    booktitle = "Findings of the Association for Computational Linguistics: ACL 2022",
    month = may,
    year = "2022",
    address = "Dublin, Ireland",
    publisher = "Association for Computational Linguistics",
    url = "https://aclanthology.org/2022.findings-acl.120",
    doi = "10.18653/v1/2022.findings-acl.120",
    pages = "1524--1535",
}

@inproceedings{snijders-etal-2023-investigating,
    title = "Investigating Multi-source Active Learning for Natural Language Inference",
    author = "Snijders, Ard  and
      Kiela, Douwe  and
      Margatina, Katerina",
    booktitle = "Proceedings of the 17th Conference of the European Chapter of the Association for Computational Linguistics (EACL)",
    month = may,
    year = "2023",
    address = "Dubrovnik, Croatia",
    publisher = "Association for Computational Linguistics",
    url = "https://aclanthology.org/2023.eacl-main.160",
    pages = "2187--2209",
}

@inproceedings{wijnholds-2023-assessing,
    title = "{Assessing Monotonicity Reasoning in {D}utch through Natural Language Inference}",
    author = "Wijnholds, Gijs",
    booktitle = "Findings of the Association for Computational Linguistics: EACL 2023",
    month = may,
    year = "2023",
    address = "Dubrovnik, Croatia",
    publisher = "Association for Computational Linguistics",
    url = "https://aclanthology.org/2023.findings-eacl.110",
    pages = "1494--1500",
}

@inproceedings{pamies-etal-2023-weakly,
    title = "A weakly supervised textual entailment approach to zero-shot text classification",
    author = "P{\`a}mies, Marc  and
      Llop, Joan  and
      Multari, Francesco  and
      Duran-Silva, Nicolau  and
      Parra-Rojas, C{\'e}sar  and
      Gonzalez-Agirre, Aitor  and
      Massucci, Francesco Alessandro  and
      Villegas, Marta",
    booktitle = "Proceedings of the 17th Conference of the European Chapter of the Association for Computational Linguistics (EACL)",
    month = may,
    year = "2023",
    address = "Dubrovnik, Croatia",
    publisher = "Association for Computational Linguistics",
    url = "https://aclanthology.org/2023.eacl-main.22",
    pages = "286--296",
}

@inproceedings{mathur-etal-2022-docinfer,
    title = "{{D}oc{I}nfer: Document-level Natural Language Inference using Optimal Evidence Selection}",
    author = "Mathur, Puneet  and
      Kunapuli, Gautam  and
      Bhat, Riyaz  and
      Shrivastava, Manish  and
      Manocha, Dinesh  and
      Singh, Maneesh",
    booktitle = "Proceedings of the 2022 Conference on Empirical Methods in Natural Language Processing (EMNLP)",
    month = dec,
    year = "2022",
    address = "Abu Dhabi, United Arab Emirates",
    publisher = "Association for Computational Linguistics",
    url = "https://aclanthology.org/2022.emnlp-main.51",
    pages = "809--824",
}

@inproceedings{mitchell-etal-2022-enhancing,
    title = "{Enhancing Self-Consistency and Performance of Pre-Trained Language Models through Natural Language Inference}",
    author = "Mitchell, Eric  and
      Noh, Joseph  and
      Li, Siyan  and
      Armstrong, Will  and
      Agarwal, Ananth  and
      Liu, Patrick  and
      Finn, Chelsea  and
      Manning, Christopher",
    booktitle = "Proceedings of the 2022 Conference on Empirical Methods in Natural Language Processing (EMNLP)",
    month = dec,
    year = "2022",
    address = "Abu Dhabi, United Arab Emirates",
    publisher = "Association for Computational Linguistics",
    url = "https://aclanthology.org/2022.emnlp-main.115",
    pages = "1754--1768",
}

@inproceedings{raghu-etal-2022-structural,
    title = "{Structural Constraints and Natural Language Inference for End-to-End Flowchart Grounded Dialog Response Generation}",
    author = "Raghu, Dinesh  and
      Joshi, Suraj  and
      Joshi, Sachindra  and
      Mausam",
    booktitle = "Proceedings of the 2022 Conference on Empirical Methods in Natural Language Processing (EMNLP)",
    month = dec,
    year = "2022",
    address = "Abu Dhabi, United Arab Emirates",
    publisher = "Association for Computational Linguistics",
    url = "https://aclanthology.org/2022.emnlp-main.739",
    pages = "10763--10774",
}

@inproceedings{luo-etal-2022-simple-challenging,
    title = "{Simple but Challenging: Natural Language Inference Models Fail on Simple Sentences}",
    author = "Luo, Cheng  and
      Liu, Wei  and
      Lin, Jieyu  and
      Zou, Jiajie  and
      Xiang, Ming  and
      Ding, Nai",
    booktitle = "Findings of the Association for Computational Linguistics: EMNLP 2022",
    month = dec,
    year = "2022",
    address = "Abu Dhabi, United Arab Emirates",
    publisher = "Association for Computational Linguistics",
    url = "https://aclanthology.org/2022.findings-emnlp.252",
    pages = "3449--3462",
}

@inproceedings{sadat-caragea-2022-learning,
    title = "{Learning to Infer from Unlabeled Data: A Semi-supervised Learning Approach for Robust Natural Language Inference}",
    author = "Sadat, Mobashir  and
      Caragea, Cornelia",
    booktitle = "Findings of the Association for Computational Linguistics: EMNLP 2022",
    month = dec,
    year = "2022",
    address = "Abu Dhabi, United Arab Emirates",
    publisher = "Association for Computational Linguistics",
    url = "https://aclanthology.org/2022.findings-emnlp.351",
    pages = "4763--4776",
}

@inproceedings{armstrong-etal-2022-jampatoisnli,
    title = "{{J}am{P}atois{NLI}: A Jamaican Patois Natural Language Inference Dataset}",
    author = "Armstrong, Ruth-Ann  and
      Hewitt, John  and
      Manning, Christopher",
    booktitle = "Findings of the Association for Computational Linguistics: EMNLP 2022",
    month = dec,
    year = "2022",
    address = "Abu Dhabi, United Arab Emirates",
    publisher = "Association for Computational Linguistics",
    url = "https://aclanthology.org/2022.findings-emnlp.389",
    pages = "5307--5320",
}

@inproceedings{bigoulaeva-etal-2022-effective,
    title = "{Effective Cross-Task Transfer Learning for Explainable Natural Language Inference with T5}",
    author = "Bigoulaeva, Irina  and
      Singh Sachdeva, Rachneet  and
      Tayyar Madabushi, Harish  and
      Villavicencio, Aline  and
      Gurevych, Iryna",
    booktitle = "Proceedings of the 3rd Workshop on Figurative Language Processing (FLP)",
    month = dec,
    year = "2022",
    address = "Abu Dhabi, United Arab Emirates (Hybrid)",
    publisher = "Association for Computational Linguistics",
    url = "https://aclanthology.org/2022.flp-1.8",
    pages = "54--60",
}

@inproceedings{merrill-etal-2022-entailment,
    title = "{Entailment Semantics Can Be Extracted from an Ideal Language Model}",
    author = "Merrill, William  and
      Warstadt, Alex  and
      Linzen, Tal",
    booktitle = "Proceedings of the 26th Conference on Computational Natural Language Learning (CoNLL)",
    month = dec,
    year = "2022",
    address = "Abu Dhabi, United Arab Emirates (Hybrid)",
    publisher = "Association for Computational Linguistics",
    url = "https://aclanthology.org/2022.conll-1.13",
    pages = "176--193",
}

@inproceedings{swayamdipta-etal-2020-dataset,
    title = "{Dataset Cartography: Mapping and Diagnosing Datasets with Training Dynamics}",
    author = "Swayamdipta, Swabha  and
      Schwartz, Roy  and
      Lourie, Nicholas  and
      Wang, Yizhong  and
      Hajishirzi, Hannaneh  and
      Smith, Noah A.  and
      Choi, Yejin",
    booktitle = "Proceedings of the 2020 Conference on Empirical Methods in Natural Language Processing (EMNLP)",
    month = nov,
    year = "2020",
    address = "Online",
    publisher = "Association for Computational Linguistics",
    url = "https://aclanthology.org/2020.emnlp-main.746",
    doi = "10.18653/v1/2020.emnlp-main.746",
    pages = "9275--9293",
}

@inproceedings{koreeda-manning-2021-contractnli-dataset,
    title = "{{C}ontract{NLI}: A Dataset for Document-level Natural Language Inference for Contracts}",
    author = "Koreeda, Yuta  and
      Manning, Christopher",
    booktitle = "Findings of the Association for Computational Linguistics: EMNLP 2021",
    month = nov,
    year = "2021",
    address = "Punta Cana, Dominican Republic",
    publisher = "Association for Computational Linguistics",
    url = "https://aclanthology.org/2021.findings-emnlp.164",
    doi = "10.18653/v1/2021.findings-emnlp.164",
    pages = "1907--1919",
}

@inproceedings{shi-etal-2021-enhancing,
    title = "Enhancing Descriptive Image Captioning with Natural Language Inference",
    author = "Shi, Zhan  and
      Liu, Hui  and
      Zhu, Xiaodan",
    booktitle = "Proceedings of the 59th Annual Meeting of the Association for Computational Linguistics and the 11th International Joint Conference on Natural Language Processing (ACL-IJCNLP)",
    month = aug,
    year = "2021",
    address = "Online",
    publisher = "Association for Computational Linguistics",
    url = "https://aclanthology.org/2021.acl-short.36",
    doi = "10.18653/v1/2021.acl-short.36",
    pages = "269--277",
}

@inproceedings{chen-etal-2021-neurallog,
    title = "{{N}eural{L}og: Natural Language Inference with Joint Neural and Logical Reasoning}",
    author = "Chen, Zeming  and
      Gao, Qiyue  and
      Moss, Lawrence S.",
    booktitle = "Proceedings of *SEM 2021: The Tenth Joint Conference on Lexical and Computational Semantics",
    month = aug,
    year = "2021",
    address = "Online",
    publisher = "Association for Computational Linguistics",
    url = "https://aclanthology.org/2021.starsem-1.7",
    doi = "10.18653/v1/2021.starsem-1.7",
    pages = "78--88",
}

@inproceedings{conneau-etal-2018-xnli,
    title = "{{XNLI}: Evaluating Cross-lingual Sentence Representations}",
    author = "Conneau, Alexis  and
      Rinott, Ruty  and
      Lample, Guillaume  and
      Williams, Adina  and
      Bowman, Samuel  and
      Schwenk, Holger  and
      Stoyanov, Veselin",
    booktitle = "Proceedings of the 2018 Conference on Empirical Methods in Natural Language Processing (EMNLP)",
    year = "2018",
    address = "Brussels, Belgium",
    publisher = "Association for Computational Linguistics",
    url = "https://aclanthology.org/D18-1269",
    doi = "10.18653/v1/D18-1269",
    pages = "2475--2485",
}

@inproceedings{romanov-shivade-2018-lessons,
    title = "Lessons from Natural Language Inference in the Clinical Domain",
    author = "Romanov, Alexey  and
      Shivade, Chaitanya",
    booktitle = "Proceedings of the 2018 Conference on Empirical Methods in Natural Language Processing (EMNLP)",
    year = "2018",
    address = "Brussels, Belgium",
    publisher = "Association for Computational Linguistics",
    url = "https://aclanthology.org/D18-1187",
    doi = "10.18653/v1/D18-1187",
    pages = "1586--1596",
}

@inproceedings{budur-etal-2020-data,
    title = "Data and {R}epresentation for {T}urkish {N}atural {L}anguage {I}nference",
    author = {Budur, Emrah  and
      {\"O}z{\c{c}}elik, R{\i}za  and
      Gungor, Tunga  and
      Potts, Christopher},
    booktitle = "Proceedings of the 2020 Conference on Empirical Methods in Natural Language Processing (EMNLP)",
    month = nov,
    year = "2020",
    address = "Online",
    publisher = "Association for Computational Linguistics",
    url = "https://aclanthology.org/2020.emnlp-main.662",
    doi = "10.18653/v1/2020.emnlp-main.662",
    pages = "8253--8267",
}

@inproceedings{bowman-etal-2015-large,
    title = "A large annotated corpus for learning natural language inference",
    author = "Bowman, Samuel R.  and
      Angeli, Gabor  and
      Potts, Christopher  and
      Manning, Christopher D.",
    booktitle = "Proceedings of the 2015 Conference on Empirical Methods in Natural Language Processing (EMNLP)",
    month = sep,
    year = "2015",
    address = "Lisbon, Portugal",
    publisher = "Association for Computational Linguistics",
    url = "https://aclanthology.org/D15-1075",
    doi = "10.18653/v1/D15-1075",
    pages = "632--642",
}

@inproceedings{hu-etal-2020-ocnli,
    title = "{{OCNLI}: {O}riginal {C}hinese {N}atural {L}anguage {I}nference}",
    author = {Hu, Hai  and
      Richardson, Kyle  and
      Xu, Liang  and
      Li, Lu  and
      K{\"u}bler, Sandra  and
      Moss, Lawrence},
    booktitle = "Findings of the Association for Computational Linguistics: EMNLP 2020",
    month = nov,
    year = "2020",
    address = "Online",
    publisher = "Association for Computational Linguistics",
    url = "https://aclanthology.org/2020.findings-emnlp.314",
    doi = "10.18653/v1/2020.findings-emnlp.314",
    pages = "3512--3526",
}

@inproceedings{chakrabarty-etal-2021-figurative,
    title = "Figurative Language in Recognizing Textual Entailment",
    author = "Chakrabarty, Tuhin  and
      Ghosh, Debanjan  and
      Poliak, Adam  and
      Muresan, Smaranda",
    booktitle = "Findings of the Association for Computational Linguistics: ACL-IJCNLP 2021",
    month = aug,
    year = "2021",
    address = "Online",
    publisher = "Association for Computational Linguistics",
    url = "https://aclanthology.org/2021.findings-acl.297",
    doi = "10.18653/v1/2021.findings-acl.297",
    pages = "3354--3361",
}

@inproceedings{mahendra-etal-2021-indonli,
    title = "{{I}ndo{NLI}: A Natural Language Inference Dataset for {I}ndonesian}",
    author = "Mahendra, Rahmad  and
      Aji, Alham Fikri  and
      Louvan, Samuel  and
      Rahman, Fahrurrozi  and
      Vania, Clara",
    booktitle = "Proceedings of the 2021 Conference on Empirical Methods in Natural Language Processing (EMNLP)",
    month = nov,
    year = "2021",
    address = "Online and Punta Cana, Dominican Republic",
    publisher = "Association for Computational Linguistics",
    url = "https://aclanthology.org/2021.emnlp-main.821",
    doi = "10.18653/v1/2021.emnlp-main.821",
    pages = "10511--10527",
}

@inproceedings{sadat-caragea-2022-scinli,
    title = "{S}ci{NLI}: A Corpus for Natural Language Inference on Scientific Text",
    author = "Sadat, Mobashir  and
      Caragea, Cornelia",
    booktitle = "Proceedings of the 60th Annual Meeting of the Association for Computational Linguistics (ACL)",
    month = may,
    year = "2022",
    address = "Dublin, Ireland",
    publisher = "Association for Computational Linguistics",
    url = "https://aclanthology.org/2022.acl-long.511",
    doi = "10.18653/v1/2022.acl-long.511",
    pages = "7399--7409",
}


@InProceedings{Potthast-ECIR-2016,
author="Potthast, Martin
and K{\"o}psel, Sebastian
and Stein, Benno
and Hagen, Matthias",
title="Clickbait Detection",
booktitle="Advances in Information Retrieval (ECIR)",
year="2016",
pages="810--817",
doi = {10.1007/978-3-319-30671-1_72}
}

@inproceedings{wu-etal-2020-clickbait,
    title = "Clickbait Detection with Style-aware Title Modeling and Co-attention",
    author = "Wu, Chuhan  and
      Wu, Fangzhao  and
      Qi, Tao  and
      Huang, Yongfeng",
    booktitle = "Proceedings of the 19th Chinese National Conference on Computational Linguistics (CCL)",
    year = "2020",
    address = "Haikou, China",
    publisher = "Chinese Information Processing Society of China",
    url = "https://aclanthology.org/2020.ccl-1.106",
    pages = "1143--1154",
}

@INPROCEEDINGS{Agrawal-NGCT-2016,
  author={Agrawal, Amol},
  booktitle={2016 2nd International Conference on Next Generation Computing Technologies (NGCT)}, 
  title={Clickbait detection using deep learning}, 
  year={2016},
  pages={268--272},
  doi={10.1109/NGCT.2016.7877426}}

  @article{Liu-KBS-2022,
title = {Clickbait detection on WeChat: A deep model integrating semantic and syntactic information},
journal = {Knowledge-Based Systems},
volume = {245},
pages = {108605},
year = {2022},
issn = {0950-7051},
doi = {https://doi.org/10.1016/j.knosys.2022.108605},
url = {https://www.sciencedirect.com/science/article/pii/S0950705122002714},
author = {Tong Liu and Ke Yu and Lu Wang and Xuanyu Zhang and Hao Zhou and Xiaofei Wu},
}

@article{Fakhruzzaman-ArXiv-2021,
  author       = {Muhammad N. Fakhruzzaman and
                  Saidah Z. Jannah and
                  Ratih A. Ningrum and
                  Indah Fahmiyah},
  title        = {Clickbait Headline Detection in Indonesian News Sites using Multilingual Bidirectional Encoder Representations from Transformers {(M-BERT)}},
  journal      = {CoRR},
  volume       = {abs/2102.01497},
  year         = {2021},
  url          = {https://arxiv.org/abs/2102.01497},
  eprinttype    = {arXiv},
  eprint       = {2102.01497},  
}

@article{Pujahari-JIS-2021,
author = {Abinash Pujahari and Dilip Singh Sisodia},
title ={Clickbait detection using multiple categorisation techniques},
journal = {Journal of Information Science},
volume = {47},
number = {1},
pages = {118--128},
year = {2021},
doi = {10.1177/0165551519871822},
}

@inproceedings{Yi-IJCAI-2022,
  title     = {Clickbait Detection via Contrastive Variational Modelling of Text and Label},
  author    = {Yi, Xiaoyuan and Zhang, Jiarui and Li, Wenhao and Wang, Xiting and Xie, Xing},
  booktitle = {Proceedings of the Thirty-First International Joint Conference on
               Artificial Intelligence (IJCAI)},
  publisher = {International Joint Conferences on Artificial Intelligence Organization},
  pages     = {4475--4481},
  year      = {2022},
  month     = {7},
  doi       = {10.24963/ijcai.2022/621},
  url       = {https://doi.org/10.24963/ijcai.2022/621},
}

@inproceedings{ potthast-etal-2018-crowdsourcing,
    title = "Crowdsourcing a Large Corpus of Clickbait on {T}witter",
    author = "Potthast, Martin  and
      Gollub, Tim  and
      Komlossy, Kristof  and
      Schuster, Sebastian  and
      Wiegmann, Matti  and
      Garces Fernandez, Erika Patricia  and
      Hagen, Matthias  and
      Stein, Benno",
    booktitle = "Proceedings of the 27th International Conference on Computational Linguistics (COLING)",
    month = aug,
    year = "2018",
    publisher = "Association for Computational Linguistics",
    url = "https://aclanthology.org/C18-1127",
    pages = "1498--1507",
}

@inproceedings{indurthi-etal-2020-predicting,
    title = "Predicting Clickbait Strength in Online Social Media",
    author = "Indurthi, Vijayasaradhi  and
      Syed, Bakhtiyar  and
      Gupta, Manish  and
      Varma, Vasudeva",
    booktitle = "Proceedings of the 28th International Conference on Computational Linguistics (COLING)",
    month = dec,
    year = "2020",
    address = "Barcelona, Spain (Online)",
    url = "https://aclanthology.org/2020.coling-main.425",
    doi = "10.18653/v1/2020.coling-main.425",
    pages = "4835--4846",
}

@inproceedings{kaushal-vemuri-2020-clickbait,
    title = "Clickbait in {H}indi News Media : A Preliminary Study",
    author = "Kaushal, Vivek  and
      Vemuri, Kavita",
    booktitle = "Proceedings of the 17th International Conference on Natural Language Processing (ICON)",
    month = dec,
    year = "2020",
    address = "Indian Institute of Technology Patna, Patna, India",
    publisher = "NLP Association of India (NLPAI)",
    url = "https://aclanthology.org/2020.icon-main.11",
    pages = "85--89",
}

@inproceedings{vincze-szabo-2020-automatic,
    title = "Automatic Detection of {H}ungarian Clickbait and Entertaining Fake News",
    author = "Vincze, Veronika  and
      Szab{\'o}, Martina Katalin",
    booktitle = "Proceedings of the 3rd International Workshop on Rumours and Deception in Social Media (RDSM)",
    month = dec,
    year = "2020",
    address = "Barcelona, Spain (Online)",
    publisher = "Association for Computational Linguistics",
    url = "https://aclanthology.org/2020.rdsm-1.6",
    pages = "58--69",
}

@article{ Genc-JIS-2023,
  title="{ClickbaitTR: Dataset for clickbait detection from Turkish news sites and social media with a comparative analysis via machine learning algorithms}",
  author={Gen{\c{c}}, {\c{S}}ura and Surer, Elif},
  journal={Journal of Information Science},
  volume={49},
  number={2},
  pages={480--499},
  year={2023},
  publisher={SAGE}
}

@inproceedings{Biyani-AAAI-2016,
  title={``8 amazing secrets for getting more clicks'': Detecting clickbaits in news streams using article informality},
  author={Biyani, Prakhar and Tsioutsiouliklis, Kostas and Blackmer, John},
  booktitle={Proceedings of the AAAI Conference on Artificial Intelligence (AAAI)},
  volume={30},
  number={1},
  year={2016},
  doi={10.1609/aaai.v30i1.9966}
}

@inproceedings{vorakitphan2019clickbait,
  title={Clickbait detection based on word embedding models},
  author={Vorakitphan, Vorakit and Leu, Fang-Yie and Fan, Yao-Chung},
  booktitle={Proceedings of the 12th International Conference on Innovative Mobile and Internet Services in Ubiquitous Computing (IMIS)},
  pages={557--564},
  year={2019},
  organization={Springer},
  doi={10.1007/978-3-319-93554-6_54}
}

@inproceedings{dong2019similarity,
  title={Similarity-aware deep attentive model for clickbait detection},
  author={Dong, Manqing and Yao, Lina and Wang, Xianzhi and Benatallah, Boualem and Huang, Chaoran},
  booktitle={Advances in Knowledge Discovery and Data Mining: 23rd Pacific-Asia Conference (PAKDD)},
  pages={56--69},
  year={2019},
  organization={Springer},
  doi = {10.1007/978-3-030-16145-3_5}
}

@inproceedings{kumar2018identifying,
  title={Identifying clickbait: A multi-strategy approach using neural networks},
  author={Kumar, Vaibhav and Khattar, Dhruv and Gairola, Siddhartha and Kumar Lal, Yash and Varma, Vasudeva},
  booktitle={The 41st International ACM SIGIR Conference on Research \& Development in Information Retrieval (SIGIR)},
  pages={1225--1228},
  year={2018},
  doi={10.1145/3209978.3210144}
}

@inproceedings{rony2018baitbuster,
  title="{BaitBuster: a clickbait identification framework}",
  author={Rony, Md Main Uddin and Hassan, Naeemul and Yousuf, Mohammad},
  booktitle={Proceedings of the AAAI Conference on Artificial Intelligence (AAAI)},
  volume={32},
  number={1},
  year={2018},
  doi={10.1609/aaai.v32i1.11378}
}

@inproceedings{klairith2018thai,
  title={Thai clickbait detection algorithms using natural language processing with machine learning techniques},
  author={Klairith, Praphan and Tanachutiwat, Sansiri},
  booktitle={2018 International Conference on Engineering, Applied Sciences, and Technology (ICEAST)},
  pages={1--4},
  year={2018},
  organization={IEEE},
  doi={10.1109/ICEAST.2018.8434447}
}

@inproceedings{chakravarthi-etal-2021-findings-vardial,
    title = "Findings of the {V}ar{D}ial Evaluation Campaign 2021",
    author = "Chakravarthi, Bharathi Raja  and
      Mihaela, Gaman  and
      Ionescu, Radu Tudor  and
      Jauhiainen, Heidi  and
      Jauhiainen, Tommi  and
      Lind{\'e}n, Krister  and
      Ljube{\v{s}}i{\'c}, Nikola  and
      Partanen, Niko  and
      Priyadharshini, Ruba  and
      Purschke, Christoph  and
      Rajagopal, Eswari  and
      Scherrer, Yves  and
      Zampieri, Marcos",
    booktitle = "Proceedings of the Eighth Workshop on NLP for Similar Languages, Varieties and Dialects (VarDial)",
    month = apr,
    year = "2021",
    url = "https://aclanthology.org/2021.vardial-1.1",
    pages = "1--11",
}

@article{ Hochreiter-NC-1997,
  title="{Long Short-Term Memory}",
  author={Hochreiter, Sepp and Schmidhuber, J{\"u}rgen},
  journal={Neural Computation},
  volume={9},
  number={8},
  pages={1735--1780},
  year={1997},
  publisher={MIT Press},
  doi ={10.1162/neco.1997.9.8.1735}
}

@inproceedings{Gururangan-NAACL-2018,
    title = "{Annotation Artifacts in Natural Language Inference Data}",
    author = "Gururangan, Suchin  and
      Swayamdipta, Swabha  and
      Levy, Omer  and
      Schwartz, Roy  and
      Bowman, Samuel  and
      Smith, Noah A.",
    booktitle = "Proceedings of the 2018 Conference of the North {A}merican Chapter of the Association for Computational Linguistics: Human Language Technologies (NAACL-HLT)",
    year = "2018",
    url = "https://aclanthology.org/N18-2017",
    doi = "10.18653/v1/N18-2017",
    pages = "107--112",
}

@inproceedings{sluyter-gathje-etal-2020-shallow,
    title = "{Shallow Discourse Parsing for Under-Resourced Languages: Combining Machine Translation and Annotation Projection}",
    author = {Sluyter-G{\"a}thje, Henny  and
      Bourgonje, Peter  and
      Stede, Manfred},
    booktitle = "Proceedings of the Twelfth Language Resources and Evaluation Conference (LREC)",
    year = "2020",
    url = "https://aclanthology.org/2020.lrec-1.131",
    pages = "1044--1050",
}

@inproceedings{falke-etal-2019-ranking,
    title = "{Ranking Generated Summaries by Correctness: An Interesting but Challenging Application for Natural Language Inference}",
    author = "Falke, Tobias  and
      Ribeiro, Leonardo F. R.  and
      Utama, Prasetya Ajie  and
      Dagan, Ido  and
      Gurevych, Iryna",
    booktitle = "Proceedings of the 57th Annual Meeting of the Association for Computational Linguistics",
    year = "2019",
    url = "https://aclanthology.org/P19-1213",
    doi = "10.18653/v1/P19-1213",
    pages = "2214--2220",
}

@inproceedings{kocmi-bojar-2017-curriculum,
    title = "Curriculum Learning and Minibatch Bucketing in Neural Machine Translation",
    author = "Kocmi, Tom  and
      Bojar, Ond{\v{r}}ej",
    editor = "Mitkov, Ruslan  and
      Angelova, Galia",
    booktitle = "Proceedings of the International Conference Recent Advances in Natural Language Processing, {RANLP} 2017",
    month = sep,
    year = "2017",
    address = "Varna, Bulgaria",
    publisher = "INCOMA Ltd.",
    url = "https://doi.org/10.26615/978-954-452-049-6_050",
    doi = "10.26615/978-954-452-049-6_050",
    pages = "379--386",
    abstract = "We examine the effects of particular orderings of sentence pairs on the on-line training of neural machine translation (NMT). We focus on two types of such orderings: (1) ensuring that each minibatch contains sentences similar in some aspect and (2) gradual inclusion of some sentence types as the training progresses (so called {``}curriculum learning{''}). In our English-to-Czech experiments, the internal homogeneity of minibatches has no effect on the training but some of our {``}curricula{''} achieve a small improvement over the baseline.",
}

@inproceedings{ Mintz-ACL-2009,
    title = "Distant supervision for relation extraction without labeled data",
    author = "Mintz, Mike  and
      Bills, Steven  and
      Snow, Rion  and
      Jurafsky, Daniel",
    booktitle = "Proceedings of the Joint Conference of the 47th Annual Meeting of the {ACL} and the 4th International Joint Conference on Natural Language Processing of the {AFNLP}",
    year = "2009",
    url = "https://aclanthology.org/P09-1113",
    pages = "1003--1011",
}

@inproceedings{ Dumitrescu-EMNLP-2020,
    title="{The birth of Romanian BERT}",
    author={Dumitrescu, {\c{S}tefan Daniel} and Andrei-Marius Avram and Sampo Pyysalo},
    year={2020},
	booktitle = {Findings of the Association for Computational Linguistics (EMNLP)},
	pages = "4324--4328",
   doi = "10.18653/v1/2020.findings-emnlp.387",
	url = {https://www.aclweb.org/anthology/2020.findings-emnlp.387}
}

@article{touvron2023llama,
  title="{LLaMA: Open and Efficient Foundation Language Models}",
  author={Touvron, Hugo and Lavril, Thibaut and Izacard, Gautier and Martinet, Xavier and Lachaux, Marie-Anne and Lacroix, Timoth{\'e}e and Rozi{\`e}re, Baptiste and Goyal, Naman and Hambro, Eric and Azhar, Faisal and others},
  journal={arXiv preprint arXiv:2302.13971},
  year={2023}
}

@inproceedings{Vaswani-NIPS-2017,
 author = {Vaswani, Ashish and Shazeer, Noam and Parmar, Niki and Uszkoreit, Jakob and Jones, Llion and Gomez, Aidan N. and Kaiser, {\L}ukasz and Polosukhin, Illia},
booktitle = {Advances in Neural Information Processing Systems (NIPS)},
title = {Attention is All you Need},
 volume = {30},
 year = {2017},
 pages={6000--6010},
 url = {https://proceedings.neurips.cc/paper_files/paper/2017/file/3f5ee243547dee91fbd053c1c4a845aa-Paper.pdf},

}

@inproceedings{ Bengio-ICML-2009,
    author = {Bengio, Yoshua and Louradour, J{\'e}r\^{o}me and Collobert, Ronan and Weston, Jason},
    title = {Curriculum Learning},
    booktitle = {Proceedings of the International Conference on Machine Learning (ICML)},
    year = {2009},
    pages = {41--48},
    publisher = {ACM},
    doi={10.1145/1553374.1553380}
}

@inproceedings{ Devlin-NAACL-2019,
  title="{BERT: Pre-training of Deep Bidirectional Transformers for Language Understanding}",
  author={Devlin, Jacob and Chang, Ming-Wei and Lee, Kenton and Toutanova, Kristina},
  booktitle={Proceedings of the 2019 Conference of the North American Chapter of the Association for Computational Linguistics: Human Language Technologies (NAACL-HLT)},
  pages={4171--4186},
  year={2019},
  url = {https://www.aclweb.org/anthology/N19-1423},
}

@INPROCEEDINGS{Coste-SCOM-2020,
  author={Coste, Claudia Ioana and Bufnea, Darius and Niculescu, Virginia},
  booktitle={2020 International Conference on Software, Telecommunications and Computer Networks (SoftCOM)}, 
  title={A New Language Independent Strategy for Clickbait Detection}, 
  year={2020},
  pages={1-6},
  doi={10.23919/SoftCOM50211.2020.9238342}
}

@article{ Busioc-RT-2020,
  title="{A Literature Review of NLP Approaches to Fake News Detection and Their Applicability to Romanian Language News Analysis}",
  author={Busioc, Costin and Ruseti, Stefan and Dascalu, Mihai},
  journal={Revista Transilvania},
  number={10},
  year={2020},
  url = {https://revistatransilvania.ro/a-literature-review-of-nlp-approaches-to-fake-news-detection-and-their-applicability-to-romanian-language-news-analysis/}
}

@article{ Lopez-AI-2018,
  title={Hybridizing metric learning and case-based reasoning for adaptable clickbait detection},
  author={L{\'o}pez-S{\'a}nchez, Daniel and Herrero, Jorge Revuelta and Arrieta, Ang{\'e}lica Gonz{\'a}lez and Corchado, Juan M},
  journal={Applied Intelligence},
  volume={48},
  pages={2967--2982},
  year={2018},
  publisher={Springer},
  doi={10.1007/s10489-017-1109-7}
}

@inproceedings{rogoz-etal-2021-saroco,
    title = "{S}a{R}o{C}o: Detecting Satire in a Novel {R}omanian Corpus of News Articles",
    author = "Rogoz, Ana-Cristina  and
      Mihaela, Gaman  and
      Ionescu, Radu Tudor",
    booktitle = "Proceedings of the 59th Annual Meeting of the Association for Computational Linguistics and the 11th International Joint Conference on Natural Language Processing (Volume 2: Short Papers)",
    month = aug,
    year = "2021",
    address = "Online",
    publisher = "Association for Computational Linguistics",
    url = "https://aclanthology.org/2021.acl-short.136",
    doi = "10.18653/v1/2021.acl-short.136",
    pages = "1073--1079",
}

@INPROCEEDINGS{Suh-CVPR-2019,
  author={Suh, Yumin and Han, Bohyung and Kim, Wonsik and Lee, Kyoung Mu},
  booktitle={Proceedings of IEEE/CVF Conference on Computer Vision and Pattern Recognition (CVPR)}, 
  title="{Stochastic Class-Based Hard Example Mining for Deep Metric Learning}", 
  year={2019},
  pages={7244--7252},
  publisher={IEEE},
  doi={10.1109/CVPR.2019.00742}
  }


@Inbook{Chicco2021,
author="Chicco, Davide",
editor="Cartwright, Hugh",
title="Siamese Neural Networks: An Overview",
bookTitle="Artificial Neural Networks",
year="2021",
publisher="Springer US",
address="New York, NY",
pages="73--94",
isbn="978-1-0716-0826-5",
doi="10.1007/978-1-0716-0826-5_3",
url="https://doi.org/10.1007/978-1-0716-0826-5_3"
}

@inproceedings{qi2020stanza,
 author = {Qi, Peng and Zhang, Yuhao and Zhang, Yuhui and Bolton, Jason and Manning, Christopher D.},
 booktitle = {Proceedings of the 58th Annual Meeting of the Association for Computational Linguistics: System Demonstrations},
 title = {Stanza: A {Python} Natural Language Processing Toolkit for Many Human Languages},
 url = {https://nlp.stanford.edu/pubs/qi2020stanza.pdf},
 year = {2020}
}


@article{10.2307/40031755,
 ISSN = {00224103},
 URL = {http://www.jstor.org/stable/40031755},
 author = {Jonathan Anderson},
 journal = {Journal of Reading},
 number = {6},
 pages = {490--496},
 publisher = {[Wiley, International Reading Association]},
 title = {Lix and Rix: Variations on a Little-known Readability Index},
 urldate = {2023-05-22},
 volume = {26},
 year = {1983}
}

@inproceedings{Heylighen1999FormalityOL,
  title={Formality of Language: definition, measurement and behavioral determinants},
  author={Francis Heylighen and Jean‐Marc Dewaele and L{\'e}o Apostel},
  year={1999}
}

@article{Coleman_1975,
	doi = {10.1037/h0076540},
	url = {https://doi.org/10.1037\%2Fh0076540},
	year = 1975,
	month = {apr},
	publisher = {American Psychological Association ({APA})},
	volume = {60},
	number = {2},
	pages = {283--284},
	author = {Meri Coleman and T. L. Liau},
	title = {A computer readability formula designed for machine scoring.},
	journal = {Journal of Applied Psychology}
}

@online{chollet2015keras,
  title={Keras},
  author={Chollet, Francois and others},
  year={2015},
  publisher={GitHub},
  url={https://github.com/fchollet/keras},
}

@article{bojanowski2017enriching,
    title = "Enriching Word Vectors with Subword Information",
    author = "Bojanowski, Piotr  and
      Grave, Edouard  and
      Joulin, Armand  and
      Mikolov, Tomas",
    journal = "Transactions of the Association for Computational Linguistics",
    volume = "5",
    year = "2017",
    address = "Cambridge, MA",
    publisher = "MIT Press",
    url = "https://aclanthology.org/Q17-1010",
    doi = "10.1162/tacl_a_00051",
    pages = "135--146",
}


@article{kingma2017adam,
      title={Adam: A Method for Stochastic Optimization}, 
      author={Diederik P. Kingma and Jimmy Ba},
      year={2017},
      volume={1412.6980},
      journal={arXiv},
      primaryClass={cs.LG}
}

@article{Soviany-IJCV-2022,
  title={Curriculum Learning: A Survey},
  author={Petru Soviany and Radu Tudor Ionescu and Paolo Rota and Nicu Sebe},
  journal={International Journal of Computer Vision},
  year={2022},
  volume={130},
  pages={1526--1565},
doi={10.1007/s11263-022-01611-x},
  publisher    = {Springer},
}

@article{loshchilov2019decoupled,
      title={Decoupled Weight Decay Regularization}, 
      author={Loshchilov, Ilya and Hutter, Frank},
  journal={arXiv preprint arXiv:1711.05101},
  year={2017},
  doi={10.48550/arXiv.1711.05101}
}

@book{BirdKleinLoper09,
  address = {Beijing},
  author = {Bird, Steven and Klein, Ewan and Loper, Edward},
  doi = {http://my.safaribooksonline.com/9780596516499},
  isbn = {978-0-596-51649-9},
  keywords = {01841 103 book safari ai software development language processing text python framework},
  publisher = {O'Reilly},
  title = "{Natural Language Processing with Python: Analyzing Text with the Natural Language Toolkit}",
  url = {http://www.nltk.org/book},
  year = 2009
}

@inproceedings{Platanios-NAACL-2019,
    title = "Competence-based Curriculum Learning for Neural Machine Translation",
    author = "Platanios, Emmanouil Antonios  and
      Stretcu, Otilia  and
      Neubig, Graham  and
      Poczos, Barnabas  and
      Mitchell, Tom",
    booktitle = "Proceedings of Proceedings of the 2019 Conference of the North {A}merican Chapter of the Association for Computational Linguistics: Human Language Technologies (NAACL-HLT)",
    year = {2019},
    pages = "1162--1172",
url = "https://aclanthology.org/N19-1119/",
    doi = "10.18653/v1/N19-1119",
}

@inproceedings{Kocmi-RANLP-2017,
    title = "{Curriculum Learning and Minibatch Bucketing in Neural Machine Translation}",
    author = "Kocmi, Tom  and
      Bojar, Ond{\v{r}}ej",
    booktitle = "Proceedings of the International Conference Recent Advances in Natural Language Processing (RANLP)",
    year = "2017",
    publisher = "INCOMA Ltd.",
    url = "https://doi.org/10.26615/978-954-452-049-6_050",
    doi = "10.26615/978-954-452-049-6_050",
    pages = "379--386",
}

@inproceedings{Liu-IJCAI-2018,
  title     = "{Curriculum Learning for Natural Answer Generation}",
  author    = {Cao Liu and Shizhu He and Kang Liu and Jun Zhao},
booktitle = {Proceedings of the Twenty-Seventh International Joint Conference on
               Artificial Intelligence (IJCAI)},
  publisher = {International Joint Conferences on Artificial Intelligence Organization},
  pages     = {4223--4229},
  year      = {2018},
  doi       = {10.24963/ijcai.2018/587},
  url       = {https://doi.org/10.24963/ijcai.2018/587},
}

@inproceedings{Liu-ACL-2020,
    title = "Norm-Based Curriculum Learning for Neural Machine Translation",
    author = "Liu, Xuebo  and
      Lai, Houtim  and
      Wong, Derek F.  and
      Chao, Lidia S.",
      booktitle = "Proceedings of the 58th Annual Meeting of the Association for Computational Linguistics (ACL)",
    year = "2020",
    publisher = "Association for Computational Linguistics",
    url = "https://aclanthology.org/2020.acl-main.41/",
    doi = "10.18653/v1/2020.acl-main.41",
    pages = "427--436",
}

@article{Nagatsuka-NGC-2023, 
author = {Nagatsuka, Koichi and Broni-Bediako, Clifford and Atsumi, Masayasu}, 
title = "{Length-Based Curriculum Learning for Efficient Pre-training of Language Models}", 
year = {2023},
volume = {41}, 
number = {1}, 
url = {https://doi.org/10.1007/s00354-022-00198-8}, 
doi = {10.1007/s00354-022-00198-8}, 
journal = {New Generation Computing}, 
pages = {109--134}, 
}

@inproceedings{Gong-CIKM-2021,
  title={Density-Based Dynamic Curriculum Learning for Intent Detection},
  author={Gong, Yantao and Liu, Cao and Yuan, Jiazhen and Yang, Fan and Cai, Xunliang and Wan, Guanglu and Chen, Jiansong and Niu, Ruiyao and Wang, Houfeng},
  url = {https://doi.org/10.1145/3459637.3482082},
doi = {10.1145/3459637.3482082},
booktitle = {Proceedings of the 30th ACM International Conference on Information \& Knowledge Management (CIKM)},
  pages={3034--3037},
  year={2021}
}

@inproceedings{Zhan-AAAI-2021,
  title="{Meta-Curriculum Learning for Domain Adaptation in Neural Machine Translation}",
  author={Zhan, Runzhe and Liu, Xuebo and Wong, Derek F and Chao, Lidia S},
  booktitle={Proceedings of the AAAI Conference on Artificial Intelligence (AAAI)},
  volume={35},
  pages={14310--14318},
  year={2021},
doi={https://doi.org/10.1609/aaai.v35i16.17683}
}

@inproceedings{Chang-EACL-2021,
  title={Does the Order of Training Samples Matter? Improving Neural Data-to-Text Generation with Curriculum Learning},
  author={Chang, Ernie and Yeh, Hui-Syuan and Demberg, Vera},
  booktitle = "Proceedings of the 16th Conference of the European Chapter of the Association for Computational Linguistics (EACL)",
    publisher = "Association for Computational Linguistics",
    url = "https://aclanthology.org/2021.eacl-main.61/",
    doi = "10.18653/v1/2021.eacl-main.61",
  pages={727--733},
  year={2021}
}

@inproceedings{Sinha-NeurIPS-2020,
author = {Sinha, Samarth and Garg, Animesh and Larochelle, Hugo},
title = {Curriculum by smoothing},
year = {2020},
publisher = {Curran Associates Inc.},
booktitle = {Proceedings of the 34th International Conference on Neural Information Processing Systems (NeurIPS)},
  pages = {21653--21664},
url={https://proceedings.neurips.cc/paper/2020/file/f6a673f09493afcd8b129a0bcf1cd5bc-Paper.pdf}
}

@article{Croitoru-IJCV-2025,
  title={Learning Rate Curriculum},
  author={Croitoru, Florinel-Alin and Ristea, Nicolae-C{\u{a}}t{\u{a}}lin and Ionescu, Radu Tudor and Sebe, Nicu},
  journal={International Journal of Computer Vision},
  volume={133},
  number={1},
  pages={291--314},
  year={2025},
  publisher={Springer},
doi={https://doi.org/10.1007/s11263-024-02186-5}
}

@inproceedings{Huang-CVPR-2020,
  title="{CurricularFace: Adaptive Curriculum Learning Loss for Deep Face Recognition}",
  author={Huang, Yuge and Wang, Yuhan and Tai, Ying and Liu, Xiaoming and Shen, Pengcheng and Li, Shaoxin and Li, Jilin and Huang, Feiyue},
  booktitle={Proceedings of IEEE/CVF Conference on Computer Vision and Pattern Recognition (CVPR)},
  pages={5900-5909},
  year={2020},
  doi={10.1109/CVPR42600.2020.00594},
  publisher    = {IEEE},
}

@inproceedings{Fang-NeurIPS-2019,
 title = "{Curriculum-guided Hindsight Experience Replay}",
  author={Fang, Meng and Zhou, Tianyi and Du, Yali and Han, Lei and Zhang, Zhengyou},
  booktitle={Proceedings the 33rd International Conference on Neural Information Processing Systems (NeurIPS)},
  pages={12623--12634},
  year={2019},
 publisher = {Curran Associates, Inc.},
 url = {https://proceedings.neurips.cc/paper_files/paper/2019/file/83715fd4755b33f9c3958e1a9ee221e1-Paper.pdf},
}

@inproceedings{Florensa-CoRL-2017,
  author    = {Carlos Florensa and
               David Held and
               Markus Wulfmeier and
               Michael Zhang and
               Pieter Abbeel},
  title     = {Reverse Curriculum Generation for Reinforcement Learning},
  booktitle = {Proceedings of the 1st Annual Conference on Robot Learning (CoRL)},
  volume    = {78},
  pages     = {482--495},
  year      = {2017},
  url = 	 {http://proceedings.mlr.press/v78/florensa17a/florensa17a.pdf},
  publisher =    {PMLR},
}

@inproceedings{Narvekar-AAMAS-2016,
  title={Source task creation for curriculum learning},
  author={Narvekar, Sanmit and Sinapov, Jivko and Leonetti, Matteo and Stone, Peter},
  booktitle={Proceedings of the 2016 International Conference on Autonomous Agents \& Multiagent Systems (AAMAS)},
  pages={566--574},
  year={2016},
publisher = {International Foundation for Autonomous Agents and Multiagent Systems},
url={https://dl.acm.org/doi/pdf/10.5555/2936924.2937007}
}

@inproceedings{Liu-IJCAI-2020,
  author    = {Jinglin Liu and
               Yi Ren and
               Xu Tan and
               Chen Zhang and
               Tao Qin and
               Zhou Zhao and
               Tie{-}Yan Liu},
  title     = {Task-Level Curriculum Learning for Non-Autoregressive Neural Machine
               Translation},
  booktitle = {Proceedings of the Twenty-Ninth International Conference on International Joint Conferences on Artificial Intelligence (IJCAI)},
  pages     = {3861--3867},
  year      = {2020},
url={https://www.ijcai.org/proceedings/2020/0534.pdf}
}

@inproceedings{ Pathak-ICMLA-2019,
  author={Harsh Nilesh Pathak and Randy Paffenroth},
  booktitle={Proceedings of the 18th IEEE International Conference On Machine Learning And Applications (ICMLA)}, 
  title={Parameter Continuation Methods for the Optimization of Deep Neural Networks}, 
  year={2019},
  pages={1637--1643},
doi={10.1109/ICMLA.2019.00268}
}

@inproceedings{Jarca-ECAI-2024,
  author       = {Andrei Jarca and
                  Florinel{-}Alin Croitoru and
                  Radu Tudor Ionescu},
    title        = "{{CBM:} Curriculum by Masking}",
  booktitle    = {Proceedings of the 27th European Conference on Artificial Intelligence (ECAI)},
   volume       = {392},
  pages        = {314--321},
  publisher    = {{IOS} Press},
  year         = {2024},
  url          = {https://doi.org/10.3233/FAIA240503},
  doi          = {10.3233/FAIA240503},
}

@inproceedings{Madan-WACV-2024,
  title={CL-MAE: Curriculum-Learned Masked Autoencoders},
  author={Madan, Neelu and Ristea, Nicolae-C{\u{a}}t{\u{a}}lin and Nasrollahi, Kamal and Moeslund, Thomas B and Ionescu, Radu Tudor},
  booktitle={Proceedings of the IEEE/CVF Winter Conference on Applications of Computer Vision (WACV)},
  pages={2492--2502},
  year={2024},
 doi={10.1109/WACV57701.2024.00248},
  publisher    = {IEEE},
}

@inproceedings{Swayamdipta-EMNLP-2020,
    title = "{Dataset Cartography: Mapping and Diagnosing Datasets with Training Dynamics}",
    author = "Swayamdipta, Swabha  and
      Schwartz, Roy  and
      Lourie, Nicholas  and
      Wang, Yizhong  and
      Hajishirzi, Hannaneh  and
      Smith, Noah A.  and
      Choi, Yejin",
    booktitle = "Proceedings of the 2020 Conference on Empirical Methods in Natural Language Processing (EMNLP)",
    year = "2020",
    publisher = "Association for Computational Linguistics",
    url = "https://aclanthology.org/2020.emnlp-main.746",
    doi = "10.18653/v1/2020.emnlp-main.746",
    pages = "9275--9293",
}

@inproceedings{Kestemont-CLFL-2014,
    title = "{Function Words in Authorship Attribution. From Black Magic to Theory?}",
    author = "Kestemont, Mike",
    booktitle = "Proceedings of the 3rd Workshop on Computational Linguistics for Literature ({CLFL})",
    year = "2014",
    publisher = "Association for Computational Linguistics",
    url = "https://aclanthology.org/W14-0908/",
    doi = "10.3115/v1/W14-0908",
    pages = "59--66"
}