@inproceedings{Ankner-EACL-2024,
    title = "Dynamic Masking Rate Schedules for {MLM} Pretraining",
    author = "Ankner, Zachary  and
      Saphra, Naomi  and
      Blalock, Davis  and
      Frankle, Jonathan  and
      Leavitt, Matthew",
    booktitle = "Proceedings of the 18th Conference of the European Chapter of the Association for Computational Linguistics (EACL)",
    year = "2024",
    publisher = "Association for Computational Linguistics",
    url = "https://aclanthology.org/2024.eacl-short.42/",
    pages = "477--487",
}

@inproceedings{Chang-EACL-2021,
  title={Does the Order of Training Samples Matter? Improving Neural Data-to-Text Generation with Curriculum Learning},
  author={Chang, Ernie and Yeh, Hui-Syuan and Demberg, Vera},
  booktitle = "Proceedings of the 16th Conference of the European Chapter of the Association for Computational Linguistics (EACL)",
    publisher = "Association for Computational Linguistics",
    url = "https://aclanthology.org/2021.eacl-main.61/",
    doi = "10.18653/v1/2021.eacl-main.61",
  pages={727--733},
  year={2021}
}

@article{Croitoru-IJCV-2025,
  title={Learning Rate Curriculum},
  author={Croitoru, Florinel-Alin and Ristea, Nicolae-C{\u{a}}t{\u{a}}lin and Ionescu, Radu Tudor and Sebe, Nicu},
  journal={International Journal of Computer Vision},
  volume={133},
  number={1},
  pages={291--314},
  year={2025},
  publisher={Springer},
doi={https://doi.org/10.1007/s11263-024-02186-5}
}

@inproceedings{Fang-NeurIPS-2019,
 title = "{Curriculum-guided Hindsight Experience Replay}",
  author={Fang, Meng and Zhou, Tianyi and Du, Yali and Han, Lei and Zhang, Zhengyou},
  booktitle={Proceedings the 33rd International Conference on Neural Information Processing Systems (NeurIPS)},
  pages={12623--12634},
  year={2019},
 publisher = {Curran Associates, Inc.},
 url = {https://proceedings.neurips.cc/paper_files/paper/2019/file/83715fd4755b33f9c3958e1a9ee221e1-Paper.pdf},
}

@inproceedings{Florensa-CoRL-2017,
  author    = {Carlos Florensa and
               David Held and
               Markus Wulfmeier and
               Michael Zhang and
               Pieter Abbeel},
  title     = {Reverse Curriculum Generation for Reinforcement Learning},
  booktitle = {Proceedings of the 1st Annual Conference on Robot Learning (CoRL)},
  volume    = {78},
  pages     = {482--495},
  year      = {2017},
  url = 	 {http://proceedings.mlr.press/v78/florensa17a/florensa17a.pdf},
  publisher =    {PMLR},
}

@inproceedings{Gong-CIKM-2021,
  title={Density-Based Dynamic Curriculum Learning for Intent Detection},
  author={Gong, Yantao and Liu, Cao and Yuan, Jiazhen and Yang, Fan and Cai, Xunliang and Wan, Guanglu and Chen, Jiansong and Niu, Ruiyao and Wang, Houfeng},
  url = {https://doi.org/10.1145/3459637.3482082},
doi = {10.1145/3459637.3482082},
booktitle = {Proceedings of the 30th ACM International Conference on Information \& Knowledge Management (CIKM)},
  pages={3034--3037},
  year={2021}
}

@inproceedings{Huang-CVPR-2020,
  title="{CurricularFace: Adaptive Curriculum Learning Loss for Deep Face Recognition}",
  author={Huang, Yuge and Wang, Yuhan and Tai, Ying and Liu, Xiaoming and Shen, Pengcheng and Li, Shaoxin and Li, Jilin and Huang, Feiyue},
  booktitle={Proceedings of IEEE/CVF Conference on Computer Vision and Pattern Recognition (CVPR)},
  pages={5900-5909},
  year={2020},
  doi={10.1109/CVPR42600.2020.00594},
  publisher    = {IEEE},
}

@inproceedings{Jarca-ECAI-2024,
  author       = {Andrei Jarca and
                  Florinel{-}Alin Croitoru and
                  Radu Tudor Ionescu},
    title        = "{{CBM:} Curriculum by Masking}",
  booktitle    = {Proceedings of the 27th European Conference on Artificial Intelligence (ECAI)},
   volume       = {392},
  pages        = {314--321},
  publisher    = {{IOS} Press},
  year         = {2024},
  url          = {https://doi.org/10.3233/FAIA240503},
  doi          = {10.3233/FAIA240503},
}

@inproceedings{Kocmi-RANLP-2017,
    title = "{Curriculum Learning and Minibatch Bucketing in Neural Machine Translation}",
    author = "Kocmi, Tom  and
      Bojar, Ond{\v{r}}ej",
    booktitle = "Proceedings of the International Conference Recent Advances in Natural Language Processing (RANLP)",
    year = "2017",
    publisher = "INCOMA Ltd.",
    url = "https://doi.org/10.26615/978-954-452-049-6_050",
    doi = "10.26615/978-954-452-049-6_050",
    pages = "379--386",
}

@inproceedings{Liu-ACL-2020,
    title = "Norm-Based Curriculum Learning for Neural Machine Translation",
    author = "Liu, Xuebo  and
      Lai, Houtim  and
      Wong, Derek F.  and
      Chao, Lidia S.",
      booktitle = "Proceedings of the 58th Annual Meeting of the Association for Computational Linguistics (ACL)",
    year = "2020",
    publisher = "Association for Computational Linguistics",
    url = "https://aclanthology.org/2020.acl-main.41/",
    doi = "10.18653/v1/2020.acl-main.41",
    pages = "427--436",
}

@inproceedings{Liu-IJCAI-2018,
  title     = "{Curriculum Learning for Natural Answer Generation}",
  author    = {Cao Liu and Shizhu He and Kang Liu and Jun Zhao},
booktitle = {Proceedings of the Twenty-Seventh International Joint Conference on
               Artificial Intelligence (IJCAI)},
  publisher = {International Joint Conferences on Artificial Intelligence Organization},
  pages     = {4223--4229},
  year      = {2018},
  doi       = {10.24963/ijcai.2018/587},
  url       = {https://doi.org/10.24963/ijcai.2018/587},
}

@inproceedings{Liu-IJCAI-2020,
  author    = {Jinglin Liu and
               Yi Ren and
               Xu Tan and
               Chen Zhang and
               Tao Qin and
               Zhou Zhao and
               Tie{-}Yan Liu},
  title     = {Task-Level Curriculum Learning for Non-Autoregressive Neural Machine
               Translation},
  booktitle = {Proceedings of the Twenty-Ninth International Conference on International Joint Conferences on Artificial Intelligence (IJCAI)},
  pages     = {3861--3867},
  year      = {2020},
url={https://www.ijcai.org/proceedings/2020/0534.pdf}
}

@inproceedings{Madan-WACV-2024,
  title={CL-MAE: Curriculum-Learned Masked Autoencoders},
  author={Madan, Neelu and Ristea, Nicolae-C{\u{a}}t{\u{a}}lin and Nasrollahi, Kamal and Moeslund, Thomas B and Ionescu, Radu Tudor},
  booktitle={Proceedings of the IEEE/CVF Winter Conference on Applications of Computer Vision (WACV)},
  pages={2492--2502},
  year={2024},
 doi={10.1109/WACV57701.2024.00248},
  publisher    = {IEEE},
}

@article{Nagatsuka-NGC-2023, 
author = {Nagatsuka, Koichi and Broni-Bediako, Clifford and Atsumi, Masayasu}, 
title = "{Length-Based Curriculum Learning for Efficient Pre-training of Language Models}", 
year = {2023},
volume = {41}, 
number = {1}, 
url = {https://doi.org/10.1007/s00354-022-00198-8}, 
doi = {10.1007/s00354-022-00198-8}, 
journal = {New Generation Computing}, 
pages = {109--134}, 
}

@inproceedings{Narvekar-AAMAS-2016,
  title={Source task creation for curriculum learning},
  author={Narvekar, Sanmit and Sinapov, Jivko and Leonetti, Matteo and Stone, Peter},
  booktitle={Proceedings of the 2016 International Conference on Autonomous Agents \& Multiagent Systems (AAMAS)},
  pages={566--574},
  year={2016},
publisher = {International Foundation for Autonomous Agents and Multiagent Systems},
url={https://dl.acm.org/doi/pdf/10.5555/2936924.2937007}
}

@inproceedings{Platanios-NAACL-2019,
    title = "Competence-based Curriculum Learning for Neural Machine Translation",
    author = "Platanios, Emmanouil Antonios  and
      Stretcu, Otilia  and
      Neubig, Graham  and
      Poczos, Barnabas  and
      Mitchell, Tom",
    booktitle = "Proceedings of Proceedings of the 2019 Conference of the North {A}merican Chapter of the Association for Computational Linguistics: Human Language Technologies (NAACL-HLT)",
    year = {2019},
    pages = "1162--1172",
url = "https://aclanthology.org/N19-1119/",
    doi = "10.18653/v1/N19-1119",
}

@InProceedings{Poesina-ACL-2024,
  author    = {Poesina, Eduard Gabriel and Caragea, Cornelia and Ionescu, Radu Tudor},
  title     = "{A Novel Cartography-Based Curriculum Learning Method Applied on RoNLI: The First Romanian Natural Language Inference Corpus}",
  booktitle = {Proceedings of the 62nd Annual Meeting of the Association for Computational Linguistics (ACL)},
  publisher = {Association for Computational Linguistics},
  year      = {2024},
pages={236--253},
url = "https://aclanthology.org/2024.acl-long.15/",
    doi = "10.18653/v1/2024.acl-long.15",
  }

@inproceedings{Sinha-NeurIPS-2020,
author = {Sinha, Samarth and Garg, Animesh and Larochelle, Hugo},
title = {Curriculum by smoothing},
year = {2020},
publisher = {Curran Associates Inc.},
booktitle = {Proceedings of the 34th International Conference on Neural Information Processing Systems (NeurIPS)},
  pages = {21653--21664},
url={https://proceedings.neurips.cc/paper/2020/file/f6a673f09493afcd8b129a0bcf1cd5bc-Paper.pdf}
}

@article{Soviany-IJCV-2022,
  title={Curriculum Learning: A Survey},
  author={Petru Soviany and Radu Tudor Ionescu and Paolo Rota and Nicu Sebe},
  journal={International Journal of Computer Vision},
  year={2022},
  volume={130},
  pages={1526--1565},
doi={10.1007/s11263-022-01611-x},
  publisher    = {Springer},
}

@inproceedings{Swayamdipta-EMNLP-2020,
    title = "{Dataset Cartography: Mapping and Diagnosing Datasets with Training Dynamics}",
    author = "Swayamdipta, Swabha  and
      Schwartz, Roy  and
      Lourie, Nicholas  and
      Wang, Yizhong  and
      Hajishirzi, Hannaneh  and
      Smith, Noah A.  and
      Choi, Yejin",
    booktitle = "Proceedings of the 2020 Conference on Empirical Methods in Natural Language Processing (EMNLP)",
    year = "2020",
    publisher = "Association for Computational Linguistics",
    url = "https://aclanthology.org/2020.emnlp-main.746",
    doi = "10.18653/v1/2020.emnlp-main.746",
    pages = "9275--9293",
}

@inproceedings{Yang-ACL-2023,
    title = "Learning Better Masking for Better Language Model Pre-training",
    author = "Yang, Dongjie  and
      Zhang, Zhuosheng  and
      Zhao, Hai",
    booktitle = "Proceedings of the 61st Annual Meeting of the Association for Computational Linguistics (ACL)",
    year = "2023",
    publisher = "Association for Computational Linguistics",
    url = "https://aclanthology.org/2023.acl-long.400/",
    doi = "10.18653/v1/2023.acl-long.400",
    pages = "7255--7267",
}

@inproceedings{Zhan-AAAI-2021,
  title="{Meta-Curriculum Learning for Domain Adaptation in Neural Machine Translation}",
  author={Zhan, Runzhe and Liu, Xuebo and Wong, Derek F and Chao, Lidia S},
  booktitle={Proceedings of the AAAI Conference on Artificial Intelligence (AAAI)},
  volume={35},
  pages={14310--14318},
  year={2021},
doi={https://doi.org/10.1609/aaai.v35i16.17683}
}

