@article{Edmundson,
  title={New methods in automatic extracting},
  author={Edmundson, Harold P},
  journal={Journal of the ACM (JACM)},
  volume={16},
  number={2},
  pages={264--285},
  year={1969},
  publisher={ACM New York, NY, USA}
}

@inproceedings{Giang,
  title={Joint graphical models for date selection in timeline summarization},
  author={Tran, Giang and Herder, Eelco and Markert, Katja},
  booktitle={Proceedings of the 53rd Annual Meeting of the Association for Computational Linguistics},
  volume={1},
  pages={1598--1607},
  year={2015},
  organization={Association for Computational Linguistics}
}

@article{Jian,
  title={SumCR: A new subtopic-based extractive approach for text summarization},
  author={Mei, Jian-Ping and Chen, Lihui},
  journal={Knowledge and information systems},
  volume={31},
  pages={527--545},
  year={2012},
  publisher={Springer}
}

@article{Lexrank,
  title={Lexrank: Graph-based lexical centrality as salience in text summarization},
  author={Erkan, G{\"u}nes and Radev, Dragomir R},
  journal={Journal of artificial intelligence research},
  volume={22},
  pages={457--479},
  year={2004}
}

@article{Luhn,
  title={The automatic creation of literature abstracts},
  author={Luhn, Hans Peter},
  journal={IBM Journal of research and development},
  volume={2},
  number={2},
  pages={159--165},
  year={1958},
  publisher={Ibm}
}

@article{Naveen,
  title={Extractive single document summarization using binary differential evolution: Optimization of different sentence quality measures},
  author={Saini, Naveen and Saha, Sriparna and Chakraborty, Dhiraj and Bhattacharyya, Pushpak},
  journal={PloS one},
  volume={14},
  number={11},
  pages={e0223477},
  year={2019},
  publisher={Public Library of Science San Francisco, CA USA}
}

@article{Rasim,
  title={Multiple documents summarization based on evolutionary optimization algorithm},
  author={Alguliev, Rasim M and Aliguliyev, Ramiz M and Isazade, Nijat R},
  journal={Expert Systems with Applications},
  volume={40},
  number={5},
  pages={1675--1689},
  year={2013},
  publisher={Elsevier}
}

@inproceedings{Sanchit,
  title={Single-document summarization using sentence embeddings and k-means clustering},
  author={Agarwal, Sanchit and Singh, Nikhil Kumar and Meel, Priyanka},
  booktitle={2018 International Conference on Advances in Computing, Communication Control and Networking (ICACCCN)},
  pages={162--165},
  year={2018},
  organization={IEEE}
}

@inproceedings{Textrank,
  title={Textrank: Bringing order into text},
  author={Mihalcea, Rada and Tarau, Paul},
  booktitle={Proceedings of the 2004 conference on empirical methods in natural language processing},
  pages={404--411},
  year={2004}
}

@inproceedings{Yang,
  title={Single document summarization as tree induction},
  author={Liu, Yang and Titov, Ivan and Lapata, Maria},
  booktitle={2019 Annual Conference of the NAACL},
  pages={1745--1755},
  year={2019},
  organization={ACL}
}

