@Article{reiter1997building,
  author    = {Ehud Reiter and Robert Dale},
  journal   = {{Natural Language Engineering}},
  title     = {Building Applied Natural Language Generation Systems},
  year      = {1997},
  number    = {1},
  pages     = {57--87},
  volume    = {3},
  groups    = {classic nlg},
  timestamp = {Wed, 25 Mar 2020 09:32:23 +0100},
  url       = {https://doi.org/10.1017/S1351324997001502},
}

@InProceedings{angeli2010simple,
  author    = {Gabor Angeli and Percy Liang and Dan Klein},
  booktitle = {Proceedings of the {EMNLP}},
  title     = {A Simple Domain-Independent Probabilistic Approach to Generation},
  year      = {2010},
  pages     = {502--512},
  groups    = {classic nlg},
  timestamp = {Fri, 06 Aug 2021 00:40:27 +0200},
  url       = {https://aclanthology.org/D10-1049/},
}

@InProceedings{lebret2016neural,
  author    = {R{\'{e}}mi Lebret and David Grangier and Michael Auli},
  booktitle = {Proceedings of the {EMNLP}},
  title     = {Neural Text Generation from Structured Data with Application to the Biography Domain},
  year      = {2016},
  pages     = {1203--1213},
  comment   = {wikibio dataset},
  groups    = {datasets, D2T},
  timestamp = {Fri, 06 Aug 2021 00:40:32 +0200},
  url       = {https://doi.org/10.18653/v1/d16-1128},
}

@Article{belz2008automatic,
  author    = {Anja Belz},
  journal   = {Natural Language Engineering},
  title     = {Automatic Generation of Weather Forecast Texts Using Comprehensive Probabilistic Generation-Space Models},
  year      = {2008},
  number    = {4},
  pages     = {431--455},
  volume    = {14},
  groups    = {classic nlg},
  timestamp = {Sun, 02 Oct 2022 15:45:29 +0200},
  url       = {https://doi.org/10.1017/S1351324907004664},
}

@InProceedings{belz2007probabilistic,
  author    = {Anja Belz},
  booktitle = {Proceedings of the {NAACL-HLT}},
  title     = {Probabilistic Generation of Weather Forecast Texts},
  year      = {2007},
  pages     = {164--171},
  groups    = {classic nlg},
  timestamp = {Fri, 06 Aug 2021 00:41:29 +0200},
  url       = {https://aclanthology.org/N07-1021/},
}

@InProceedings{chen2008learning,
  author    = {David L. Chen and Raymond J. Mooney},
  booktitle = {Proceedings of the {ICML}},
  title     = {Learning to Sportscast: A Test of Grounded Language Acquisition},
  year      = {2008},
  pages     = {128--135},
  volume    = {307},
  groups    = {D2T},
  timestamp = {Tue, 06 Nov 2018 16:58:29 +0100},
  url       = {https://doi.org/10.1145/1390156.1390173},
}

@InProceedings{lu2011probabilistic,
  author    = {Wei Lu and Hwee Tou Ng},
  booktitle = {Proceedings of the {EMNLP}},
  title     = {A Probabilistic Forest-To-String Model for Language Generation from Typed Lambda Calculus Expressions},
  year      = {2011},
  pages     = {1611--1622},
  groups    = {classic nlg},
  timestamp = {Fri, 06 Aug 2021 00:40:29 +0200},
  url       = {https://aclanthology.org/D11-1149/},
}

@Article{erdem2022neural,
  author    = {Erkut Erdem and Menekse Kuyu and Semih Yagcioglu and Anette Frank and Letitia Parcalabescu and Barbara Plank and Andrii Babii and Oleksii Turuta and Aykut Erdem and Iacer Calixto and Elena Lloret and Elena Simona Apostol and Ciprian{-}Octavian Truica and Branislava Sandrih and Sanda Martincic{-}Ipsic and G{\'{a}}bor Berend and Albert Gatt and Grazina Korvel},
  journal   = {Journal of Artificial Intelligence Research},
  title     = {Neural Natural Language Generation: {A} Survey on Multilinguality, Multimodality, Controllability and Learning},
  year      = {2022},
  pages     = {1131--1207},
  volume    = {73},
  groups    = {D2T, survey},
  timestamp = {Mon, 05 Feb 2024 20:24:27 +0100},
  url       = {https://doi.org/10.1613/jair.1.12918},
}


@Article{gatt2018survey,
  author    = {Albert Gatt and Emiel Krahmer},
  journal   = {Journal of Artificial Intelligence Research},
  title     = {Survey of the State of the Art in Natural Language Generation: Core Tasks, Applications and Evaluation},
  year      = {2018},
  pages     = {65--170},
  volume    = {61},
  comment   = {D2T},
  groups    = {survey, D2T},
  timestamp = {Sun, 02 Jun 2019 21:09:39 +0200},
  url       = {https://doi.org/10.1613/jair.5477},
}

@Article{ji2023survey,
  author    = {Ziwei Ji and Nayeon Lee and Rita Frieske and Tiezheng Yu and Dan Su and Yan Xu and Etsuko Ishii and Yejin Bang and Andrea Madotto and Pascale Fung},
  journal   = {{ACM} Computing Surveys},
  title     = {Survey of Hallucination in Natural Language Generation},
  year      = {2023},
  number    = {12},
  pages     = {248:1--248:38},
  volume    = {55},
  comment   = {hallucination in nlg},
  groups    = {survey, hallucination/faithful/factual},
  timestamp = {Mon, 28 Aug 2023 21:19:33 +0200},
  url       = {https://doi.org/10.1145/3571730},
}

@Article{lu2018neural,
  author    = {Sidi Lu and Yaoming Zhu and Weinan Zhang and Jun Wang and Yong Yu},
  journal   = {{CoRR}},
  title     = {Neural Text Generation: Past, Present and Beyond},
  year      = {2018},
  volume    = {abs/1803.07133},
  groups    = {survey},
  timestamp = {Sun, 21 Apr 2019 10:04:41 +0200},
  url       = {http://arxiv.org/abs/1803.07133},
}

@Article{hochreiter1997long,
  author    = {Sepp Hochreiter and J{\"{u}}rgen Schmidhuber},
  journal   = {Neural Computation},
  title     = {Long Short-Term Memory},
  year      = {1997},
  number    = {8},
  pages     = {1735--1780},
  volume    = {9},
  comment   = {LSTM},
  groups    = {(language) models},
  timestamp = {Tue, 01 Sep 2020 13:12:40 +0200},
  url       = {https://doi.org/10.1162/neco.1997.9.8.1735},
}

@InProceedings{graves2013speech,
  author    = {Alex Graves and Abdel{-}rahman Mohamed and Geoffrey E. Hinton},
  booktitle = {Proceedings of the {ICASSP}},
  title     = {Speech Recognition with Deep Recurrent Neural Networks},
  year      = {2013},
  pages     = {6645--6649},
  comment   = {GRU},
  groups    = {(language) models},
  timestamp = {Wed, 16 Oct 2019 14:14:52 +0200},
  url       = {https://doi.org/10.1109/ICASSP.2013.6638947},
}

@InProceedings{mikolov2010recurrent,
  author    = {Tom{\'{a}}s Mikolov and Martin Karafi{\'{a}}t and Luk{\'{a}}s Burget and Jan Cernock{\'{y}} and Sanjeev Khudanpur},
  booktitle = {Proceedings of the {Interspeech}},
  title     = {Recurrent Neural Network Based Language Model},
  year      = {2010},
  pages     = {1045--1048},
  comment   = {RNNLM},
  groups    = {(language) models},
  timestamp = {Sun, 12 Nov 2023 02:07:27 +0100},
  url       = {https://doi.org/10.21437/Interspeech.2010-343},
}

@Article{raffel2020exploring,
  author    = {Colin Raffel and Noam Shazeer and Adam Roberts and Katherine Lee and Sharan Narang and Michael Matena and Yanqi Zhou and Wei Li and Peter J. Liu},
  journal   = {Journal of Machine Learning Research},
  title     = {Exploring the Limits of Transfer Learning with a Unified Text-To-Text Transformer},
  year      = {2020},
  pages     = {140:1--140:67},
  volume    = {21},
  comment   = {T5},
  groups    = {(language) models},
  timestamp = {Fri, 05 Feb 2021 15:43:41 +0100},
  url       = {http://jmlr.org/papers/v21/20-074.html},
}

@InProceedings{vinyals2016order,
  author    = {Oriol Vinyals and Samy Bengio and Manjunath Kudlur},
  booktitle = {Proceedings of the {ICLR}},
  title     = {Order Matters: Sequence to Sequence for Sets},
  year      = {2016},
  comment   = {PointerNet},
  groups    = {attention + copy + residula + loss},
  timestamp = {Thu, 25 Jul 2019 14:25:37 +0200},
  url       = {http://arxiv.org/abs/1511.06391},
}

@InProceedings{nie2019encoder,
  author    = {Feng Nie and Jinpeng Wang and Rong Pan and Chin{-}Yew Lin},
  booktitle = {Proceedings of the {INLG}},
  title     = {An Encoder with Non-Sequential Dependency for Neural Data-To-Text Generation},
  year      = {2019},
  pages     = {141--146},
  groups    = {D2T},
  timestamp = {Tue, 27 Feb 2024 16:41:39 +0100},
  url       = {https://aclanthology.org/W19-8619/},
}

@InProceedings{luong2015effective,
  author    = {Thang Luong and Hieu Pham and Christopher D. Manning},
  booktitle = {Proceedings of the {EMNLP}},
  title     = {Effective Approaches to Attention-Based Neural Machine Translation},
  year      = {2015},
  pages     = {1412--1421},
  comment   = {Luong attention (local vs global)},
  groups    = {attention + copy + residula + loss},
  timestamp = {Fri, 06 Aug 2021 00:40:22 +0200},
  url       = {https://doi.org/10.18653/v1/d15-1166},
}

@InProceedings{vaswani2017attention,
  author    = {Ashish Vaswani and Noam Shazeer and Niki Parmar and Jakob Uszkoreit and Llion Jones and Aidan N. Gomez and Lukasz Kaiser and Illia Polosukhin},
  booktitle = {Proceedings of the {NeurIPS}},
  title     = {Attention Is All You Need},
  year      = {2017},
  pages     = {5998--6008},
  comment   = {Transformer},
  groups    = {(language) models, attention + copy + residula + loss},
  timestamp = {Thu, 21 Jan 2021 15:15:21 +0100},
  url       = {https://proceedings.neurips.cc/paper/2017/hash/3f5ee243547dee91fbd053c1c4a845aa-Abstract.html},
}

@InProceedings{nema2018generating,
  author    = {Preksha Nema and Shreyas Shetty and Parag Jain and Anirban Laha and Karthik Sankaranarayanan and Mitesh M. Khapra},
  booktitle = {Proceedings of the {NAACL-HLT}},
  title     = {Generating Descriptions from Structured Data Using a Bifocal Attention Mechanism and Gated Orthogonalization},
  year      = {2018},
  pages     = {1539--1550},
  groups    = {D2T},
  timestamp = {Fri, 06 Aug 2021 00:41:30 +0200},
  url       = {https://doi.org/10.18653/v1/n18-1139},
}

@InProceedings{mei2016what,
  author    = {Hongyuan Mei and Mohit Bansal and Matthew R. Walter},
  booktitle = {Proceedings of the {NAACL-HLT}},
  title     = {What to Talk about and How? Selective Generation Using Lstms with Coarse-To-Fine Alignment},
  year      = {2016},
  pages     = {720--730},
  groups    = {D2T},
  timestamp = {Fri, 06 Aug 2021 00:41:32 +0200},
  url       = {https://doi.org/10.18653/v1/n16-1086},
}

@InProceedings{liu2018table,
  author    = {Tianyu Liu and Kexiang Wang and Lei Sha and Baobao Chang and Zhifang Sui},
  booktitle = {Proceedings of the {AAAI}},
  title     = {Table-To-Text Generation by Structure-Aware Seq2seq Learning},
  year      = {2018},
  pages     = {4881--4888},
  groups    = {D2T},
  timestamp = {Mon, 04 Sep 2023 16:50:25 +0200},
  url       = {https://doi.org/10.1609/aaai.v32i1.11925},
}

@InProceedings{sha2018order,
  author    = {Lei Sha and Lili Mou and Tianyu Liu and Pascal Poupart and Sujian Li and Baobao Chang and Zhifang Sui},
  booktitle = {Proceedings of the {AAAI}},
  title     = {Order-Planning Neural Text Generation from Structured Data},
  year      = {2018},
  pages     = {5414--5421},
  groups    = {D2T},
  timestamp = {Mon, 04 Sep 2023 16:50:27 +0200},
  url       = {https://doi.org/10.1609/aaai.v32i1.11947},
}

@InProceedings{bao2018table,
  author    = {Junwei Bao and Duyu Tang and Nan Duan and Zhao Yan and Yuanhua Lv and Ming Zhou and Tiejun Zhao},
  booktitle = {Proceedings of the {AAAI}},
  title     = {Table-To-Text: Describing Table Region with Natural Language},
  year      = {2018},
  pages     = {5020--5027},
  groups    = {D2T, datasets},
  timestamp = {Mon, 04 Sep 2023 16:50:22 +0200},
  url       = {https://doi.org/10.1609/aaai.v32i1.11944},
}

@InProceedings{gong2019table,
  author    = {Heng Gong and Xiaocheng Feng and Bing Qin and Ting Liu},
  booktitle = {Proceedings of the {EMNLP}},
  title     = {Table-To-Text Generation with Effective Hierarchical Encoder on Three Dimensions (row, Column and Time)},
  year      = {2019},
  pages     = {3141--3150},
  groups    = {D2T},
  timestamp = {Thu, 07 Apr 2022 09:14:07 +0200},
  url       = {https://doi.org/10.18653/v1/D19-1310},
}

@InProceedings{wiseman2017challenges,
  author    = {Sam Wiseman and Stuart M. Shieber and Alexander M. Rush},
  booktitle = {Proceedings of the {EMNLP}},
  title     = {Challenges in Data-To-Document Generation},
  year      = {2017},
  pages     = {2253--2263},
  groups    = {D2T, source reference divergence},
  timestamp = {Sun, 02 Oct 2022 16:00:27 +0200},
  url       = {https://doi.org/10.18653/v1/d17-1239},
}

@InProceedings{wen2015semantically,
  author    = {Tsung{-}Hsien Wen and Milica Gasic and Nikola Mrksic and Pei{-}hao Su and David Vandyke and Steve J. Young},
  booktitle = {Proceedings of the {EMNLP}},
  title     = {Semantically Conditioned Lstm-Based Natural Language Generation for Spoken Dialogue Systems},
  year      = {2015},
  pages     = {1711--1721},
  groups    = {D2T},
  timestamp = {Fri, 06 Aug 2021 00:40:22 +0200},
  url       = {https://doi.org/10.18653/v1/d15-1199},
}

@InProceedings{shang2015neural,
  author    = {Lifeng Shang and Zhengdong Lu and Hang Li},
  booktitle = {Proceedings of the {ACL/IJCNLP}},
  title     = {Neural Responding Machine for Short-Text Conversation},
  year      = {2015},
  pages     = {1577--1586},
  groups    = {D2T},
  timestamp = {Fri, 06 Aug 2021 00:40:49 +0200},
  url       = {https://doi.org/10.3115/v1/p15-1152},
}

@Article{karpathy2017deep,
  author    = {Andrej Karpathy and Li Fei{-}Fei},
  journal   = {{IEEE} Transactions on Pattern Analysis and Machine Intelligence},
  title     = {Deep Visual-Semantic Alignments for Generating Image Descriptions},
  year      = {2017},
  number    = {4},
  pages     = {664--676},
  volume    = {39},
  comment   = {attention},
  groups    = {attention + copy + residula + loss},
  timestamp = {Mon, 22 Jul 2019 14:55:32 +0200},
  url       = {https://doi.org/10.1109/TPAMI.2016.2598339},
}

@Article{kiros2014unifying,
  author    = {Ryan Kiros and Ruslan Salakhutdinov and Richard S. Zemel},
  journal   = {{CoRR}},
  title     = {Unifying Visual-Semantic Embeddings with Multimodal Neural Language Models},
  year      = {2014},
  volume    = {abs/1411.2539},
  comment   = {attention},
  groups    = {attention + copy + residula + loss},
  timestamp = {Mon, 13 Aug 2018 16:47:15 +0200},
  url       = {http://arxiv.org/abs/1411.2539},
}

@InProceedings{novikova2017e2e,
  author    = {Jekaterina Novikova and Ondrej Dusek and Verena Rieser},
  booktitle = {Proceedings of the {SIGDIAL}},
  title     = {The {E2E} Dataset: New Challenges for End-To-End Generation},
  year      = {2017},
  pages     = {201--206},
  groups    = {D2T},
  timestamp = {Fri, 06 Aug 2021 00:41:33 +0200},
  url       = {https://doi.org/10.18653/v1/w17-5525},
}

@InProceedings{dusek2018findings,
  author    = {Ondrej Dusek and Jekaterina Novikova and Verena Rieser},
  booktitle = {Proceedings of the {INLG}},
  title     = {Findings of the {E2E} {NLG} Challenge},
  year      = {2018},
  pages     = {322--328},
  groups    = {D2T},
  timestamp = {Fri, 06 Aug 2021 00:40:48 +0200},
  url       = {https://doi.org/10.18653/v1/w18-6539},
}

@InProceedings{juraska2018deep,
  author    = {Juraj Juraska and Panagiotis Karagiannis and Kevin Bowden and Marilyn A. Walker},
  booktitle = {Proceedings of the {NAACL-HLT}},
  title     = {A Deep Ensemble Model with Slot Alignment for Sequence-To-Sequence Natural Language Generation},
  year      = {2018},
  pages     = {152--162},
  groups    = {D2T},
  timestamp = {Fri, 06 Aug 2021 00:41:32 +0200},
  url       = {https://doi.org/10.18653/v1/n18-1014},
}

@InProceedings{see2017get,
  author    = {Abigail See and Peter J. Liu and Christopher D. Manning},
  booktitle = {Proceedings of the {ACL}},
  title     = {Get to the Point: Summarization with Pointer-Generator Networks},
  year      = {2017},
  pages     = {1073--1083},
  comment   = {Copy mechanism as pointer},
  groups    = {attention + copy + residula + loss},
  timestamp = {Fri, 06 Aug 2021 00:40:58 +0200},
  url       = {https://doi.org/10.18653/v1/P17-1099},
}

@InProceedings{xu2015show,
  author    = {Kelvin Xu and Jimmy Ba and Ryan Kiros and Kyunghyun Cho and Aaron C. Courville and Ruslan Salakhutdinov and Richard S. Zemel and Yoshua Bengio},
  booktitle = {Proceedings of the {ICML}},
  title     = {Show, Attend and Tell: Neural Image Caption Generation with Visual Attention},
  year      = {2015},
  pages     = {2048--2057},
  volume    = {37},
  comment   = {attention},
  groups    = {attention + copy + residula + loss},
  timestamp = {Wed, 29 May 2019 08:41:46 +0200},
  url       = {http://proceedings.mlr.press/v37/xuc15.html},
}

@InProceedings{puduppully2019data,
  author    = {Ratish Puduppully and Li Dong and Mirella Lapata},
  booktitle = {Proceedings of the {AAAI}},
  title     = {Data-To-Text Generation with Content Selection and Planning},
  year      = {2019},
  pages     = {6908--6915},
  groups    = {D2T},
  timestamp = {Mon, 04 Sep 2023 12:29:24 +0200},
  url       = {https://doi.org/10.1609/aaai.v33i01.33016908},
}

@InProceedings{gu2016incorporating,
  author    = {Jiatao Gu and Zhengdong Lu and Hang Li and Victor O. K. Li},
  booktitle = {Proceedings of the {ACL}},
  title     = {Incorporating Copying Mechanism in Sequence-To-Sequence Learning},
  year      = {2016},
  comment   = {copy mechanism},
  groups    = {attention + copy + residula + loss},
  timestamp = {Fri, 06 Aug 2021 00:40:58 +0200},
  url       = {https://doi.org/10.18653/v1/p16-1154},
}

@InProceedings{guelcehre2016pointing,
  author    = {{\c{C}}aglar G{\"{u}}l{\c{c}}ehre and Sungjin Ahn and Ramesh Nallapati and Bowen Zhou and Yoshua Bengio},
  booktitle = {Proceedings of the {ACL}},
  title     = {Pointing the Unknown Words},
  year      = {2016},
  comment   = {copy mechanism},
  groups    = {attention + copy + residula + loss},
  timestamp = {Fri, 06 Aug 2021 00:40:58 +0200},
  url       = {https://doi.org/10.18653/v1/p16-1014},
}

@InProceedings{kedzie2020controllable,
  author    = {Chris Kedzie and Kathleen R. McKeown},
  booktitle = {Proceedings of the {EMNLP}},
  title     = {Controllable Meaning Representation to Text Generation: Linearization and Data Augmentation Strategies},
  year      = {2020},
  pages     = {5160--5185},
  groups    = {D2T},
  timestamp = {Wed, 23 Mar 2022 10:11:55 +0100},
  url       = {https://doi.org/10.18653/v1/2020.emnlp-main.419},
}

@InProceedings{ye2020variational,
  author    = {Rong Ye and Wenxian Shi and Hao Zhou and Zhongyu Wei and Lei Li},
  booktitle = {Proceedings of the {ICLR}},
  title     = {Variational Template Machine for Data-To-Text Generation},
  year      = {2020},
  groups    = {D2T},
  timestamp = {Wed, 09 Sep 2020 11:09:55 +0200},
  url       = {https://openreview.net/forum?id=HkejNgBtPB},
}

@InProceedings{holtzman2020curious,
  author    = {Ari Holtzman and Jan Buys and Li Du and Maxwell Forbes and Yejin Choi},
  booktitle = {Proceedings of the {ICLR}},
  title     = {The Curious Case of Neural Text Degeneration},
  year      = {2020},
  groups    = {decoding},
  timestamp = {Sat, 29 Apr 2023 10:09:26 +0200},
  url       = {https://openreview.net/forum?id=rygGQyrFvH},
}

@InProceedings{fan2018hierarchical,
  author    = {Angela Fan and Mike Lewis and Yann N. Dauphin},
  booktitle = {Proceedings of the {ACL}},
  title     = {Hierarchical Neural Story Generation},
  year      = {2018},
  pages     = {889--898},
  groups    = {decoding},
  timestamp = {Fri, 06 Aug 2021 00:40:57 +0200},
  url       = {https://aclanthology.org/P18-1082/},
}

@InProceedings{holtzman2018learning,
  author    = {Ari Holtzman and Jan Buys and Maxwell Forbes and Antoine Bosselut and David Golub and Yejin Choi},
  booktitle = {Proceedings of the {ACL}},
  title     = {Learning to Write with Cooperative Discriminators},
  year      = {2018},
  pages     = {1638--1649},
  groups    = {decoding, attention + copy + residula + loss},
  timestamp = {Sat, 29 Apr 2023 10:09:26 +0200},
  url       = {https://aclanthology.org/P18-1152/},
}

@InProceedings{welleck2020neural,
  author    = {Sean Welleck and Ilia Kulikov and Stephen Roller and Emily Dinan and Kyunghyun Cho and Jason Weston},
  booktitle = {Proceedings of the {ICLR}},
  title     = {Neural Text Generation with Unlikelihood Training},
  year      = {2020},
  groups    = {attention + copy + residula + loss},
  timestamp = {Thu, 07 May 2020 17:11:47 +0200},
  url       = {https://openreview.net/forum?id=SJeYe0NtvH},
}

@Article{zhang2020trading,
  author    = {Hugh Zhang and Daniel Duckworth and Daphne Ippolito and Arvind Neelakantan},
  journal   = {{CoRR}},
  title     = {Trading off Diversity and Quality in Natural Language Generation},
  year      = {2020},
  volume    = {abs/2004.10450},
  comment   = {diversity vs quality},
  groups    = {diversity, nlg evaluation, hallucination/faithful/factual},
  timestamp = {Tue, 28 Apr 2020 16:10:02 +0200},
  url       = {https://arxiv.org/abs/2004.10450},
}

@InProceedings{xiao2021hallucination,
  author    = {Yijun Xiao and William Yang Wang},
  booktitle = {Proceedings of the {EACL}},
  title     = {On Hallucination and Predictive Uncertainty in Conditional Language Generation},
  year      = {2021},
  pages     = {2734--2744},
  comment   = {hallucination in terms of uncertainty},
  groups    = {uncertainty, hallucination/faithful/factual},
  timestamp = {Thu, 20 Jan 2022 10:02:50 +0100},
  url       = {https://doi.org/10.18653/v1/2021.eacl-main.236},
}

@InProceedings{tevet2021evaluating,
  author    = {Guy Tevet and Jonathan Berant},
  booktitle = {Proceedings of the {EACL}},
  title     = {Evaluating the Evaluation of Diversity in Natural Language Generation},
  year      = {2021},
  pages     = {326--346},
  groups    = {diversity, nlg evaluation},
  timestamp = {Thu, 20 Jan 2022 10:02:53 +0100},
  url       = {https://doi.org/10.18653/v1/2021.eacl-main.25},
}

@InProceedings{lee2018hallucinations,
  author    = {Lee, Katherine and Firat, Orhan and Agarwal, Ashish and Fannjiang, Clara and Sussillo, David},
  booktitle = {{NeurIPS} Workshop on Interpretability and Robustness in Audio, Speech, and Language},
  title     = {Hallucinations in Neural Machine Translation},
  year      = {2018},
  comment   = {hallucination in MT},
  groups    = {hallucination/faithful/factual},
  url       = {https://openreview.net/pdf?id=SkxJ-309FQ},
}

@InProceedings{wang2020exposure,
  author    = {Chaojun Wang and Rico Sennrich},
  booktitle = {Proceedings of the {ACL}},
  title     = {On Exposure Bias, Hallucination and Domain Shift in Neural Machine Translation},
  year      = {2020},
  pages     = {3544--3552},
  comment   = {hallucination in MT},
  groups    = {hallucination/faithful/factual},
  timestamp = {Sat, 30 Sep 2023 09:33:33 +0200},
  url       = {https://doi.org/10.18653/v1/2020.acl-main.326},
}

@InProceedings{wang2020towards,
  author    = {Zhenyi Wang and Xiaoyang Wang and Bang An and Dong Yu and Changyou Chen},
  booktitle = {Proceedings of the {ACL}},
  title     = {Towards Faithful Neural Table-To-Text Generation with Content-Matching Constraints},
  year      = {2020},
  pages     = {1072--1086},
  comment   = {hallucination in D2T},
  groups    = {D2T, hallucination/faithful/factual},
  timestamp = {Fri, 05 May 2023 21:23:20 +0200},
  url       = {https://doi.org/10.18653/v1/2020.acl-main.101},
}

@Article{tian2019sticking,
  author    = {Ran Tian and Shashi Narayan and Thibault Sellam and Ankur P. Parikh},
  journal   = {{CoRR}},
  title     = {Sticking to the Facts: Confident Decoding for Faithful Data-To-Text Generation},
  year      = {2019},
  volume    = {abs/1910.08684},
  comment   = {extrinsic and intrinsic},
  groups    = {D2T, hallucination/faithful/factual},
  timestamp = {Tue, 22 Oct 2019 18:17:16 +0200},
  url       = {http://arxiv.org/abs/1910.08684},
}

@InProceedings{nie2019simple,
  author    = {Feng Nie and Jin{-}Ge Yao and Jinpeng Wang and Rong Pan and Chin{-}Yew Lin},
  booktitle = {Proceedings of the {ACL}},
  title     = {A Simple Recipe Towards Reducing Hallucination in Neural Surface Realisation},
  year      = {2019},
  pages     = {2673--2679},
  groups    = {D2T, source reference divergence},
  timestamp = {Tue, 27 Feb 2024 16:41:39 +0100},
  url       = {https://doi.org/10.18653/v1/p19-1256},
}

@Article{jarvis2013capturing,
  author  = {Jarvis, Scott},
  journal = {Language Learning},
  title   = {Capturing the Diversity in Lexical Diversity},
  year    = {2013},
  issn    = {0023-8333},
  number  = {s1},
  pages   = {87--106},
  volume  = {63},
  groups  = {diversity},
  url     = {https://scholarworks.iu.edu/journals/index.php/iulcwp/article/download/26883/32359},
}

@Article{bentz2017variation,
  author    = {Christian Bentz and Dimitrios Alikaniotis and Tanja Samardzic and Paula Buttery},
  journal   = {Journal of Quantitative Linguistics},
  title     = {Variation in Word Frequency Distributions: Definitions, Measures and Implications for a Corpus-Based Language Typology},
  year      = {2017},
  number    = {2-3},
  pages     = {128--162},
  volume    = {24},
  groups    = {diversity},
  timestamp = {Fri, 22 May 2020 15:37:19 +0200},
  url       = {https://doi.org/10.1080/09296174.2016.1265792},
}

@Article{gries2010useful,
  author  = {Gries, Stefan Th},
  journal = {A mosaic of corpus linguistics: Selected approaches},
  title   = {Useful Statistics for Corpus Linguistics},
  year    = {2010},
  pages   = {269--291},
  volume  = {66},
  groups  = {diversity},
  url     = {https://www.stgries.info/research/2010_STG_UsefulStats4CorpLing_MosaicCorpLing.pdf},
}

@Article{gries2022more,
  author   = {Stefan Th. Gries},
  journal  = {Research Methods in Applied Linguistics},
  title    = {Toward More Careful Corpus Statistics: Uncertainty Estimates for Frequencies, Dispersions, Association Measures, and More},
  year     = {2022},
  issn     = {2772-7661},
  number   = {1},
  pages    = {100002},
  volume   = {1},
  groups   = {diversity},
  keywords = {Corpus linguistics, Frequency, Dispersion, Association, Bootstrapping, Interval estimates},
  url      = {https://www.sciencedirect.com/science/article/pii/S2772766121000021},
}

@InProceedings{sellam2020bleurt,
  author    = {Thibault Sellam and Dipanjan Das and Ankur P. Parikh},
  booktitle = {Proceedings of the {ACL}},
  title     = {{BLEURT:} Learning Robust Metrics for Text Generation},
  year      = {2020},
  pages     = {7881--7892},
  groups    = {nlg evaluation},
  timestamp = {Fri, 06 Aug 2021 00:40:55 +0200},
  url       = {https://doi.org/10.18653/v1/2020.acl-main.704},
}

@InProceedings{dhingra2019handling,
  author    = {Bhuwan Dhingra and Manaal Faruqui and Ankur P. Parikh and Ming{-}Wei Chang and Dipanjan Das and William W. Cohen},
  booktitle = {Proceedings of the {ACL}},
  title     = {Handling Divergent Reference Texts When Evaluating Table-To-Text Generation},
  year      = {2019},
  pages     = {4884--4895},
  groups    = {source reference divergence, nlg evaluation},
  timestamp = {Fri, 06 Aug 2021 00:41:01 +0200},
  url       = {https://doi.org/10.18653/v1/p19-1483},
}

@InProceedings{papineni2002bleu,
  author    = {Kishore Papineni and Salim Roukos and Todd Ward and Wei{-}Jing Zhu},
  booktitle = {Proceedings of the {ACL}},
  title     = {Bleu: A Method for Automatic Evaluation of Machine Translation},
  year      = {2002},
  pages     = {311--318},
  groups    = {nlg evaluation},
  timestamp = {Fri, 06 Aug 2021 00:40:58 +0200},
  url       = {https://aclanthology.org/P02-1040/},
}

@InProceedings{perezbeltrachini2017analysing,
  author    = {Laura Perez{-}Beltrachini and Claire Gardent},
  booktitle = {Proceedings of the {INLG}},
  title     = {Analysing Data-To-Text Generation Benchmarks},
  year      = {2017},
  pages     = {238--242},
  groups    = {D2T, source reference divergence},
  timestamp = {Fri, 06 Aug 2021 00:40:48 +0200},
  url       = {https://doi.org/10.18653/v1/w17-3537},
}

@InProceedings{lin2004rouge,
  author    = {Lin, Chin-Yew},
  booktitle = {Proceedings of the {Text Summarization Branches Out}},
  title     = {{ROUGE}: A Package for Automatic Evaluation of Summaries},
  year      = {2004},
  address   = {Barcelona, Spain},
  pages     = {74--81},
  groups    = {nlg evaluation},
  url       = {https://aclanthology.org/W04-1013},
}

@InProceedings{banerjee2005meteor,
  author    = {Satanjeev Banerjee and Alon Lavie},
  booktitle = {Proceedings of the {Workshop on Intrinsic and Extrinsic Evaluation Measures for Machine Translation and/or Summarization}},
  title     = {{METEOR:} an Automatic Metric for {MT} Evaluation with Improved Correlation with Human Judgments},
  year      = {2005},
  pages     = {65--72},
  groups    = {nlg evaluation},
  timestamp = {Fri, 06 Aug 2021 00:40:57 +0200},
  url       = {https://aclanthology.org/W05-0909/},
}

@Article{dusek2020evaluating,
  author    = {Ondrej Dusek and Jekaterina Novikova and Verena Rieser},
  journal   = {Computer Speech and Language},
  title     = {Evaluating the State-Of-The-Art of End-To-End Natural Language Generation: The {E2E} {NLG} Challenge},
  year      = {2020},
  pages     = {123--156},
  volume    = {59},
  groups    = {D2T, nlg evaluation},
  timestamp = {Thu, 20 Feb 2020 11:32:20 +0100},
  url       = {https://doi.org/10.1016/j.csl.2019.06.009},
}

@Article{reiter2018structured,
  author    = {Ehud Reiter},
  journal   = {Computational Linguistics},
  title     = {A Structured Review of the Validity of {BLEU}},
  year      = {2018},
  number    = {3},
  volume    = {44},
  groups    = {nlg evaluation},
  timestamp = {Mon, 26 Oct 2020 08:46:12 +0100},
  url       = {https://doi.org/10.1162/coli\_a\_00322},
}


@InProceedings{novikova2017why,
  author    = {Jekaterina Novikova and Ondrej Dusek and Amanda Cercas Curry and Verena Rieser},
  booktitle = {Proceedings of the {EMNLP}},
  title     = {Why We Need New Evaluation Metrics for {NLG}},
  year      = {2017},
  pages     = {2241--2252},
  groups    = {nlg evaluation},
  timestamp = {Fri, 06 Aug 2021 00:40:20 +0200},
  url       = {https://doi.org/10.18653/v1/d17-1238},
}

@InProceedings{chaganty2018price,
  author    = {Arun Tejasvi Chaganty and Stephen Mussmann and Percy Liang},
  booktitle = {Proceedings of the {ACL}},
  title     = {The Price of Debiasing Automatic Metrics in Natural Language Evalaution},
  year      = {2018},
  pages     = {643--653},
  groups    = {nlg evaluation},
  timestamp = {Fri, 06 Aug 2021 00:40:54 +0200},
  url       = {https://aclanthology.org/P18-1060/},
}

@InProceedings{belz2006comparing,
  author    = {Anja Belz and Ehud Reiter},
  booktitle = {Proceedings of the {EACL}},
  title     = {Comparing Automatic and Human Evaluation of {NLG} Systems},
  year      = {2006},
  groups    = {nlg evaluation},
  timestamp = {Fri, 06 Aug 2021 00:40:45 +0200},
  url       = {https://aclanthology.org/E06-1040/},
}

@InProceedings{belz2020disentangling,
  author    = {Anya Belz and Simon Mille and David M. Howcroft},
  booktitle = {Proceedings of the {INLG}},
  title     = {Disentangling the Properties of Human Evaluation Methods: {A} Classification System to Support Comparability, Meta-Evaluation and Reproducibility Testing},
  year      = {2020},
  pages     = {183--194},
  groups    = {nlg evaluation},
  timestamp = {Fri, 12 Apr 2024 13:11:55 +0200},
  url       = {https://doi.org/10.18653/v1/2020.inlg-1.24},
}

@InProceedings{bojar2016findings,
  author    = {Ondrej Bojar and Rajen Chatterjee and Christian Federmann and Yvette Graham and Barry Haddow and Matthias Huck and Antonio Jimeno{-}Yepes and Philipp Koehn and Varvara Logacheva and Christof Monz and Matteo Negri and Aur{\'{e}}lie N{\'{e}}v{\'{e}}ol and Mariana L. Neves and Martin Popel and Matt Post and Raphael Rubino and Carolina Scarton and Lucia Specia and Marco Turchi and Karin Verspoor and Marcos Zampieri},
  booktitle = {Proceedings of the {WMT}},
  title     = {Findings of the 2016 Conference on Machine Translation},
  year      = {2016},
  pages     = {131--198},
  groups    = {nlg evaluation},
  timestamp = {Mon, 05 Feb 2024 20:34:46 +0100},
  url       = {https://doi.org/10.18653/v1/w16-2301},
}

@InProceedings{conneau2017supervised,
  author    = {Alexis Conneau and Douwe Kiela and Holger Schwenk and Lo{\"{\i}}c Barrault and Antoine Bordes},
  booktitle = {Proceedings of the {EMNLP}},
  title     = {Supervised Learning of Universal Sentence Representations from Natural Language Inference Data},
  year      = {2017},
  pages     = {670--680},
  comment   = {Infersent},
  groups    = {(language) models},
  timestamp = {Fri, 06 Aug 2021 00:40:27 +0200},
  url       = {https://doi.org/10.18653/v1/d17-1070},
}

@Article{maaten2008visualizing,
  author  = {Laurens van der Maaten and Geoffrey Hinton},
  journal = {Journal of Machine Learning Research},
  title   = {Visualizing Data Using T-Sne},
  year    = {2008},
  number  = {86},
  pages   = {2579--2605},
  volume  = {9},
  comment = {t-sne},
  groups  = {must have},
  url     = {http://jmlr.org/papers/v9/vandermaaten08a.html},
}

@InProceedings{krizhevsky2012imagenet,
  author    = {Alex Krizhevsky and Ilya Sutskever and Geoffrey E. Hinton},
  booktitle = {Proceedings of the {NeurIPS}},
  title     = {Imagenet Classification with Deep Convolutional Neural Networks},
  year      = {2012},
  pages     = {1106--1114},
  groups    = {attention + copy + residula + loss},
  timestamp = {Mon, 16 May 2022 15:41:51 +0200},
  url       = {https://proceedings.neurips.cc/paper/2012/hash/c399862d3b9d6b76c8436e924a68c45b-Abstract.html},
}

@InProceedings{lewis2020bart,
  author    = {Mike Lewis and Yinhan Liu and Naman Goyal and Marjan Ghazvininejad and Abdelrahman Mohamed and Omer Levy and Veselin Stoyanov and Luke Zettlemoyer},
  booktitle = {Proceedings of the {ACL}},
  title     = {{BART:} Denoising Sequence-To-Sequence Pre-Training for Natural Language Generation, Translation, and Comprehension},
  year      = {2020},
  pages     = {7871--7880},
  comment   = {BART},
  groups    = {(language) models},
  timestamp = {Wed, 16 Mar 2022 23:55:02 +0100},
  url       = {https://doi.org/10.18653/v1/2020.acl-main.703},
}

@InProceedings{zhu2018texygen,
  author    = {Yaoming Zhu and Sidi Lu and Lei Zheng and Jiaxian Guo and Weinan Zhang and Jun Wang and Yong Yu},
  booktitle = {Proceedings of the {SIGIR}},
  title     = {Texygen: {A} Benchmarking Platform for Text Generation Models},
  year      = {2018},
  pages     = {1097--1100},
  groups    = {nlg evaluation, datasets},
  timestamp = {Wed, 16 Sep 2020 13:34:22 +0200},
  url       = {https://doi.org/10.1145/3209978.3210080},
}

@InProceedings{li2016diversity,
  author    = {Jiwei Li and Michel Galley and Chris Brockett and Jianfeng Gao and Bill Dolan},
  booktitle = {Proceedings of the {NAACL-HLT}},
  title     = {A Diversity-Promoting Objective Function for Neural Conversation Models},
  year      = {2016},
  pages     = {110--119},
  groups    = {diversity},
  timestamp = {Thu, 11 Apr 2024 13:33:56 +0200},
  url       = {https://doi.org/10.18653/v1/n16-1014},
}

@InProceedings{wolf2020transformers,
  author    = {Thomas Wolf and Lysandre Debut and Victor Sanh and Julien Chaumond and Clement Delangue and Anthony Moi and Pierric Cistac and Tim Rault and R{\'{e}}mi Louf and Morgan Funtowicz and Joe Davison and Sam Shleifer and Patrick von Platen and Clara Ma and Yacine Jernite and Julien Plu and Canwen Xu and Teven Le Scao and Sylvain Gugger and Mariama Drame and Quentin Lhoest and Alexander M. Rush},
  booktitle = {Proceedings of the {EMNLP}},
  title     = {Transformers: State-Of-The-Art Natural Language Processing},
  year      = {2020},
  pages     = {38--45},
  comment   = {Huggingface},
  groups    = {(language) models},
  timestamp = {Mon, 28 Aug 2023 21:17:11 +0200},
  url       = {https://doi.org/10.18653/v1/2020.emnlp-demos.6},
}

@InProceedings{kingma2015adam,
  author    = {Diederik P. Kingma and Jimmy Ba},
  booktitle = {Proceedings of the {ICLR}},
  title     = {Adam: {A} Method for Stochastic Optimization},
  year      = {2015},
  comment   = {adam},
  groups    = {must have},
  timestamp = {Thu, 25 Jul 2019 14:25:37 +0200},
  url       = {http://arxiv.org/abs/1412.6980},
}

@Article{hinton2015distilling,
  author    = {Geoffrey E. Hinton and Oriol Vinyals and Jeffrey Dean},
  journal   = {{CoRR}},
  title     = {Distilling the Knowledge in a Neural Network},
  year      = {2015},
  volume    = {abs/1503.02531},
  groups    = {calibration and distillation},
  timestamp = {Mon, 13 Aug 2018 16:48:36 +0200},
  url       = {http://arxiv.org/abs/1503.02531},
}

@InProceedings{nan2021dart,
  author    = {Linyong Nan and Dragomir R. Radev and Rui Zhang and Amrit Rau and Abhinand Sivaprasad and Chiachun Hsieh and Xiangru Tang and Aadit Vyas and Neha Verma and Pranav Krishna and Yangxiaokang Liu and Nadia Irwanto and Jessica Pan and Faiaz Rahman and Ahmad Zaidi and Mutethia Mutuma and Yasin Tarabar and Ankit Gupta and Tao Yu and Yi Chern Tan and Xi Victoria Lin and Caiming Xiong and Richard Socher and Nazneen Fatema Rajani},
  booktitle = {Proceedings of the {NAACL-HLT}},
  title     = {{DART:} Open-Domain Structured Data Record to Text Generation},
  year      = {2021},
  pages     = {432--447},
  groups    = {datasets, D2T},
  timestamp = {Fri, 06 Oct 2023 09:57:06 +0200},
  url       = {https://doi.org/10.18653/v1/2021.naacl-main.37},
}

@InProceedings{juraska2019viggo,
  author    = {Juraj Juraska and Kevin Bowden and Marilyn A. Walker},
  booktitle = {Proceedings of the {INLG}},
  title     = {Viggo: {A} Video Game Corpus for Data-To-Text Generation in Open-Domain Conversation},
  year      = {2019},
  pages     = {164--172},
  groups    = {datasets},
  timestamp = {Thu, 05 Aug 2021 18:16:01 +0200},
  url       = {https://aclanthology.org/W19-8623/},
}

@InProceedings{ahuja2022calibration,
  author    = {Kabir Ahuja and Sunayana Sitaram and Sandipan Dandapat and Monojit Choudhury},
  booktitle = {Proceedings of the {EMNLP}},
  title     = {On the Calibration of Massively Multilingual Language Models},
  year      = {2022},
  pages     = {4310--4323},
  groups    = {calibration and distillation},
  timestamp = {Thu, 10 Aug 2023 12:35:35 +0200},
  url       = {https://doi.org/10.18653/v1/2022.emnlp-main.290},
}

@InProceedings{si2022re,
  author    = {Chenglei Si and Chen Zhao and Sewon Min and Jordan L. Boyd{-}Graber},
  booktitle = {Proceedings of the {EMNLP Findings}},
  title     = {Re-Examining Calibration: The Case of Question Answering},
  year      = {2022},
  pages     = {2814--2829},
  groups    = {calibration and distillation},
  timestamp = {Thu, 10 Aug 2023 12:35:37 +0200},
  url       = {https://doi.org/10.18653/v1/2022.findings-emnlp.204},
}

@InProceedings{chen2023close,
  author    = {Yangyi Chen and Lifan Yuan and Ganqu Cui and Zhiyuan Liu and Heng Ji},
  booktitle = {Proceedings of the {ACL}},
  title     = {A Close Look into the Calibration of Pre-Trained Language Models},
  year      = {2023},
  pages     = {1343--1367},
  groups    = {calibration and distillation},
  timestamp = {Thu, 10 Aug 2023 12:35:53 +0200},
  url       = {https://doi.org/10.18653/v1/2023.acl-long.75},
}

@InProceedings{kumar2018trainable,
  author    = {Aviral Kumar and Sunita Sarawagi and Ujjwal Jain},
  booktitle = {Proceedings of the {ICML}},
  title     = {Trainable Calibration Measures for Neural Networks from Kernel Mean Embeddings},
  year      = {2018},
  pages     = {2810--2819},
  volume    = {80},
  groups    = {calibration and distillation},
  timestamp = {Wed, 03 Apr 2019 18:17:30 +0200},
  url       = {http://proceedings.mlr.press/v80/kumar18a.html},
}

@InProceedings{dror2018hitchhikers,
  author    = {Rotem Dror and Gili Baumer and Segev Shlomov and Roi Reichart},
  booktitle = {Proceedings of the {ACL}},
  title     = {The Hitchhiker's Guide to Testing Statistical Significance in Natural Language Processing},
  year      = {2018},
  pages     = {1383--1392},
  comment   = {statistical testing},
  groups    = {must have},
  timestamp = {Fri, 06 Aug 2021 00:41:03 +0200},
  url       = {https://aclanthology.org/P18-1128/},
}

@InProceedings{deng2009imagenet,
  author    = {Jia Deng and Wei Dong and Richard Socher and Li{-}Jia Li and Kai Li and Li Fei{-}Fei},
  booktitle = {Proceedings of the {CVPR}},
  title     = {Imagenet: {A} Large-Scale Hierarchical Image Database},
  year      = {2009},
  pages     = {248--255},
  groups    = {datasets},
  timestamp = {Fri, 24 Mar 2023 00:02:52 +0100},
  url       = {https://doi.org/10.1109/CVPR.2009.5206848},
}

@Article{touvron2023llama,
  author    = {Hugo Touvron and Louis Martin and Kevin Stone and Peter Albert and Amjad Almahairi and Yasmine Babaei and Nikolay Bashlykov and Soumya Batra and Prajjwal Bhargava and Shruti Bhosale and Dan Bikel and Lukas Blecher and Cristian Canton{-}Ferrer and Moya Chen and Guillem Cucurull and David Esiobu and Jude Fernandes and Jeremy Fu and Wenyin Fu and Brian Fuller and Cynthia Gao and Vedanuj Goswami and Naman Goyal and Anthony Hartshorn and Saghar Hosseini and Rui Hou and Hakan Inan and Marcin Kardas and Viktor Kerkez and Madian Khabsa and Isabel Kloumann and Artem Korenev and Punit Singh Koura and Marie{-}Anne Lachaux and Thibaut Lavril and Jenya Lee and Diana Liskovich and Yinghai Lu and Yuning Mao and Xavier Martinet and Todor Mihaylov and Pushkar Mishra and Igor Molybog and Yixin Nie and Andrew Poulton and Jeremy Reizenstein and Rashi Rungta and Kalyan Saladi and Alan Schelten and Ruan Silva and Eric Michael Smith and Ranjan Subramanian and Xiaoqing Ellen Tan and Binh Tang and Ross Taylor and Adina Williams and Jian Xiang Kuan and Puxin Xu and Zheng Yan and Iliyan Zarov and Yuchen Zhang and Angela Fan and Melanie Kambadur and Sharan Narang and Aur{\'{e}}lien Rodriguez and Robert Stojnic and Sergey Edunov and Thomas Scialom},
  journal   = {{CoRR}},
  title     = {Llama 2: Open Foundation and Fine-Tuned Chat Models},
  year      = {2023},
  volume    = {abs/2307.09288},
  comment   = {Llama 2},
  groups    = {(language) models},
  timestamp = {Mon, 28 Aug 2023 21:26:22 +0200},
  url       = {https://doi.org/10.48550/arXiv.2307.09288},
}

@Article{scao2022bloom,
  author    = {Teven Le Scao and Angela Fan and Christopher Akiki and Ellie Pavlick and Suzana Ilic and Daniel Hesslow and Roman Castagn{\'{e}} and Alexandra Sasha Luccioni and Fran{\c{c}}ois Yvon and Matthias Gall{\'{e}} and Jonathan Tow and Alexander M. Rush and Stella Biderman and Albert Webson and Pawan Sasanka Ammanamanchi and Thomas Wang and Beno{\^{\i}}t Sagot and Niklas Muennighoff and Albert Villanova del Moral and Olatunji Ruwase and Rachel Bawden and Stas Bekman and Angelina McMillan{-}Major and Iz Beltagy and Huu Nguyen and Lucile Saulnier and Samson Tan and Pedro Ortiz Suarez and Victor Sanh and Hugo Lauren{\c{c}}on and Yacine Jernite and Julien Launay and Margaret Mitchell and Colin Raffel and Aaron Gokaslan and Adi Simhi and Aitor Soroa and Alham Fikri Aji and Amit Alfassy and Anna Rogers and Ariel Kreisberg Nitzav and Canwen Xu and Chenghao Mou and Chris Emezue and Christopher Klamm and Colin Leong and Daniel van Strien and David Ifeoluwa Adelani and et al.},
  journal   = {{CoRR}},
  title     = {{BLOOM:} {A} 176b-Parameter Open-Access Multilingual Language Model},
  year      = {2022},
  volume    = {abs/2211.05100},
  comment   = {BLOOM},
  groups    = {(language) models},
  timestamp = {Mon, 28 Aug 2023 21:26:22 +0200},
  url       = {https://doi.org/10.48550/arXiv.2211.05100},
}

@InProceedings{brown2020language,
  author    = {Tom B. Brown and Benjamin Mann and Nick Ryder and Melanie Subbiah and Jared Kaplan and Prafulla Dhariwal and Arvind Neelakantan and Pranav Shyam and Girish Sastry and Amanda Askell and Sandhini Agarwal and Ariel Herbert{-}Voss and Gretchen Krueger and Tom Henighan and Rewon Child and Aditya Ramesh and Daniel M. Ziegler and Jeffrey Wu and Clemens Winter and Christopher Hesse and Mark Chen and Eric Sigler and Mateusz Litwin and Scott Gray and Benjamin Chess and Jack Clark and Christopher Berner and Sam McCandlish and Alec Radford and Ilya Sutskever and Dario Amodei},
  booktitle = {Proceedings of the {NeurIPS}},
  title     = {Language Models Are Few-Shot Learners},
  year      = {2020},
  comment   = {GPT 3},
  groups    = {(language) models},
  timestamp = {Thu, 25 May 2023 10:38:31 +0200},
  url       = {https://proceedings.neurips.cc/paper/2020/hash/1457c0d6bfcb4967418bfb8ac142f64a-Abstract.html},
}

@Article{zhang2022opt,
  author    = {Susan Zhang and Stephen Roller and Naman Goyal and Mikel Artetxe and Moya Chen and Shuohui Chen and Christopher Dewan and Mona T. Diab and Xian Li and Xi Victoria Lin and Todor Mihaylov and Myle Ott and Sam Shleifer and Kurt Shuster and Daniel Simig and Punit Singh Koura and Anjali Sridhar and Tianlu Wang and Luke Zettlemoyer},
  journal   = {{CoRR}},
  title     = {{OPT:} Open Pre-Trained Transformer Language Models},
  year      = {2022},
  volume    = {abs/2205.01068},
  comment   = {OPT},
  groups    = {(language) models},
  timestamp = {Thu, 22 Sep 2022 19:27:06 +0200},
  url       = {https://doi.org/10.48550/arXiv.2205.01068},
}

@Article{lin2024survey,
  author    = {Yupian Lin and Tong Ruan and Jingping Liu and Haofen Wang},
  journal   = {{IEEE} Transactions on Knowledge and Data Engineering},
  title     = {A Survey on Neural Data-To-Text Generation},
  year      = {2024},
  number    = {4},
  pages     = {1431--1449},
  volume    = {36},
  groups    = {survey, D2T},
  timestamp = {Mon, 01 Apr 2024 11:15:01 +0200},
  url       = {https://doi.org/10.1109/TKDE.2023.3304385},
}

@Article{thomson2023evaluating,
  author    = {Craig Thomson and Ehud Reiter and Barkavi Sundararajan},
  journal   = {Computer Speech and Language},
  title     = {Evaluating Factual Accuracy in Complex Data-To-Text},
  year      = {2023},
  pages     = {101482},
  volume    = {80},
  comment   = {Factualness in D2T},
  groups    = {nlg evaluation, hallucination/faithful/factual},
  timestamp = {Mon, 01 May 2023 13:02:28 +0200},
  url       = {https://doi.org/10.1016/j.csl.2023.101482},
}

@InProceedings{upadhyay2023cbr,
  author    = {Ashish Upadhyay and Stewart Massie},
  booktitle = {Proceedings of the {ICCBR}},
  title     = {{CBR} Assisted Context-Aware Surface Realisation for Data-To-Text Generation},
  year      = {2023},
  pages     = {34--49},
  volume    = {14141},
  groups    = {D2T},
  timestamp = {Wed, 02 Aug 2023 15:23:48 +0200},
  url       = {https://doi.org/10.1007/978-3-031-40177-0\_3},
}

@Article{jing2024stylized,
  author    = {Liqiang Jing and Xuemeng Song and Xuming Lin and Zhongzhou Zhao and Wei Zhou and Liqiang Nie},
  journal   = {{ACM} Transactions on Information Systems},
  title     = {Stylized Data-To-Text Generation: {A} Case Study in the E-Commerce Domain},
  year      = {2024},
  number    = {1},
  pages     = {25:1--25:24},
  volume    = {42},
  groups    = {D2T},
  timestamp = {Thu, 23 Nov 2023 21:16:26 +0100},
  url       = {https://doi.org/10.1145/3603374},
}

@InProceedings{garneau2023guided,
  author    = {Nicolas Garneau and Luc Lamontagne},
  booktitle = {Proceedings of the {INLG}},
  title     = {Guided Beam Search to Improve Generalization in Low-Resource Data-To-Text Generation},
  year      = {2023},
  pages     = {1--14},
  groups    = {D2T},
  timestamp = {Fri, 12 Apr 2024 13:11:56 +0200},
  url       = {https://doi.org/10.18653/v1/2023.inlg-main.1},
}

@InProceedings{yuan2021bartscore,
  author    = {Weizhe Yuan and Graham Neubig and Pengfei Liu},
  booktitle = {Proceedings of the {NeurIPS}},
  title     = {Bartscore: Evaluating Generated Text As Text Generation},
  year      = {2021},
  pages     = {27263--27277},
  groups    = {nlg evaluation},
  timestamp = {Tue, 03 May 2022 16:20:49 +0200},
  url       = {https://proceedings.neurips.cc/paper/2021/hash/e4d2b6e6fdeca3e60e0f1a62fee3d9dd-Abstract.html},
}

@InProceedings{zhang2020bertscore,
  author    = {Tianyi Zhang and Varsha Kishore and Felix Wu and Kilian Q. Weinberger and Yoav Artzi},
  booktitle = {Proceedings of the {ICLR}},
  title     = {Bertscore: Evaluating Text Generation with {BERT}},
  year      = {2020},
  groups    = {nlg evaluation},
  timestamp = {Wed, 03 Jun 2020 10:08:32 +0200},
  url       = {https://openreview.net/forum?id=SkeHuCVFDr},
}

@InProceedings{dettmers2023qlora,
  author    = {Tim Dettmers and Artidoro Pagnoni and Ari Holtzman and Luke Zettlemoyer},
  booktitle = {Proceedings of the {NeurIPS}},
  title     = {Qlora: Efficient Finetuning of Quantized Llms},
  year      = {2023},
  comment   = {QLoRA},
  groups    = {must have},
  timestamp = {Fri, 01 Mar 2024 16:26:19 +0100},
  url       = {http://papers.nips.cc/paper\_files/paper/2023/hash/1feb87871436031bdc0f2beaa62a049b-Abstract-Conference.html},
}

@Article{freitag2021experts,
  author    = {Markus Freitag and George F. Foster and David Grangier and Viresh Ratnakar and Qijun Tan and Wolfgang Macherey},
  journal   = {Transactions of the Association for Computational Linguistics},
  title     = {Experts, Errors, and Context: {A} Large-Scale Study of Human Evaluation for Machine Translation},
  year      = {2021},
  pages     = {1460--1474},
  volume    = {9},
  comment   = {human evaluation not a need},
  groups    = {nlg evaluation},
  timestamp = {Fri, 02 Sep 2022 10:50:08 +0200},
  url       = {https://doi.org/10.1162/tacl\_a\_00437},
}

@Article{chowdhery2023palm,
  author    = {Aakanksha Chowdhery and Sharan Narang and Jacob Devlin and Maarten Bosma and Gaurav Mishra and Adam Roberts and Paul Barham and Hyung Won Chung and Charles Sutton and Sebastian Gehrmann and Parker Schuh and Kensen Shi and Sasha Tsvyashchenko and Joshua Maynez and Abhishek Rao and Parker Barnes and Yi Tay and Noam Shazeer and Vinodkumar Prabhakaran and Emily Reif and Nan Du and Ben Hutchinson and Reiner Pope and James Bradbury and Jacob Austin and Michael Isard and Guy Gur{-}Ari and Pengcheng Yin and Toju Duke and Anselm Levskaya and Sanjay Ghemawat and Sunipa Dev and Henryk Michalewski and Xavier Garcia and Vedant Misra and Kevin Robinson and Liam Fedus and Denny Zhou and Daphne Ippolito and David Luan and Hyeontaek Lim and Barret Zoph and Alexander Spiridonov and Ryan Sepassi and David Dohan and Shivani Agrawal and Mark Omernick and Andrew M. Dai and Thanumalayan Sankaranarayana Pillai and Marie Pellat and Aitor Lewkowycz and Erica Moreira and Rewon Child and Oleksandr Polozov and Katherine Lee and Zongwei Zhou and Xuezhi Wang and Brennan Saeta and Mark Diaz and Orhan Firat and Michele Catasta and Jason Wei and Kathy Meier{-}Hellstern and Douglas Eck and Jeff Dean and Slav Petrov and Noah Fiedel},
  journal   = {Journal of Machine Learning Research},
  title     = {Palm: Scaling Language Modeling with Pathways},
  year      = {2023},
  pages     = {240:1--240:113},
  volume    = {24},
  comment   = {PALM},
  groups    = {(language) models},
  timestamp = {Thu, 19 Oct 2023 09:44:46 +0200},
  url       = {http://jmlr.org/papers/v24/22-1144.html},
}

@InProceedings{zhao2019moverscore,
  author    = {Wei Zhao and Maxime Peyrard and Fei Liu and Yang Gao and Christian M. Meyer and Steffen Eger},
  booktitle = {Proceedings of the {EMNLP}},
  title     = {Moverscore: Text Generation Evaluating with Contextualized Embeddings and Earth Mover Distance},
  year      = {2019},
  pages     = {563--578},
  groups    = {nlg evaluation},
  timestamp = {Thu, 07 Apr 2022 09:14:07 +0200},
  url       = {https://doi.org/10.18653/v1/D19-1053},
}

@InProceedings{post2018call,
  author    = {Matt Post},
  booktitle = {Proceedings of the {WMT}},
  title     = {A Call for Clarity in Reporting {BLEU} Scores},
  year      = {2018},
  pages     = {186--191},
  groups    = {nlg evaluation},
  timestamp = {Thu, 17 Feb 2022 16:43:16 +0100},
  url       = {https://doi.org/10.18653/v1/w18-6319},
}

@Article{li2024unifying,
  author  = {Li, Shujie and Li, Liang and Geng, Ruiying and Yang, Min and Li, Binhua and Yuan, Guanghu and He, Wanwei and Yuan, Shao and Ma, Can and Huang, Fei and others},
  journal = {Transactions of the Association for Computational Linguistics},
  title   = {Unifying Structured Data As Graph for Data-To-Text Pre-Training},
  year    = {2024},
  issn    = {2307-387X},
  pages   = {210--228},
  volume  = {12},
  groups  = {D2T},
  url     = {https://direct.mit.edu/tacl/article-pdf/doi/10.1162/tacl_a_00641/2346090/tacl_a_00641.pdf},
}

@Article{kasner2024reference,
  author    = {Zdenek Kasner and Ondrej Dusek},
  journal   = {{CoRR}},
  title     = {Beyond Reference-Based Metrics: Analyzing Behaviors of Open Llms on Data-To-Text Generation},
  year      = {2024},
  volume    = {abs/2401.10186},
  groups    = {nlg evaluation, D2T},
  timestamp = {Fri, 02 Feb 2024 14:13:19 +0100},
  url       = {https://doi.org/10.48550/arXiv.2401.10186},
}

@InProceedings{kasner2023tabgenie,
  author    = {Zdenek Kasner and Ekaterina Garanina and Ondrej Pl{\'{a}}tek and Ondrej Dusek},
  booktitle = {Proceedings of the {ACL}},
  title     = {Tabgenie: {A} Toolkit for Table-To-Text Generation},
  year      = {2023},
  pages     = {444--455},
  groups    = {D2T, datasets},
  timestamp = {Sat, 30 Sep 2023 09:33:30 +0200},
  url       = {https://doi.org/10.18653/v1/2023.acl-demo.42},
}

@InProceedings{roberts2020how,
  author    = {Adam Roberts and Colin Raffel and Noam Shazeer},
  booktitle = {Proceedings of the {EMNLP}},
  title     = {How Much Knowledge Can You Pack into the Parameters of a Language Model?},
  year      = {2020},
  pages     = {5418--5426},
  groups    = {LLM size},
  timestamp = {Wed, 23 Mar 2022 10:11:55 +0100},
  url       = {https://doi.org/10.18653/v1/2020.emnlp-main.437},
}

@InProceedings{aghajanyan2021intrinsic,
  author    = {Armen Aghajanyan and Sonal Gupta and Luke Zettlemoyer},
  booktitle = {Proceedings of the {ACL/IJCNLP}},
  title     = {Intrinsic Dimensionality Explains the Effectiveness of Language Model Fine-Tuning},
  year      = {2021},
  pages     = {7319--7328},
  groups    = {LLM size},
  timestamp = {Mon, 09 Aug 2021 16:25:37 +0200},
  url       = {https://doi.org/10.18653/v1/2021.acl-long.568},
}

@InProceedings{heinzerling2021language,
  author    = {Benjamin Heinzerling and Kentaro Inui},
  booktitle = {Proceedings of the {EACL}},
  title     = {Language Models As Knowledge Bases: On Entity Representations, Storage Capacity, and Paraphrased Queries},
  year      = {2021},
  pages     = {1772--1791},
  groups    = {LLM size},
  timestamp = {Thu, 20 Jan 2022 10:02:49 +0100},
  url       = {https://doi.org/10.18653/v1/2021.eacl-main.153},
}

@InProceedings{petroni2019language,
  author    = {Fabio Petroni and Tim Rockt{\"{a}}schel and Sebastian Riedel and Patrick S. H. Lewis and Anton Bakhtin and Yuxiang Wu and Alexander H. Miller},
  booktitle = {Proceedings of the {EMNLP}},
  title     = {Language Models As Knowledge Bases?},
  year      = {2019},
  pages     = {2463--2473},
  groups    = {LLM size},
  timestamp = {Thu, 07 Apr 2022 09:14:07 +0200},
  url       = {https://doi.org/10.18653/v1/D19-1250},
}

@InProceedings{tulchinskii2023intrinsic,
  author    = {Eduard Tulchinskii and Kristian Kuznetsov and Laida Kushnareva and Daniil Cherniavskii and Sergey I. Nikolenko and Evgeny Burnaev and Serguei Barannikov and Irina Piontkovskaya},
  booktitle = {Proceedings of the {NeurIPS}},
  title     = {Intrinsic Dimension Estimation for Robust Detection of Ai-Generated Texts},
  year      = {2023},
  groups    = {LLM size},
  timestamp = {Fri, 01 Mar 2024 16:26:20 +0100},
  url       = {http://papers.nips.cc/paper\_files/paper/2023/hash/7baa48bc166aa2013d78cbdc15010530-Abstract-Conference.html},
}

@InProceedings{islam2023tackling,
  author    = {Saad Obaid ul Islam and Iza Skrjanec and Ondrej Dusek and Vera Demberg},
  booktitle = {Proceedings of the {INLG}},
  title     = {Tackling Hallucinations in Neural Chart Summarization},
  year      = {2023},
  pages     = {414--423},
  comment   = {hallucinations in MT},
  groups    = {source reference divergence, hallucination/faithful/factual},
  timestamp = {Fri, 12 Apr 2024 13:11:55 +0200},
  url       = {https://doi.org/10.18653/v1/2023.inlg-main.30},
}

@InProceedings{gardent2017webnlg,
  author    = {Claire Gardent and Anastasia Shimorina and Shashi Narayan and Laura Perez{-}Beltrachini},
  booktitle = {Proceedings of the {INLG}},
  title     = {The Webnlg Challenge: Generating Text from {RDF} Data},
  year      = {2017},
  pages     = {124--133},
  groups    = {D2T},
  timestamp = {Fri, 06 Aug 2021 00:40:48 +0200},
  url       = {https://doi.org/10.18653/v1/w17-3518},
}

@InProceedings{devlin2019bert,
  author    = {Jacob Devlin and Ming{-}Wei Chang and Kenton Lee and Kristina Toutanova},
  booktitle = {Proceedings of the {NAACL-HLT}},
  title     = {{BERT:} Pre-Training of Deep Bidirectional Transformers for Language Understanding},
  year      = {2019},
  pages     = {4171--4186},
  comment   = {BERT},
  groups    = {(language) models},
  timestamp = {Mon, 26 Sep 2022 12:21:55 +0200},
  url       = {https://doi.org/10.18653/v1/n19-1423},
}

@InProceedings{sutskever2014sequence,
  author    = {Ilya Sutskever and Oriol Vinyals and Quoc V. Le},
  booktitle = {Proceedings of the {NeurIPS}},
  title     = {Sequence to Sequence Learning with Neural Networks},
  year      = {2014},
  pages     = {3104--3112},
  comment   = {Seq2Seq},
  groups    = {(language) models},
  timestamp = {Mon, 16 May 2022 15:41:51 +0200},
  url       = {https://proceedings.neurips.cc/paper/2014/hash/a14ac55a4f27472c5d894ec1c3c743d2-Abstract.html},
}

@InProceedings{mikolov2013distributed,
  author    = {Tom{\'{a}}s Mikolov and Ilya Sutskever and Kai Chen and Gregory S. Corrado and Jeffrey Dean},
  booktitle = {Proceedings of the {NeurIPS}},
  title     = {Distributed Representations of Words and Phrases and Their Compositionality},
  year      = {2013},
  pages     = {3111--3119},
  comment   = {Word2Vec},
  groups    = {(language) models},
  timestamp = {Mon, 16 May 2022 15:41:51 +0200},
  url       = {https://proceedings.neurips.cc/paper/2013/hash/9aa42b31882ec039965f3c4923ce901b-Abstract.html},
}

@InProceedings{wang2023self,
  author    = {Yizhong Wang and Yeganeh Kordi and Swaroop Mishra and Alisa Liu and Noah A. Smith and Daniel Khashabi and Hannaneh Hajishirzi},
  booktitle = {Proceedings of the {ACL}},
  title     = {Self-Instruct: Aligning Language Models with Self-Generated Instructions},
  year      = {2023},
  pages     = {13484--13508},
  groups    = {LLM (peft + training)},
  timestamp = {Thu, 10 Aug 2023 12:35:44 +0200},
  url       = {https://doi.org/10.18653/v1/2023.acl-long.754},
}

@InProceedings{si2023empirical,
  author    = {Qingyi Si and Tong Wang and Zheng Lin and Xu Zhang and Yanan Cao and Weiping Wang},
  booktitle = {Proceedings of the {EMNLP Findings}},
  title     = {An Empirical Study of Instruction-Tuning Large Language Models in Chinese},
  year      = {2023},
  pages     = {4086--4107},
  groups    = {LLM (peft + training)},
  timestamp = {Fri, 12 Apr 2024 13:11:36 +0200},
  url       = {https://doi.org/10.18653/v1/2023.findings-emnlp.269},
}

@Article{zhang2023instruction,
  author    = {Shengyu Zhang and Linfeng Dong and Xiaoya Li and Sen Zhang and Xiaofei Sun and Shuhe Wang and Jiwei Li and Runyi Hu and Tianwei Zhang and Fei Wu and Guoyin Wang},
  journal   = {{CoRR}},
  title     = {Instruction Tuning for Large Language Models: {A} Survey},
  year      = {2023},
  volume    = {abs/2308.10792},
  groups    = {survey, LLM (peft + training)},
  timestamp = {Wed, 30 Aug 2023 17:27:54 +0200},
  url       = {https://doi.org/10.48550/arXiv.2308.10792},
}

@InProceedings{ouyang2022training,
  author    = {Long Ouyang and Jeffrey Wu and Xu Jiang and Diogo Almeida and Carroll L. Wainwright and Pamela Mishkin and Chong Zhang and Sandhini Agarwal and Katarina Slama and Alex Ray and John Schulman and Jacob Hilton and Fraser Kelton and Luke Miller and Maddie Simens and Amanda Askell and Peter Welinder and Paul F. Christiano and Jan Leike and Ryan Lowe},
  booktitle = {Proceedings of the {NeurIPS}},
  title     = {Training Language Models to Follow Instructions with Human Feedback},
  year      = {2022},
  groups    = {LLM (peft + training)},
  timestamp = {Mon, 08 Jan 2024 16:31:36 +0100},
  url       = {http://papers.nips.cc/paper\_files/paper/2022/hash/b1efde53be364a73914f58805a001731-Abstract-Conference.html},
}

@Misc{taori2023stanford,
  author       = {Rohan Taori and Ishaan Gulrajani and Tianyi Zhang and Yann Dubois and Xuechen Li and Carlos Guestrin and Percy Liang and Tatsunori B. Hashimoto},
  howpublished = {\url{https://github.com/tatsu-lab/stanford_alpaca}},
  title        = {Stanford Alpaca: An Instruction-Following Llama Model},
  year         = {2023},
  comment      = {Alpaca Stanford},
  groups       = {(language) models},
  journal      = {GitHub repository},
}

@Article{fernandes2023bridging,
  author  = {Fernandes, Patrick and Madaan, Aman and Liu, Emmy and Farinhas, António and Martins, Pedro Henrique and Bertsch, Amanda and de Souza, José G. C. and Zhou, Shuyan and Wu, Tongshuang and Neubig, Graham and Martins, André F. T.},
  journal = {Transactions of the Association for Computational Linguistics},
  title   = {{Bridging the Gap: A Survey on Integrating (Human) Feedback for Natural Language Generation}},
  year    = {2023},
  issn    = {2307-387X},
  pages   = {1643-1668},
  volume  = {11},
  groups  = {survey, LLM (peft + training)},
  url     = {https://doi.org/10.1162/tacl\_a\_00626},
}

@Article{schulman2017proximal,
  author    = {John Schulman and Filip Wolski and Prafulla Dhariwal and Alec Radford and Oleg Klimov},
  journal   = {{CoRR}},
  title     = {Proximal Policy Optimization Algorithms},
  year      = {2017},
  volume    = {abs/1707.06347},
  groups    = {LLM (peft + training)},
  timestamp = {Mon, 13 Aug 2018 16:47:34 +0200},
  url       = {http://arxiv.org/abs/1707.06347},
}

@Article{taylor1953cloze,
  author  = {Wilson L. Taylor},
  journal = {Journalism Quarterly},
  title   = {`cloze Procedure': A New Tool for Measuring Readability},
  year    = {1953},
  issn    = {0022-5533},
  number  = {4},
  pages   = {415-433},
  volume  = {30},
  comment = {MLM},
  groups  = {(language) models},
  url     = {https://doi.org/10.1177/107769905303000401},
}

@InProceedings{li2021prefix,
  author    = {Xiang Lisa Li and Percy Liang},
  booktitle = {Proceedings of the {ACL/IJCNLP}},
  title     = {Prefix-Tuning: Optimizing Continuous Prompts for Generation},
  year      = {2021},
  pages     = {4582--4597},
  groups    = {LLM (peft + training)},
  timestamp = {Wed, 16 Mar 2022 23:55:03 +0100},
  url       = {https://doi.org/10.18653/v1/2021.acl-long.353},
}

@InProceedings{lester2021power,
  author    = {Brian Lester and Rami Al{-}Rfou and Noah Constant},
  booktitle = {Proceedings of the {EMNLP}},
  title     = {The Power of Scale for Parameter-Efficient Prompt Tuning},
  year      = {2021},
  pages     = {3045--3059},
  groups    = {LLM (peft + training)},
  timestamp = {Fri, 16 Feb 2024 08:27:36 +0100},
  url       = {https://doi.org/10.18653/v1/2021.emnlp-main.243},
}

@InProceedings{liu2022p,
  author    = {Xiao Liu and Kaixuan Ji and Yicheng Fu and Weng Tam and Zhengxiao Du and Zhilin Yang and Jie Tang},
  booktitle = {Proceedings of the {ACL}},
  title     = {P-Tuning: Prompt Tuning Can Be Comparable to Fine-Tuning across Scales and Tasks},
  year      = {2022},
  pages     = {61--68},
  groups    = {LLM (peft + training)},
  timestamp = {Mon, 04 Sep 2023 20:40:36 +0200},
  url       = {https://doi.org/10.18653/v1/2022.acl-short.8},
}

@InProceedings{hu2022lora,
  author    = {Edward J. Hu and Yelong Shen and Phillip Wallis and Zeyuan Allen{-}Zhu and Yuanzhi Li and Shean Wang and Lu Wang and Weizhu Chen},
  booktitle = {Proceedings of the {ICLR}},
  title     = {Lora: Low-Rank Adaptation of Large Language Models},
  year      = {2022},
  groups    = {LLM (peft + training)},
  timestamp = {Sat, 20 Aug 2022 01:15:42 +0200},
  url       = {https://openreview.net/forum?id=nZeVKeeFYf9},
}

@Article{radford2019language,
  author  = {Radford, Alec and Wu, Jeffrey and Child, Rewon and Luan, David and Amodei, Dario and Sutskever, Ilya and others},
  journal = {OpenAI blog},
  title   = {Language Models Are Unsupervised Multitask Learners},
  year    = {2019},
  number  = {8},
  pages   = {9},
  volume  = {1},
  comment = {GPT},
  groups  = {(language) models},
  url     = {https://insightcivic.s3.us-east-1.amazonaws.com/language-models.pdf},
}

@Article{liu2023pre,
  author    = {Pengfei Liu and Weizhe Yuan and Jinlan Fu and Zhengbao Jiang and Hiroaki Hayashi and Graham Neubig},
  journal   = {{ACM} Computing Surveys},
  title     = {Pre-Train, Prompt, and Predict: {A} Systematic Survey of Prompting Methods in Natural Language Processing},
  year      = {2023},
  number    = {9},
  pages     = {195:1--195:35},
  volume    = {55},
  groups    = {survey, LLM (peft + training)},
  timestamp = {Mon, 28 Aug 2023 21:19:32 +0200},
  url       = {https://doi.org/10.1145/3560815},
}

@InProceedings{shin2020autoprompt,
  author    = {Taylor Shin and Yasaman Razeghi and Robert L. Logan IV and Eric Wallace and Sameer Singh},
  booktitle = {Proceedings of the {EMNLP}},
  title     = {Autoprompt: Eliciting Knowledge from Language Models with Automatically Generated Prompts},
  year      = {2020},
  pages     = {4222--4235},
  groups    = {LLM (peft + training)},
  timestamp = {Sat, 21 Oct 2023 10:46:23 +0200},
  url       = {https://doi.org/10.18653/v1/2020.emnlp-main.346},
}

@InProceedings{houlsby2019parameter,
  author    = {Neil Houlsby and Andrei Giurgiu and Stanislaw Jastrzebski and Bruna Morrone and Quentin de Laroussilhe and Andrea Gesmundo and Mona Attariyan and Sylvain Gelly},
  booktitle = {Proceedings of the {ICML}},
  title     = {Parameter-Efficient Transfer Learning for {NLP}},
  year      = {2019},
  pages     = {2790--2799},
  volume    = {97},
  groups    = {LLM (peft + training)},
  timestamp = {Tue, 11 Jun 2019 15:37:38 +0200},
  url       = {http://proceedings.mlr.press/v97/houlsby19a.html},
}

@InProceedings{hambardzumyan2021warp,
  author    = {Karen Hambardzumyan and Hrant Khachatrian and Jonathan May},
  booktitle = {Proceedings of the {ACL/IJCNLP}},
  title     = {{WARP:} Word-Level Adversarial Reprogramming},
  year      = {2021},
  pages     = {4921--4933},
  groups    = {LLM (peft + training)},
  timestamp = {Mon, 09 Aug 2021 16:25:37 +0200},
  url       = {https://doi.org/10.18653/v1/2021.acl-long.381},
}

@InProceedings{howard2018universal,
  author    = {Jeremy Howard and Sebastian Ruder},
  booktitle = {Proceedings of the {ACL}},
  title     = {Universal Language Model Fine-Tuning for Text Classification},
  year      = {2018},
  pages     = {328--339},
  groups    = {LLM (peft + training)},
  timestamp = {Fri, 06 Aug 2021 00:40:52 +0200},
  url       = {https://aclanthology.org/P18-1031/},
}

% attention
@InProceedings{bahdanau2015neural,
  author    = {Dzmitry Bahdanau and Kyunghyun Cho and Yoshua Bengio},
  booktitle = {Proceedings of the {ICLR}},
  title     = {Neural Machine Translation by Jointly Learning to Align and Translate},
  year      = {2015},
  groups    = {attention + copy + residula + loss},
  timestamp = {Wed, 17 Jul 2019 10:40:54 +0200},
  url       = {http://arxiv.org/abs/1409.0473},
}

% safety-critical
@Article{pauws2019making,
  author  = {Pauws, Steffen and Gatt, Albert and Krahmer, Emiel and Reiter, Ehud},
  journal = {Data science for healthcare: methodologies and applications},
  title   = {Making Effective Use of Healthcare Data Using Data-To-Text Technology},
  year    = {2019},
  pages   = {119--145},
  comment = {safety critical D2T},
  groups  = {D2T},
}

% medical report
@InProceedings{hommes2019personalized,
  author    = {Saar Hommes and Chris van der Lee and Felix J. Clouth and Jeroen K. Vermunt and Xander Verbeek and Emiel Krahmer},
  booktitle = {Proceedings of the {INLG}},
  title     = {A Personalized Data-To-Text Support Tool for Cancer Patients},
  year      = {2019},
  pages     = {443--452},
  comment   = {safety critical D2T},
  groups    = {D2T},
  timestamp = {Wed, 22 Jun 2022 09:02:27 +0200},
  url       = {https://aclanthology.org/W19-8656/},
}

% medical report
@InProceedings{yermakov2021biomedical,
  author    = {Ruslan Yermakov and Nicholas Drago and Angelo Ziletti},
  booktitle = {Proceedings of the {INLG}},
  title     = {Biomedical Data-To-Text Generation Via Fine-Tuning Transformers},
  year      = {2021},
  pages     = {364--370},
  comment   = {safety critical D2T},
  groups    = {D2T},
  timestamp = {Fri, 12 Apr 2024 13:11:56 +0200},
  url       = {https://doi.org/10.18653/v1/2021.inlg-1.40},
}

% LLM for under resource
@InProceedings{lorandi2024high,
  author    = {Michela Lorandi and Anya Belz},
  booktitle = {Proceedings of the {EACL Findings}},
  title     = {High-Quality Data-To-Text Generation for Severely Under-Resourced Languages with Out-Of-The-Box Large Language Models},
  year      = {2024},
  pages     = {1451--1461},
  groups    = {D2T},
  timestamp = {Tue, 02 Apr 2024 16:32:10 +0200},
  url       = {https://aclanthology.org/2024.findings-eacl.98},
}

% llm for under resource
@InProceedings{ma2024star,
  author    = {Mingyu Derek Ma and Xiaoxuan Wang and Po{-}Nien Kung and P. Jeffrey Brantingham and Nanyun Peng and Wei Wang},
  booktitle = {Proceedings of the {AAAI}},
  title     = {{STAR:} Boosting Low-Resource Information Extraction by Structure-To-Text Data Generation with Large Language Models},
  year      = {2024},
  pages     = {18751--18759},
  groups    = {D2T},
  timestamp = {Tue, 02 Apr 2024 16:32:09 +0200},
  url       = {https://doi.org/10.1609/aaai.v38i17.29839},
}

% llm with d2t
@InProceedings{su2021plan,
  author    = {Yixuan Su and David Vandyke and Sihui Wang and Yimai Fang and Nigel Collier},
  booktitle = {Proceedings of the {EMNLP Findings}},
  title     = {Plan-Then-Generate: Controlled Data-To-Text Generation Via Planning},
  year      = {2021},
  pages     = {895--909},
  groups    = {D2T},
  timestamp = {Fri, 16 Feb 2024 08:27:36 +0100},
  url       = {https://doi.org/10.18653/v1/2021.findings-emnlp.76},
}

% readability
@InProceedings{chen2020logic2text,
  author    = {Zhiyu Chen and Wenhu Chen and Hanwen Zha and Xiyou Zhou and Yunkai Zhang and Sairam Sundaresan and William Yang Wang},
  booktitle = {Proceedings of the {EMNLP Findings}},
  title     = {Logic2text: High-Fidelity Natural Language Generation from Logical Forms},
  year      = {2020},
  pages     = {2096--2111},
  volume    = {{EMNLP} 2020},
  comment   = {define "readability"},
  groups    = {nlg evaluation},
  timestamp = {Mon, 26 Feb 2024 14:40:06 +0100},
  url       = {https://doi.org/10.18653/v1/2020.findings-emnlp.190},
}

% informativeness (add pudupally and wiserman)
@InProceedings{shen2019pragmatically,
  author    = {Sheng Shen and Daniel Fried and Jacob Andreas and Dan Klein},
  booktitle = {Proceedings of the {NAACL-HLT}},
  title     = {Pragmatically Informative Text Generation},
  year      = {2019},
  pages     = {4060--4067},
  comment   = {define "informativeness"},
  groups    = {nlg evaluation},
  timestamp = {Fri, 06 Aug 2021 00:41:31 +0200},
  url       = {https://doi.org/10.18653/v1/n19-1410},
}

% MLE
@Article{gkatzia2016content,
  author    = {Dimitra Gkatzia},
  journal   = {{CoRR}},
  title     = {Content Selection in Data-To-Text Systems: {A} Survey},
  year      = {2016},
  volume    = {abs/1610.08375},
  comment   = {MLE for D2T},
  groups    = {D2T},
  timestamp = {Thu, 14 Oct 2021 09:16:52 +0200},
  url       = {http://arxiv.org/abs/1610.08375},
}

% MLE
@Article{puduppully2021data,
  author    = {Ratish Puduppully and Mirella Lapata},
  journal   = {Transactions of the Association for Computational Linguistics},
  title     = {Data-To-Text Generation with Macro Planning},
  year      = {2021},
  pages     = {510--527},
  volume    = {9},
  comment   = {MLE for D2T},
  groups    = {D2T},
  timestamp = {Fri, 10 Jun 2022 10:35:17 +0200},
  url       = {https://doi.org/10.1162/tacl\_a\_00381},
}

% MLE
@InProceedings{luo2023data,
  author    = {Wei Er Luo and Xi Yue and Chao Tie Zhong},
  booktitle = {Proceedings of the {FAIML}},
  title     = {Data-To-Text Generation with Data Control and Multi-Loss Fusion},
  year      = {2023},
  pages     = {244--247},
  comment   = {MLE for D2T},
  groups    = {D2T},
  timestamp = {Mon, 15 Apr 2024 08:25:16 +0200},
  url       = {https://doi.org/10.1145/3616901.3616995},
}

% cost
@Article{luccioni2023estimating,
  author    = {Alexandra Sasha Luccioni and Sylvain Viguier and Anne{-}Laure Ligozat},
  journal   = {Journal of Machine Learning Research},
  title     = {Estimating the Carbon Footprint of Bloom, a 176b Parameter Language Model},
  year      = {2023},
  pages     = {253:1--253:15},
  volume    = {24},
  groups    = {LLM cost and training time},
  timestamp = {Thu, 19 Oct 2023 09:44:46 +0200},
  url       = {http://jmlr.org/papers/v24/23-0069.html},
}

% cost
@Article{jiang2024preventing,
  author   = {Peng Jiang and Christian Sonne and Wangliang Li and Fengqi You and Siming You},
  journal  = {Engineering},
  title    = {Preventing the Immense Increase in the Life-Cycle Energy and Carbon Footprints of Llm-Powered Intelligent Chatbots},
  year     = {2024},
  issn     = {2095-8099},
  groups   = {LLM cost and training time},
  keywords = {Large language models, Intelligent chatbots, Carbon emissions, Energy and environmental footprints, Life-cycle assessment, Global cooperation},
  url      = {https://www.sciencedirect.com/science/article/pii/S2095809924002315},
}

% cost
@Article{li2024sustainable,
  author    = {Baolin Li and Yankai Jiang and Vijay Gadepally and Devesh Tiwari},
  journal   = {{CoRR}},
  title     = {Toward Sustainable Genai Using Generation Directives for Carbon-Friendly Large Language Model Inference},
  year      = {2024},
  volume    = {abs/2403.12900},
  groups    = {LLM cost and training time},
  timestamp = {Mon, 08 Apr 2024 18:24:51 +0200},
  url       = {https://doi.org/10.48550/arXiv.2403.12900},
}

% cost
@Article{faiz2023llmcarbon,
  author    = {Ahmad Faiz and Sotaro Kaneda and Ruhan Wang and Rita Osi and Parteek Sharma and Fan Chen and Lei Jiang},
  journal   = {{CoRR}},
  title     = {Llmcarbon: Modeling the End-To-End Carbon Footprint of Large Language Models},
  year      = {2023},
  volume    = {abs/2309.14393},
  groups    = {LLM cost and training time},
  timestamp = {Thu, 21 Dec 2023 07:38:59 +0100},
  url       = {https://doi.org/10.48550/arXiv.2309.14393},
}

% biases of llm
@Article{wu2023style,
  author    = {Minghao Wu and Alham Fikri Aji},
  journal   = {{CoRR}},
  title     = {Style Over Substance: Evaluation Biases for Large Language Models},
  year      = {2023},
  volume    = {abs/2307.03025},
  groups    = {LLM generalization + bias},
  timestamp = {Mon, 10 Jul 2023 17:27:00 +0200},
  url       = {https://doi.org/10.48550/arXiv.2307.03025},
}

% high inference time
@InProceedings{zheng2023response,
  author    = {Zangwei Zheng and Xiaozhe Ren and Fuzhao Xue and Yang Luo and Xin Jiang and Yang You},
  booktitle = {Proceedings of the {NeurIPS}},
  title     = {Response Length Perception and Sequence Scheduling: An Llm-Empowered {LLM} Inference Pipeline},
  year      = {2023},
  groups    = {LLM cost and training time},
  timestamp = {Fri, 01 Mar 2024 16:26:20 +0100},
  url       = {http://papers.nips.cc/paper\_files/paper/2023/hash/ce7ff3405c782f761fac7f849b41ae9a-Abstract-Conference.html},
}

% journalism
@InProceedings{schneider2022data,
  author    = {Schneider, Adela and Madsack, Andreas and Heininger, Johanna and Chen, Ching-Yi and Wei{\ss}graeber, Robert},
  booktitle = {Proceedings of the {In2Writing}},
  title     = {Data-To-Text Systems As Writing Environment},
  year      = {2022},
  address   = {Dublin, Ireland},
  pages     = {1--10},
  groups    = {D2T},
  url       = {https://aclanthology.org/2022.in2writing-1.1},
}

% report generation
@InProceedings{nishino2020reinforcement,
  author    = {Toru Nishino and Ryota Ozaki and Yohei Momoki and Tomoki Taniguchi and Ryuji Kano and Norihisa Nakano and Yuki Tagawa and Motoki Taniguchi and Tomoko Ohkuma and Keigo Nakamura},
  booktitle = {Proceedings of the {EMNLP Findings}},
  title     = {Reinforcement Learning with Imbalanced Dataset for Data-To-Text Medical Report Generation},
  year      = {2020},
  pages     = {2223--2236},
  volume    = {{EMNLP} 2020},
  comment   = {safety critical D2T},
  groups    = {D2T},
  timestamp = {Wed, 23 Mar 2022 10:11:55 +0100},
  url       = {https://doi.org/10.18653/v1/2020.findings-emnlp.202},
}

% dialogue generation
@InProceedings{budzianowski2018multiwoz,
  author    = {Pawel Budzianowski and Tsung{-}Hsien Wen and Bo{-}Hsiang Tseng and I{\~{n}}igo Casanueva and Stefan Ultes and Osman Ramadan and Milica Gasic},
  booktitle = {Proceedings of the {EMNLP}},
  title     = {Multiwoz - {A} Large-Scale Multi-Domain Wizard-Of-Oz Dataset for Task-Oriented Dialogue Modelling},
  year      = {2018},
  pages     = {5016--5026},
  groups    = {D2T},
  timestamp = {Fri, 06 Aug 2021 00:40:41 +0200},
  url       = {https://aclanthology.org/D18-1547/},
}

%elmo
@InProceedings{peters2018deep,
  author    = {Matthew E. Peters and Mark Neumann and Mohit Iyyer and Matt Gardner and Christopher Clark and Kenton Lee and Luke Zettlemoyer},
  booktitle = {Proceedings of the {NAACL-HLT}},
  title     = {Deep Contextualized Word Representations},
  year      = {2018},
  pages     = {2227--2237},
  comment   = {ELMo},
  groups    = {(language) models},
  timestamp = {Fri, 06 Aug 2021 00:41:32 +0200},
  url       = {https://doi.org/10.18653/v1/n18-1202},
}

% why fine tuning helps
@PhdThesis{ruder2019neural,
  author = {Ruder, Sebastian},
  school = {NUI Galway},
  title  = {Neural Transfer Learning for Natural Language Processing},
  year   = {2019},
  groups = {LLM (peft + training)},
  url    = {https://aran.library.nuigalway.ie/bitstream/handle/10379/15463/neural_transfer_learning_for_nlp.pdf},
}

% Roberta
@Article{liu2019roberta,
  author    = {Yinhan Liu and Myle Ott and Naman Goyal and Jingfei Du and Mandar Joshi and Danqi Chen and Omer Levy and Mike Lewis and Luke Zettlemoyer and Veselin Stoyanov},
  journal   = {{CoRR}},
  title     = {Roberta: {A} Robustly Optimized {BERT} Pretraining Approach},
  year      = {2019},
  volume    = {abs/1907.11692},
  comment   = {RoBERTa},
  groups    = {(language) models},
  timestamp = {Thu, 14 Dec 2023 18:03:41 +0100},
  url       = {http://arxiv.org/abs/1907.11692},
}

% deberta
@InProceedings{he2021deberta,
  author    = {Pengcheng He and Xiaodong Liu and Jianfeng Gao and Weizhu Chen},
  booktitle = {Proceedings of the {ICLR}},
  title     = {Deberta: Decoding-Enhanced Bert with Disentangled Attention},
  year      = {2021},
  comment   = {DeBERTa},
  groups    = {(language) models},
  timestamp = {Thu, 11 Apr 2024 13:33:56 +0200},
  url       = {https://openreview.net/forum?id=XPZIaotutsD},
}

% resnet
@InProceedings{he2016deep,
  author    = {Kaiming He and Xiangyu Zhang and Shaoqing Ren and Jian Sun},
  booktitle = {Proceedings of the {CVPR}},
  title     = {Deep Residual Learning for Image Recognition},
  year      = {2016},
  pages     = {770--778},
  comment   = {RESNET},
  groups    = {(language) models, must have, attention + copy + residula + loss},
  timestamp = {Fri, 24 Mar 2023 00:02:57 +0100},
  url       = {https://doi.org/10.1109/CVPR.2016.90},
}

% adamw
@InProceedings{loshchilov2019decoupled,
  author    = {Ilya Loshchilov and Frank Hutter},
  booktitle = {Proceedings of the {ICLR}},
  title     = {Decoupled Weight Decay Regularization},
  year      = {2019},
  comment   = {AdamW},
  groups    = {must have},
  timestamp = {Thu, 25 Jul 2019 14:26:04 +0200},
  url       = {https://openreview.net/forum?id=Bkg6RiCqY7},
}

% peft
@Misc{mangrulkar2022peft,
  author       = {Sourab Mangrulkar and Sylvain Gugger and Lysandre Debut and Younes Belkada and Sayak Paul and Benjamin Bossan},
  howpublished = {\url{https://github.com/huggingface/peft}},
  title        = {Peft: State-Of-The-Art Parameter-Efficient Fine-Tuning Methods},
  year         = {2022},
  groups       = {LLM (peft + training)},
}

% n-gram
@InProceedings{bickel2005predicting,
  author    = {Steffen Bickel and Peter Haider and Tobias Scheffer},
  booktitle = {Proceedings of the {EMNLP-HLT}},
  title     = {Predicting Sentences Using N-Gram Language Models},
  year      = {2005},
  pages     = {193--200},
  groups    = {ngram},
  timestamp = {Fri, 06 Aug 2021 00:41:30 +0200},
  url       = {https://aclanthology.org/H05-1025/},
}

% n-gram
@Article{brown1992class,
  author    = {Peter F. Brown and Vincent J. Della Pietra and Peter V. de Souza and Jennifer C. Lai and Robert L. Mercer},
  journal   = {Computational Linguistics},
  title     = {Class-Based N-Gram Models of Natural Language},
  year      = {1992},
  number    = {4},
  pages     = {467--479},
  volume    = {18},
  groups    = {ngram},
  timestamp = {Mon, 11 May 2020 15:46:11 +0200},
  url       = {https://aclanthology.org/J92-4003.pdf},
}

% n-gram
@InProceedings{pauls2011faster,
  author    = {Adam Pauls and Dan Klein},
  booktitle = {Proceedings of the {ACL-HLT}},
  title     = {Faster and Smaller N-Gram Language Models},
  year      = {2011},
  pages     = {258--267},
  groups    = {ngram},
  timestamp = {Fri, 06 Aug 2021 00:41:04 +0200},
  url       = {https://aclanthology.org/P11-1027/},
}

% n-gram; smoothing
@InProceedings{kneser1995improved,
  author    = {Reinhard Kneser and Hermann Ney},
  booktitle = {Proceedings of the {ICASSP}},
  title     = {Improved Backing-Off for M-Gram Language Modeling},
  year      = {1995},
  pages     = {181--184},
  groups    = {ngram},
  timestamp = {Thu, 23 Mar 2023 23:59:06 +0100},
  url       = {https://doi.org/10.1109/ICASSP.1995.479394},
}

% n-gram; 
@InProceedings{heafield2013scalable,
  author    = {Kenneth Heafield and Ivan Pouzyrevsky and Jonathan H. Clark and Philipp Koehn},
  booktitle = {Proceedings of the {ACL}},
  title     = {Scalable Modified Kneser-Ney Language Model Estimation},
  year      = {2013},
  pages     = {690--696},
  groups    = {ngram},
  timestamp = {Fri, 06 Aug 2021 00:41:02 +0200},
  url       = {https://aclanthology.org/P13-2121/},
}

% LLM generalization
@Article{yang2024unveiling,
  author    = {Haoran Yang and Yumeng Zhang and Jiaqi Xu and Hongyuan Lu and Pheng{-}Ann Heng and Wai Lam},
  journal   = {{CoRR}},
  title     = {Unveiling the Generalization Power of Fine-Tuned Large Language Models},
  year      = {2024},
  volume    = {abs/2403.09162},
  groups    = {LLM generalization + bias},
  timestamp = {Fri, 05 Apr 2024 14:02:06 +0200},
  url       = {https://doi.org/10.48550/arXiv.2403.09162},
}

% LLM generation
@InProceedings{ge2023openagi,
  author    = {Yingqiang Ge and Wenyue Hua and Kai Mei and Jianchao Ji and Juntao Tan and Shuyuan Xu and Zelong Li and Yongfeng Zhang},
  booktitle = {Proceedings of the {NeurIPS}},
  title     = {Openagi: When {LLM} Meets Domain Experts},
  year      = {2023},
  groups    = {LLM generalization + bias},
  timestamp = {Fri, 01 Mar 2024 16:26:19 +0100},
  url       = {http://papers.nips.cc/paper\_files/paper/2023/hash/1190733f217404edc8a7f4e15a57f301-Abstract-Datasets\_and\_Benchmarks.html},
}

% LLM generalization
@InProceedings{zhao2024expel,
  author    = {Andrew Zhao and Daniel Huang and Quentin Xu and Matthieu Lin and Yong{-}Jin Liu and Gao Huang},
  booktitle = {Proceedings of the {AAAI}},
  title     = {Expel: {LLM} Agents Are Experiential Learners},
  year      = {2024},
  pages     = {19632--19642},
  groups    = {LLM generalization + bias},
  timestamp = {Tue, 02 Apr 2024 16:32:09 +0200},
  url       = {https://doi.org/10.1609/aaai.v38i17.29936},
}

% LLM through data to generalize
@InProceedings{penedo2023refinedweb,
  author    = {Guilherme Penedo and Quentin Malartic and Daniel Hesslow and Ruxandra Cojocaru and Hamza Alobeidli and Alessandro Cappelli and Baptiste Pannier and Ebtesam Almazrouei and Julien Launay},
  booktitle = {Proceedings of the {NeurIPS}},
  title     = {The Refinedweb Dataset for Falcon {LLM:} Outperforming Curated Corpora with Web Data Only},
  year      = {2023},
  groups    = {datasets, LLM generalization + bias},
  timestamp = {Fri, 01 Mar 2024 16:26:21 +0100},
  url       = {http://papers.nips.cc/paper\_files/paper/2023/hash/fa3ed726cc5073b9c31e3e49a807789c-Abstract-Datasets\_and\_Benchmarks.html},
}


@InProceedings{zhang2024can,
  author    = {Zhang, Min and He, Jianfeng and Lei, Shuo and Yue, Murong and Wang, Linhan and Lu, Chang-Tien},
  booktitle = {Proceedings of the {ICASSP}},
  title     = {Can Llm Find the Green Circle? Investigation and Human-Guided Tool Manipulation for Compositional Generalization},
  year      = {2024},
  pages     = {11996-12000},
  url       = {https://www.doi.org/10.1109/ICASSP48485.2024.10446355},
  groups    = {LLM generalization + bias},
  keywords  = {Learning systems;Benchmark testing;Signal processing;Cognition;Acoustics;Planning;Complexity theory;Large language models;in-context learning;natural language processing;tool usage},
}


@Article{almazrouei2023falcon,
  author    = {Ebtesam Almazrouei and Hamza Alobeidli and Abdulaziz Alshamsi and Alessandro Cappelli and Ruxandra Cojocaru and M{\'{e}}rouane Debbah and {\'{E}}tienne Goffinet and Daniel Hesslow and Julien Launay and Quentin Malartic and Daniele Mazzotta and Badreddine Noune and Baptiste Pannier and Guilherme Penedo},
  journal   = {{CoRR}},
  title     = {The Falcon Series of Open Language Models},
  year      = {2023},
  volume    = {abs/2311.16867},
  comment   = {Falcon},
  groups    = {(language) models},
  timestamp = {Mon, 04 Dec 2023 14:05:36 +0100},
  url       = {https://doi.org/10.48550/arXiv.2311.16867},
}

@Article{jiang2023mistral,
  author    = {Albert Q. Jiang and Alexandre Sablayrolles and Arthur Mensch and Chris Bamford and Devendra Singh Chaplot and Diego de Las Casas and Florian Bressand and Gianna Lengyel and Guillaume Lample and Lucile Saulnier and L{\'{e}}lio Renard Lavaud and Marie{-}Anne Lachaux and Pierre Stock and Teven Le Scao and Thibaut Lavril and Thomas Wang and Timoth{\'{e}}e Lacroix and William El Sayed},
  journal   = {{CoRR}},
  title     = {Mistral 7b},
  year      = {2023},
  volume    = {abs/2310.06825},
  comment   = {Mistral},
  groups    = {(language) models},
  timestamp = {Thu, 26 Oct 2023 16:46:26 +0200},
  url       = {https://doi.org/10.48550/arXiv.2310.06825},
}

% source-reference divergence
@InProceedings{bahdanau2015neurala,
  author    = {Dzmitry Bahdanau and Kyunghyun Cho and Yoshua Bengio},
  booktitle = {Proceedings of the {ICLR}},
  title     = {Neural Machine Translation by Jointly Learning to Align and Translate},
  year      = {2015},
  groups    = {attention + copy + residula + loss},
  timestamp = {Wed, 17 Jul 2019 10:40:54 +0200},
  url       = {http://arxiv.org/abs/1409.0473},
}

@Article{li2022faithfulness,
  author    = {Wei Li and Wenhao Wu and Moye Chen and Jiachen Liu and Xinyan Xiao and Hua Wu},
  journal   = {{CoRR}},
  title     = {Faithfulness in Natural Language Generation: {A} Systematic Survey of Analysis, Evaluation and Optimization Methods},
  year      = {2022},
  volume    = {abs/2203.05227},
  comment   = {faithfulness in nlg},
  groups    = {source reference divergence, hallucination/faithful/factual},
  timestamp = {Wed, 16 Mar 2022 16:41:29 +0100},
  url       = {https://doi.org/10.48550/arXiv.2203.05227},
}

@Article{touvron2023llamaa,
  author    = {Hugo Touvron and Thibaut Lavril and Gautier Izacard and Xavier Martinet and Marie{-}Anne Lachaux and Timoth{\'{e}}e Lacroix and Baptiste Rozi{\`{e}}re and Naman Goyal and Eric Hambro and Faisal Azhar and Aur{\'{e}}lien Rodriguez and Armand Joulin and Edouard Grave and Guillaume Lample},
  journal   = {CoRR},
  title     = {Llama: Open and Efficient Foundation Language Models},
  year      = {2023},
  volume    = {abs/2302.13971},
  comment   = {Llama 1},
  groups    = {(language) models},
  timestamp = {Mon, 28 Aug 2023 21:26:20 +0200},
  url       = {https://doi.org/10.48550/arXiv.2302.13971},
}

@Article{gehrmann2023repairing,
  author    = {Sebastian Gehrmann and Elizabeth Clark and Thibault Sellam},
  journal   = {Journal of Artificial Intelligence Research},
  title     = {Repairing the Cracked Foundation: {A} Survey of Obstacles in Evaluation Practices for Generated Text},
  year      = {2023},
  pages     = {103--166},
  volume    = {77},
  comment   = {human evaluations are needed},
  groups    = {nlg evaluation},
  timestamp = {Sun, 18 Jun 2023 10:49:30 +0200},
  url       = {https://doi.org/10.1613/jair.1.13715},
}

@Article{coco2012scan,
  author   = {Coco, Moreno I. and Keller, Frank},
  journal  = {Cognitive Science},
  title    = {Scan Patterns Predict Sentence Production in the Cross-Modal Processing of Visual Scenes},
  year     = {2012},
  pages    = {1204-1223},
  volume   = {36},
  comment  = {LCS based similarity},
  groups   = {nlg evaluation},
  keywords = {Scan patterns, Eye-movements, Language production, Scene understanding, Cross-model processing, Similarity measures},
  url      = {https://onlinelibrary.wiley.com/doi/abs/10.1111/j.1551-6709.2012.01246.x},
}

@InProceedings{zhang2020pegasus,
  author    = {Jingqing Zhang and Yao Zhao and Mohammad Saleh and Peter J. Liu},
  booktitle = {Proceedings of the {ICML}},
  title     = {{PEGASUS:} Pre-Training with Extracted Gap-Sentences for Abstractive Summarization},
  year      = {2020},
  pages     = {11328--11339},
  volume    = {119},
  comment   = {Pegasus},
  groups    = {(language) models},
  timestamp = {Tue, 15 Dec 2020 17:40:19 +0100},
  url       = {http://proceedings.mlr.press/v119/zhang20ae.html},
}

@InProceedings{maynez2020faithfulness,
  author    = {Joshua Maynez and Shashi Narayan and Bernd Bohnet and Ryan T. McDonald},
  booktitle = {Proceedings of the {ACL}},
  title     = {On Faithfulness and Factuality in Abstractive Summarization},
  year      = {2020},
  pages     = {1906--1919},
  comment   = {hallucination in summarization, SR divergence},
  groups    = {source reference divergence},
  timestamp = {Fri, 06 Aug 2021 00:40:56 +0200},
  url       = {https://doi.org/10.18653/v1/2020.acl-main.173},
}

@Article{fabbri2021summeval,
  author    = {Alexander R. Fabbri and Wojciech Kryscinski and Bryan McCann and Caiming Xiong and Richard Socher and Dragomir R. Radev},
  journal   = {Transactions of the Association for Computational Linguistics},
  title     = {Summeval: Re-Evaluating Summarization Evaluation},
  year      = {2021},
  pages     = {391--409},
  volume    = {9},
  comment   = {summarization benchmark, human evaluation criteria, factual inconsistency},
  groups    = {nlg evaluation, hallucination/faithful/factual},
  timestamp = {Fri, 10 Jun 2022 10:35:17 +0200},
  url       = {https://doi.org/10.1162/tacl\_a\_00373},
}

@InProceedings{fabbri2022qafacteval,
  author    = {Alexander R. Fabbri and Chien{-}Sheng Wu and Wenhao Liu and Caiming Xiong},
  booktitle = {Proceedings of the {NAACL-HLT}},
  title     = {Qafacteval: Improved Qa-Based Factual Consistency Evaluation for Summarization},
  year      = {2022},
  pages     = {2587--2601},
  comment   = {QAFactEval},
  groups    = {nlg evaluation},
  timestamp = {Mon, 01 Aug 2022 16:28:04 +0200},
  url       = {https://doi.org/10.18653/v1/2022.naacl-main.187},
}

@Article{lecun2015deep,
  author    = {Yann LeCun and Yoshua Bengio and Geoffrey E. Hinton},
  journal   = {Nature},
  title     = {Deep Learning},
  year      = {2015},
  number    = {7553},
  pages     = {436--444},
  volume    = {521},
  comment   = {deep learning},
  groups    = {must have},
  timestamp = {Mon, 08 Jun 2020 22:21:28 +0200},
  url       = {https://doi.org/10.1038/nature14539},
}

@InProceedings{zha2023alignscore,
  author    = {Yuheng Zha and Yichi Yang and Ruichen Li and Zhiting Hu},
  booktitle = {Proceedings of the {ACL}},
  title     = {Alignscore: Evaluating Factual Consistency with {A} Unified Alignment Function},
  year      = {2023},
  pages     = {11328--11348},
  comment   = {alignscore},
  groups    = {nlg evaluation},
  timestamp = {Thu, 10 Aug 2023 12:35:41 +0200},
  url       = {https://doi.org/10.18653/v1/2023.acl-long.634},
}

@InProceedings{deng2021compression,
  author    = {Mingkai Deng and Bowen Tan and Zhengzhong Liu and Eric P. Xing and Zhiting Hu},
  booktitle = {Proceedings of the {EMNLP}},
  title     = {Compression, Transduction, and Creation: {A} Unified Framework for Evaluating Natural Language Generation},
  year      = {2021},
  pages     = {7580--7605},
  comment   = {CTC score},
  groups    = {nlg evaluation},
  timestamp = {Fri, 16 Feb 2024 08:27:36 +0100},
  url       = {https://doi.org/10.18653/v1/2021.emnlp-main.599},
}

@Article{guo2023evaluating,
  author    = {Zishan Guo and Renren Jin and Chuang Liu and Yufei Huang and Dan Shi and Supryadi and Linhao Yu and Yan Liu and Jiaxuan Li and Bojian Xiong and Deyi Xiong},
  journal   = {CoRR},
  title     = {Evaluating Large Language Models: {A} Comprehensive Survey},
  year      = {2023},
  volume    = {abs/2310.19736},
  comment   = {LLM evaluation},
  groups    = {LLM evaluation},
  timestamp = {Tue, 28 May 2024 16:25:09 +0200},
  url       = {https://doi.org/10.48550/arXiv.2310.19736},
}

@Article{huang2023survey,
  author    = {Lei Huang and Weijiang Yu and Weitao Ma and Weihong Zhong and Zhangyin Feng and Haotian Wang and Qianglong Chen and Weihua Peng and Xiaocheng Feng and Bing Qin and Ting Liu},
  journal   = {CoRR},
  title     = {A Survey on Hallucination in Large Language Models: Principles, Taxonomy, Challenges, and Open Questions},
  year      = {2023},
  volume    = {abs/2311.05232},
  comment   = {hallucination in LLM},
  groups    = {hallucination/faithful/factual, survey},
  timestamp = {Wed, 17 Apr 2024 06:56:13 +0200},
  url       = {https://doi.org/10.48550/arXiv.2311.05232},
}

@Article{zhang2023sirens,
  author    = {Yue Zhang and Yafu Li and Leyang Cui and Deng Cai and Lemao Liu and Tingchen Fu and Xinting Huang and Enbo Zhao and Yu Zhang and Yulong Chen and Longyue Wang and Anh Tuan Luu and Wei Bi and Freda Shi and Shuming Shi},
  journal   = {CoRR},
  title     = {Siren's Song in the {AI} Ocean: {A} Survey on Hallucination in Large Language Models},
  year      = {2023},
  volume    = {abs/2309.01219},
  comment   = {Hallucination in LLM},
  groups    = {hallucination/faithful/factual, survey},
  timestamp = {Mon, 11 Sep 2023 16:01:35 +0200},
  url       = {https://doi.org/10.48550/arXiv.2309.01219},
}

@Article{laban2022summac,
  author    = {Philippe Laban and Tobias Schnabel and Paul N. Bennett and Marti A. Hearst},
  journal   = {Transactions of the Association for Computational Linguistics},
  title     = {Summac: Re-Visiting Nli-Based Models for Inconsistency Detection in Summarization},
  year      = {2022},
  pages     = {163--177},
  volume    = {10},
  comment   = {summac NLI and NE},
  groups    = {nlg evaluation},
  timestamp = {Wed, 29 Jun 2022 16:03:22 +0200},
  url       = {https://doi.org/10.1162/tacl\_a\_00453},
}

@Article{chang2023survey,
  author    = {Yupeng Chang and Xu Wang and Jindong Wang and Yuan Wu and Kaijie Zhu and Hao Chen and Linyi Yang and Xiaoyuan Yi and Cunxiang Wang and Yidong Wang and Wei Ye and Yue Zhang and Yi Chang and Philip S. Yu and Qiang Yang and Xing Xie},
  journal   = {{ACM} Computing Surveys},
  title     = {A Survey on Evaluation of Large Language Models},
  year      = {2023},
  volume    = {abs/2307.03109},
  groups    = {LLM evaluation},
  timestamp = {Wed, 06 Sep 2023 17:49:05 +0200},
  url       = {https://doi.org/10.48550/arXiv.2307.03109},
}

@InProceedings{zhong2022towards,
  author    = {Ming Zhong and Yang Liu and Da Yin and Yuning Mao and Yizhu Jiao and Pengfei Liu and Chenguang Zhu and Heng Ji and Jiawei Han},
  booktitle = {Proceedings of the {EMNLP}},
  title     = {Towards a Unified Multi-Dimensional Evaluator for Text Generation},
  year      = {2022},
  pages     = {2023--2038},
  comment   = {unieval},
  groups    = {nlg evaluation},
  timestamp = {Wed, 30 Aug 2023 16:03:53 +0200},
  url       = {https://doi.org/10.18653/v1/2022.emnlp-main.131},
}

@InProceedings{biderman2023emergent,
  author    = {Stella Biderman and USVSN Sai Prashanth and Lintang Sutawika and Hailey Schoelkopf and Quentin Anthony and Shivanshu Purohit and Edward Raff},
  booktitle = {Proceedings of the {NeurIPS}},
  title     = {Emergent and Predictable Memorization in Large Language Models},
  year      = {2023},
  groups    = {LLM memorization},
  timestamp = {Fri, 01 Mar 2024 16:26:20 +0100},
  url       = {http://papers.nips.cc/paper\_files/paper/2023/hash/59404fb89d6194641c69ae99ecdf8f6d-Abstract-Conference.html},
}

@InProceedings{carlini2023quantifying,
  author    = {Nicholas Carlini and Daphne Ippolito and Matthew Jagielski and Katherine Lee and Florian Tram{\`{e}}r and Chiyuan Zhang},
  booktitle = {Proceedings of the {ICLR}},
  title     = {Quantifying Memorization across Neural Language Models},
  year      = {2023},
  groups    = {LLM memorization},
  timestamp = {Fri, 30 Jun 2023 14:55:53 +0200},
  url       = {https://openreview.net/pdf?id=TatRHT\_1cK},
}

@Article{ye2024spurious,
  author    = {Wenqian Ye and Guangtao Zheng and Xu Cao and Yunsheng Ma and Xia Hu and Aidong Zhang},
  journal   = {CoRR},
  title     = {Spurious Correlations in Machine Learning: {A} Survey},
  year      = {2024},
  volume    = {abs/2402.12715},
  comment   = {spurious correlation in ML},
  groups    = {spurious correlation},
  timestamp = {Thu, 21 Mar 2024 15:46:29 +0100},
  url       = {https://doi.org/10.48550/arXiv.2402.12715},
}

@InProceedings{wang2022identifying,
  author    = {Tianlu Wang and Rohit Sridhar and Diyi Yang and Xuezhi Wang},
  booktitle = {Proceedings of the {NAACL} Findings},
  title     = {Identifying and Mitigating Spurious Correlations for Improving Robustness in {NLP} Models},
  year      = {2022},
  pages     = {1719--1729},
  comment   = {spurious correlation in NLP},
  groups    = {spurious correlation},
  timestamp = {Mon, 01 Aug 2022 16:28:02 +0200},
  url       = {https://doi.org/10.18653/v1/2022.findings-naacl.130},
}

@Article{liu2023trustworthy,
  author    = {Yang Liu and Yuanshun Yao and Jean{-}Francois Ton and Xiaoying Zhang and Ruocheng Guo and Hao Cheng and Yegor Klochkov and Muhammad Faaiz Taufiq and Hang Li},
  journal   = {CoRR},
  title     = {Trustworthy Llms: A Survey and Guideline for Evaluating Large Language Models' Alignment},
  year      = {2023},
  volume    = {abs/2308.05374},
  comment   = {trustworthy llm},
  groups    = {survey, hallucination/faithful/factual},
  timestamp = {Tue, 22 Aug 2023 13:58:15 +0200},
  url       = {https://doi.org/10.48550/arXiv.2308.05374},
}

@InProceedings{lee2018automated,
  author    = {Chris van der Lee and Emiel Krahmer and Sander Wubben},
  booktitle = {Proceedings of the INLG},
  title     = {Automated Learning of Templates for Data-To-Text Generation: Comparing Rule-Based, Statistical and Neural Methods},
  year      = {2018},
  pages     = {35--45},
  comment   = {template-based D2T; MLE for D2T},
  groups    = {D2T},
  timestamp = {Fri, 06 Aug 2021 00:40:49 +0200},
  url       = {https://doi.org/10.18653/v1/w18-6504},
}

@InProceedings{reiter2007architecture,
  author    = {Ehud Reiter},
  booktitle = {Proceedings of the ENLG},
  title     = {An Architecture for Data-To-Text Systems},
  year      = {2007},
  comment   = {templated-based D2T},
  groups    = {D2T},
  timestamp = {Fri, 06 Aug 2021 00:40:19 +0200},
  url       = {https://aclanthology.org/W07-2315/},
}

@Article{zhang2020overview,
  author    = {Xichen Zhang and Ali A. Ghorbani},
  journal   = {Inf. Process. Manag.},
  title     = {An Overview of Online Fake News: Characterization, Detection, and Discussion},
  year      = {2020},
  number    = {2},
  pages     = {102025},
  volume    = {57},
  comment   = {fake news and extrinsic hallucination},
  groups    = {hallucination/faithful/factual},
  timestamp = {Mon, 14 Dec 2020 08:24:05 +0100},
  url       = {https://doi.org/10.1016/j.ipm.2019.03.004},
}

@InProceedings{shu2019news,
  author    = {Kai Shu and Suhang Wang and Huan Liu},
  booktitle = {Proceedings of the WSDM},
  title     = {Beyond News Contents: The Role of Social Context for Fake News Detection},
  year      = {2019},
  pages     = {312--320},
  comment   = {fake news and extrinsic hallucination},
  groups    = {hallucination/faithful/factual},
  timestamp = {Thu, 25 Apr 2024 15:20:40 +0200},
  url       = {https://doi.org/10.1145/3289600.3290994},
}

@InProceedings{maynez2020faithfulnessa,
  author    = {Joshua Maynez and Shashi Narayan and Bernd Bohnet and Ryan T. McDonald},
  booktitle = {Proceedings of the ACL},
  title     = {On Faithfulness and Factuality in Abstractive Summarization},
  year      = {2020},
  pages     = {1906--1919},
  comment   = {extrinsic and intrinsic},
  groups    = {hallucination/faithful/factual},
  timestamp = {Fri, 06 Aug 2021 00:40:56 +0200},
  url       = {https://doi.org/10.18653/v1/2020.acl-main.173},
}

@InProceedings{manakul2023selfcheckgpt,
  author    = {Potsawee Manakul and Adian Liusie and Mark J. F. Gales},
  booktitle = {Proceedings of the EMNLP},
  title     = {Selfcheckgpt: Zero-Resource Black-Box Hallucination Detection for Generative Large Language Models},
  year      = {2023},
  pages     = {9004--9017},
  comment   = {factuality},
  groups    = {hallucination/faithful/factual, nlg evaluation},
  timestamp = {Fri, 12 Apr 2024 13:11:46 +0200},
  url       = {https://doi.org/10.18653/v1/2023.emnlp-main.557},
}

@InProceedings{lin2022truthfulqa,
  author    = {Stephanie Lin and Jacob Hilton and Owain Evans},
  booktitle = {Proceedings of the ACL},
  title     = {Truthfulqa: Measuring How Models Mimic Human Falsehoods},
  year      = {2022},
  pages     = {3214--3252},
  comment   = {factuality},
  groups    = {hallucination/faithful/factual, nlg evaluation},
  timestamp = {Mon, 01 Aug 2022 16:27:45 +0200},
  url       = {https://doi.org/10.18653/v1/2022.acl-long.229},
}

@InProceedings{nan2021entity,
  author    = {Feng Nan and Ramesh Nallapati and Zhiguo Wang and C{\'{\i}}cero Nogueira dos Santos and Henghui Zhu and Dejiao Zhang and Kathy McKeown and Bing Xiang},
  booktitle = {Proceedings of the EACL},
  title     = {Entity-Level Factual Consistency of Abstractive Text Summarization},
  year      = {2021},
  pages     = {2727--2733},
  comment   = {factual inconsistency (NE entity level)},
  groups    = {hallucination/faithful/factual},
  timestamp = {Thu, 20 Jan 2022 10:02:57 +0100},
  url       = {https://doi.org/10.18653/v1/2021.eacl-main.235},
}

@Article{chen2017tutorial,
  author  = {Yen-Chi Chen},
  journal = {Biostatistics \& Epidemiology},
  title   = {A Tutorial on Kernel Density Estimation and Recent Advances},
  year    = {2017},
  number  = {1},
  pages   = {161--187},
  volume  = {1},
  comment = {KDE},
  groups  = {must have},
  url     = {https://doi.org/10.1080/24709360.2017.1396742},
}

@Article{rumelhart1986learning,
  author  = {Rumelhart, David E and Hinton, Geoffrey E and Williams, Ronald J},
  journal = {Biometrika},
  title   = {Learning Internal Representations by Error Propagation, Parallel Distributed Processing, Explorations in the Microstructure of Cognition},
  year    = {1986},
  number  = {599-607},
  pages   = {6},
  volume  = {71},
  comment = {backpropagation},
  groups  = {must have},
}

@InProceedings{kryscinski2020evaluating,
  author    = {Wojciech Kryscinski and Bryan McCann and Caiming Xiong and Richard Socher},
  booktitle = {Proceedings of the EMNLP},
  title     = {Evaluating the Factual Consistency of Abstractive Text Summarization},
  year      = {2020},
  pages     = {9332--9346},
  groups    = {source reference divergence},
  timestamp = {Tue, 20 Aug 2024 07:54:43 +0200},
  url       = {https://doi.org/10.18653/v1/2020.emnlp-main.750},
}
