@Article{clauset2009power,
  author    = {Aaron Clauset and Cosma Rohilla Shalizi and Mark E. J. Newman},
  journal   = {SIAM Review},
  title     = {Power-Law Distributions in Empirical Data},
  year      = {2009},
  number    = {4},
  pages     = {661--703},
  volume    = {51},
  comment   = {extremely good},
  timestamp = {Tue, 29 Sep 2020 10:58:15 +0200},
  url       = {https://doi.org/10.1137/070710111},
}

@Article{goldstein2004problems,
  author  = {Goldstein, Michel L and Morris, Steven A and Yen, Gary G},
  journal = {The European Physical Journal B-Condensed Matter and Complex Systems},
  title   = {Problems with Fitting to the Power-Law Distribution},
  year    = {2004},
  pages   = {255--258},
  volume  = {41},
  comment = {just fitting power-law},
  url     = {https://doi.org/10.1140/epjb/e2004-00316-5},
}

@Article{an1933sulla,
  author  = {An, Kolmogorov},
  journal = {Giorn Dell'inst Ital Degli Att},
  title   = {Sulla Determinazione Empirica Di Una Legge Didistribuzione},
  year    = {1933},
  pages   = {89--91},
  volume  = {4},
  comment = {Kolmogorov paper},
}

@Article{pearson1900x.,
  author  = {Pearson, Karl},
  journal = {The London, Edinburgh, and Dublin Philosophical Magazine and Journal of Science},
  title   = {X. On the Criterion That a Given System of Deviations from the Probable in the Case of a Correlated System of Variables Is Such That It Can Be Reasonably Supposed to Have Arisen from Random Sampling},
  year    = {1900},
  number  = {302},
  pages   = {157--175},
  volume  = {50},
  comment = {chi-square},
}

@Article{hestness2017deep,
  author    = {Joel Hestness and Sharan Narang and Newsha Ardalani and Gregory F. Diamos and Heewoo Jun and Hassan Kianinejad and Md. Mostofa Ali Patwary and Yang Yang and Yanqi Zhou},
  journal   = {CoRR},
  title     = {Deep Learning Scaling Is Predictable, Empirically},
  year      = {2017},
  volume    = {abs/1712.00409},
  comment   = {first scaling},
  timestamp = {Mon, 13 Aug 2018 16:48:15 +0200},
  url       = {http://arxiv.org/abs/1712.00409},
}

@Article{kaplan2020scaling,
  author    = {Jared Kaplan and Sam McCandlish and Tom Henighan and Tom B. Brown and Benjamin Chess and Rewon Child and Scott Gray and Alec Radford and Jeffrey Wu and Dario Amodei},
  journal   = {CoRR},
  title     = {Scaling Laws for Neural Language Models},
  year      = {2020},
  volume    = {abs/2001.08361},
  comment   = {kaplan scaling},
  timestamp = {Wed, 03 Jun 2020 10:55:13 +0200},
  url       = {https://arxiv.org/abs/2001.08361},
}

@Article{haegele2024scaling,
  author    = {Alexander H{\"{a}}gele and Elie Bakouch and Atli Kosson and Loubna Ben Allal and Leandro von Werra and Martin Jaggi},
  journal   = {CoRR},
  title     = {Scaling Laws and Compute-Optimal Training beyond Fixed Training Durations},
  year      = {2024},
  volume    = {abs/2405.18392},
  comment   = {scaling law defines budget},
  timestamp = {Fri, 21 Jun 2024 22:39:11 +0200},
  url       = {https://doi.org/10.48550/arXiv.2405.18392},
}

@InProceedings{zhang2024when,
  author    = {Biao Zhang and Zhongtao Liu and Colin Cherry and Orhan Firat},
  booktitle = {ICLR},
  title     = {When Scaling Meets {LLM} Finetuning: The Effect of Data, Model and Finetuning Method},
  year      = {2024},
  comment   = {iclr paper},
  timestamp = {Wed, 07 Aug 2024 17:11:53 +0200},
  url       = {https://openreview.net/forum?id=5HCnKDeTws},
}

@Article{hoffmann2022training,
  author    = {Jordan Hoffmann and Sebastian Borgeaud and Arthur Mensch and Elena Buchatskaya and Trevor Cai and Eliza Rutherford and Diego de Las Casas and Lisa Anne Hendricks and Johannes Welbl and Aidan Clark and Tom Hennigan and Eric Noland and Katie Millican and George van den Driessche and Bogdan Damoc and Aurelia Guy and Simon Osindero and Karen Simonyan and Erich Elsen and Jack W. Rae and Oriol Vinyals and Laurent Sifre},
  journal   = {CoRR},
  title     = {Training Compute-Optimal Large Language Models},
  year      = {2022},
  volume    = {abs/2203.15556},
  comment   = {scaling law defines budget},
  timestamp = {Mon, 04 Apr 2022 18:01:21 +0200},
  url       = {https://doi.org/10.48550/arXiv.2203.15556},
}

@InProceedings{bansal2022data,
  author    = {Yamini Bansal and Behrooz Ghorbani and Ankush Garg and Biao Zhang and Colin Cherry and Behnam Neyshabur and Orhan Firat},
  booktitle = {ICML},
  title     = {Data Scaling Laws in {NMT:} the Effect of Noise and Architecture},
  year      = {2022},
  pages     = {1466--1482},
  volume    = {162},
  comment   = {scaling law in NMT},
  timestamp = {Mon, 24 Oct 2022 10:21:18 +0200},
  url       = {https://proceedings.mlr.press/v162/bansal22b.html},
}

@InProceedings{frantar2024scaling,
  author    = {Elias Frantar and Carlos Riquelme Ruiz and Neil Houlsby and Dan Alistarh and Utku Evci},
  booktitle = {ICLR},
  title     = {Scaling Laws for Sparsely-Connected Foundation Models},
  year      = {2024},
  comment   = {scaling laws for sparse},
  timestamp = {Mon, 29 Jul 2024 17:17:49 +0200},
  url       = {https://openreview.net/forum?id=i9K2ZWkYIP},
}

@Article{hernandez2021scaling,
  author    = {Danny Hernandez and Jared Kaplan and Tom Henighan and Sam McCandlish},
  journal   = {CoRR},
  title     = {Scaling Laws for Transfer},
  year      = {2021},
  volume    = {abs/2102.01293},
  comment   = {scaling law on transfer learning},
  timestamp = {Tue, 09 Feb 2021 13:35:56 +0100},
  url       = {https://arxiv.org/abs/2102.01293},
}

@Article{bahri2024explaining,
  author  = {Yasaman Bahri and Ethan Dyer and Jared Kaplan and Jaehoon Lee and Utkarsh Sharma},
  journal = {Proceedings of the National Academy of Sciences},
  title   = {Explaining Neural Scaling Laws},
  year    = {2024},
  number  = {27},
  pages   = {e2311878121},
  volume  = {121},
  comment = {theoritical justification of scaling},
  url     = {https://www.pnas.org/doi/abs/10.1073/pnas.2311878121},
}

@Article{hendrycksforthcomingintroduction,
  author  = {Dan Hendrycks},
  journal = {Taylor \& Francis},
  title   = {Introduction to Ai Safety, Ethics, and Society},
  year    = {forthcoming},
  comment = {basic of scaling law},
  isbn    = {9781032798028},
  url     = {www.aisafetybook.com},
}

@Comment{jabref-meta: databaseType:bibtex;}
