@Article{vuong1989likelihood,
  author  = {Vuong, Quang H},
  journal = {Econometrica: journal of the Econometric Society},
  title   = {Likelihood Ratio Tests for Model Selection and Non-Nested Hypotheses},
  year    = {1989},
  pages   = {307--333},
}

@Article{shaphiro1965analysis,
  author  = {Shaphiro, S and Wilk, MBJB},
  journal = {Biometrika},
  title   = {An Analysis of Variance Test for Normality},
  year    = {1965},
  number  = {3},
  pages   = {591--611},
  volume  = {52},
}

@Book{siegel2016practical,
  author    = {Siegel, Andrew F},
  publisher = {Academic Press},
  title     = {Practical Business Statistics},
  year      = {2016},
}

@Book{weisberg2005applied,
  author    = {Weisberg, S},
  publisher = {Wiley},
  title     = {Applied Linear Regression},
  year      = {2005},
}

@Comment{jabref-meta: databaseType:bibtex;}
