#SAAANet
@inproceedings{li2020shape,
  title={Shape-aware semi-supervised 3D semantic segmentation for medical images},
  author={Li, Shuailin and Zhang, Chuyu and He, Xuming},
  booktitle={Medical Image Computing and Computer Assisted Intervention--MICCAI 2020: 23rd International Conference, Lima, Peru, October 4--8, 2020, Proceedings, Part I 23},
  pages={552--561},
  year={2020},
  organization={Springer}
}
#unet
@inproceedings{ronneberger2015u,
  title={U-net: Convolutional networks for biomedical image segmentation},
  author={Ronneberger, Olaf and Fischer, Philipp and Brox, Thomas},
  booktitle={Medical Image Computing and Computer-Assisted Intervention--MICCAI 2015: 18th International Conference, Munich, Germany, October 5-9, 2015, Proceedings, Part III 18},
  pages={234--241},
  year={2015},
  organization={Springer}
}
#unet++
@inproceedings{zhou2018unet++,
  title={Unet++: A nested u-net architecture for medical image segmentation},
  author={Zhou, Zongwei and Rahman Siddiquee, Md Mahfuzur and Tajbakhsh, Nima and Liang, Jianming},
  booktitle={Deep Learning in Medical Image Analysis and Multimodal Learning for Clinical Decision Support: 4th International Workshop, DLMIA 2018, and 8th International Workshop, ML-CDS 2018, Held in Conjunction with MICCAI 2018, Granada, Spain, September 20, 2018, Proceedings 4},
  pages={3--11},
  year={2018},
  organization={Springer}
}
#dense Unet
@article{guan2019fully,
  title={Fully dense UNet for 2-D sparse photoacoustic tomography artifact removal},
  author={Guan, Steven and Khan, Amir A and Sikdar, Siddhartha and Chitnis, Parag V},
  journal={IEEE journal of biomedical and health informatics},
  volume={24},
  number={2},
  pages={568--576},
  year={2019},
  publisher={IEEE}
}
#Resunet
@inproceedings{xiao2018weighted,
  title={Weighted res-unet for high-quality retina vessel segmentation},
  author={Xiao, Xiao and Lian, Shen and Luo, Zhiming and Li, Shaozi},
  booktitle={2018 9th international conference on information technology in medicine and education (ITME)},
  pages={327--331},
  year={2018},
  organization={IEEE}
}
#transunet
@article{chen2021transunet,
  title={Transunet: Transformers make strong encoders for medical image segmentation},
  author={Chen, Jieneng and Lu, Yongyi and Yu, Qihang and Luo, Xiangde and Adeli, Ehsan and Wang, Yan and Lu, Le and Yuille, Alan L and Zhou, Yuyin},
  journal={arXiv preprint arXiv:2102.04306},
  year={2021}
}
#3dUnet
@inproceedings{cciccek20163d,
  title={3D U-Net: learning dense volumetric segmentation from sparse annotation},
  author={{\c{C}}i{\c{c}}ek, {\"O}zg{\"u}n and Abdulkadir, Ahmed and Lienkamp, Soeren S and Brox, Thomas and Ronneberger, Olaf},
  booktitle={Medical Image Computing and Computer-Assisted Intervention--MICCAI 2016: 19th International Conference, Athens, Greece, October 17-21, 2016, Proceedings, Part II 19},
  pages={424--432},
  year={2016},
  organization={Springer}
}
#Vnet
@inproceedings{milletari2016v,
  title={V-net: Fully convolutional neural networks for volumetric medical image segmentation},
  author={Milletari, Fausto and Navab, Nassir and Ahmadi, Seyed-Ahmad},
  booktitle={2016 fourth international conference on 3D vision (3DV)},
  pages={565--571},
  year={2016},
  organization={Ieee}
}
#follow previous LA and Pc
@inproceedings{yu2019uncertainty,
  title={Uncertainty-aware self-ensembling model for semi-supervised 3D left atrium segmentation},
  author={Yu, Lequan and Wang, Shujun and Li, Xiaomeng and Fu, Chi-Wing and Heng, Pheng-Ann},
  booktitle={Medical Image Computing and Computer Assisted Intervention--MICCAI 2019: 22nd International Conference, Shenzhen, China, October 13--17, 2019, Proceedings, Part II 22},
  pages={605--613},
  year={2019},
  organization={Springer}
}
#follow previous Bra
@article{liu2022translation,
  title={Translation consistent semi-supervised segmentation for 3d medical images},
  author={Liu, Yuyuan and Tian, Yu and Wang, Chong and Chen, Yuanhong and Liu, Fengbei and Belagiannis, Vasileios and Carneiro, Gustavo},
  journal={arXiv preprint arXiv:2203.14523},
  year={2022}
}
##LG-ER consistency+entroy
@inproceedings{hang2020local,
  title={Local and global structure-aware entropy regularized mean teacher model for 3d left atrium segmentation},
  author={Hang, Wenlong and Feng, Wei and Liang, Shuang and Yu, Lequan and Wang, Qiong and Choi, Kup-Sze and Qin, Jing},
  booktitle={Medical Image Computing and Computer Assisted Intervention--MICCAI 2020: 23rd International Conference, Lima, Peru, October 4--8, 2020, Proceedings, Part I 23},
  pages={562--571},
  year={2020},
  organization={Springer}
}
#DUWM
@inproceedings{wang2020double,
  title={Double-uncertainty weighted method for semi-supervised learning},
  author={Wang, Yixin and Zhang, Yao and Tian, Jiang and Zhong, Cheng and Shi, Zhongchao and Zhang, Yang and He, Zhiqiang},
  booktitle={Medical Image Computing and Computer Assisted Intervention--MICCAI 2020: 23rd International Conference, Lima, Peru, October 4--8, 2020, Proceedings, Part I 23},
  pages={542--551},
  year={2020},
  organization={Springer}
}

@article{li2020transformation,
  title={Transformation-consistent self-ensembling model for semisupervised medical image segmentation},
  author={Li, Xiaomeng and Yu, Lequan and Chen, Hao and Fu, Chi-Wing and Xing, Lei and Heng, Pheng-Ann},
  journal={IEEE Transactions on Neural Networks and Learning Systems},
  volume={32},
  number={2},
  pages={523--534},
  year={2020},
  publisher={IEEE}
}
@inproceedings{zheng2022double,
  title={Double noise mean teacher self-ensembling model for semi-supervised tumor segmentation},
  author={Zheng, Ke and Xu, Junhai and Wei, Jianguo},
  booktitle={ICASSP 2022-2022 IEEE International Conference on Acoustics, Speech and Signal Processing (ICASSP)},
  pages={1446--1450},
  year={2022},
  organization={IEEE}
}
@inproceedings{xu2022learning,
  title={Learning morphological feature perturbations for calibrated semi-supervised segmentation},
  author={Xu, Mou-Cheng and Zhou, Yu-Kun and Jin, Chen and Blumberg, Stefano B and Wilson, Frederick J and deGroot, Marius and Alexander, Daniel C and Oxtoby, Neil P and Jacob, Joseph},
  booktitle={International Conference on Medical Imaging with Deep Learning},
  pages={1413--1429},
  year={2022},
  organization={PMLR}
}
#ADMT
@article{zhao2023alternate,
  title={Alternate Diverse Teaching for Semi-supervised Medical Image Segmentation},
  author={Zhao, Zhen and Wang, Zicheng and Wang, Longyue and Yuan, Yixuan and Zhou, Luping},
  journal={arXiv preprint arXiv:2311.17325},
  year={2023}
}
#BCP
@inproceedings{bai2023bidirectional,
  title={Bidirectional Copy-Paste for Semi-Supervised Medical Image Segmentation},
  author={Bai, Yunhao and Chen, Duowen and Li, Qingli and Shen, Wei and Wang, Yan},
  booktitle={Proceedings of the IEEE/CVF Conference on Computer Vision and Pattern Recognition},
  pages={11514--11524},
  year={2023}
}
#PS-MT
@inproceedings{liu2022perturbed,
  title={Perturbed and strict mean teachers for semi-supervised semantic segmentation},
  author={Liu, Yuyuan and Tian, Yu and Chen, Yuanhong and Liu, Fengbei and Belagiannis, Vasileios and Carneiro, Gustavo},
  booktitle={Proceedings of the IEEE/CVF Conference on Computer Vision and Pattern Recognition},
  pages={4258--4267},
  year={2022}
}

@article{ADIGAV2024103011,
title = {Anatomically-aware uncertainty for semi-supervised image segmentation},
journal = {Medical Image Analysis},
volume = {91},
pages = {103011},
year = {2024},
issn = {1361-8415},
doi = {https://doi.org/10.1016/j.media.2023.103011},
url = {https://www.sciencedirect.com/science/article/pii/S1361841523002712},
author = {Sukesh {Adiga V.} and Jose Dolz and Herve Lombaert},
}
#URPC
@inproceedings{luo2021efficient,
  title={Efficient semi-supervised gross target volume of nasopharyngeal carcinoma segmentation via uncertainty rectified pyramid consistency},
  author={Luo, Xiangde and Liao, Wenjun and Chen, Jieneng and Song, Tao and Chen, Yinan and Zhang, Shichuan and Chen, Nianyong and Wang, Guotai and Zhang, Shaoting},
  booktitle={Medical Image Computing and Computer Assisted Intervention--MICCAI 2021: 24th International Conference, Strasbourg, France, September 27--October 1, 2021, Proceedings, Part II 24},
  pages={318--329},
  year={2021},
  organization={Springer}
}
#CAML
@inproceedings{gao2023correlation,
  title={Correlation-aware mutual learning for semi-supervised medical image segmentation},
  author={Gao, Shengbo and Zhang, Ziji and Ma, Jiechao and Li, Zihao and Zhang, Shu},
  booktitle={International Conference on Medical Image Computing and Computer-Assisted Intervention},
  pages={98--108},
  year={2023},
  organization={Springer}
}
#ASE-Net
@article{lei2022semi,
  title={Semi-supervised medical image segmentation using adversarial consistency learning and dynamic convolution network},
  author={Lei, Tao and Zhang, Dong and Du, Xiaogang and Wang, Xuan and Wan, Yong and Nandi, Asoke K},
  journal={IEEE Transactions on Medical Imaging},
  year={2022},
  publisher={IEEE}
}
#TAC
@article{chen2022semi,
  title={Semi-supervised unpaired medical image segmentation through task-affinity consistency},
  author={Chen, Jingkun and Zhang, Jianguo and Debattista, Kurt and Han, Jungong},
  journal={IEEE Transactions on Medical Imaging},
  volume={42},
  number={3},
  pages={594--605},
  year={2022},
  publisher={IEEE}
}
#CAC4SSL
@article{li2024contour,
  title={Contour-aware consistency for semi-supervised medical image segmentation},
  author={Li, Lei and Lian, Sheng and Luo, Zhiming and Wang, Beizhan and Li, Shaozi},
  journal={Biomedical Signal Processing and Control},
  volume={89},
  pages={105694},
  year={2024},
  publisher={Elsevier}
}
#DTC
@inproceedings{luo2021semi,
  title={Semi-supervised medical image segmentation through dual-task consistency},
  author={Luo, Xiangde and Chen, Jieneng and Song, Tao and Wang, Guotai},
  booktitle={Proceedings of the AAAI conference on artificial intelligence},
  volume={35},
  number={10},
  pages={8801--8809},
  year={2021}
}
#MC-net
@inproceedings{wu2021semi,
  title={Semi-supervised left atrium segmentation with mutual consistency training},
  author={Wu, Yicheng and Xu, Minfeng and Ge, Zongyuan and Cai, Jianfei and Zhang, Lei},
  booktitle={Medical Image Computing and Computer Assisted Intervention--MICCAI 2021: 24th International Conference, Strasbourg, France, September 27--October 1, 2021, Proceedings, Part II 24},
  pages={297--306},
  year={2021},
  organization={Springer}
}
#MC-net+
@article{wu2022mutual,
  title={Mutual consistency learning for semi-supervised medical image segmentation},
  author={Wu, Yicheng and Ge, Zongyuan and Zhang, Donghao and Xu, Minfeng and Zhang, Lei and Xia, Yong and Cai, Jianfei},
  journal={Medical Image Analysis},
  volume={81},
  pages={102530},
  year={2022},
  publisher={Elsevier}
}
#caml
@article{ZHANG2022369,
title = {Dynamic prototypical feature representation learning framework for semi-supervised skin lesion segmentation},
journal = {Neurocomputing},
volume = {507},
pages = {369-382},
year = {2022},
issn = {0925-2312},
doi = {https://doi.org/10.1016/j.neucom.2022.08.039},
url = {https://www.sciencedirect.com/science/article/pii/S092523122201013X},
author = {Zhenxi Zhang and Chunna Tian and Xinbo Gao and Cui Wang and Xue Feng and Harrison X. Bai and Zhicheng Jiao},
}

@inproceedings{wang2021tripled,
  title={Tripled-uncertainty guided mean teacher model for semi-supervised medical image segmentation},
  author={Wang, Kaiping and Zhan, Bo and Zu, Chen and Wu, Xi and Zhou, Jiliu and Zhou, Luping and Wang, Yan},
  booktitle={Medical Image Computing and Computer Assisted Intervention--MICCAI 2021: 24th International Conference, Strasbourg, France, September 27--October 1, 2021, Proceedings, Part II 24},
  pages={450--460},
  year={2021},
  organization={Springer}
}
@article{xia2020uncertainty,
  title={Uncertainty-aware multi-view co-training for semi-supervised medical image segmentation and domain adaptation},
  author={Xia, Yingda and Yang, Dong and Yu, Zhiding and Liu, Fengze and Cai, Jinzheng and Yu, Lequan and Zhu, Zhuotun and Xu, Daguang and Yuille, Alan and Roth, Holger},
  journal={Medical image analysis},
  volume={65},
  pages={101766},
  year={2020},
  publisher={Elsevier}
}
@article{li2023transformer,
  title={Transformer-based visual segmentation: A survey},
  author={Li, Xiangtai and Ding, Henghui and Zhang, Wenwei and Yuan, Haobo and Pang, Jiangmiao and Cheng, Guangliang and Chen, Kai and Liu, Ziwei and Loy, Chen Change},
  journal={arXiv preprint arXiv:2304.09854},
  year={2023}
}
@inproceedings{liu2022dynamic,
  title={Dynamic prototype convolution network for few-shot semantic segmentation},
  author={Liu, Jie and Bao, Yanqi and Xie, Guo-Sen and Xiong, Huan and Sonke, Jan-Jakob and Gavves, Efstratios},
  booktitle={Proceedings of the IEEE/CVF Conference on Computer Vision and Pattern Recognition},
  pages={11553--11562},
  year={2022}
}



#CAC
@inproceedings{lai2021semi,
  title={Semi-supervised semantic segmentation with directional context-aware consistency},
  author={Lai, Xin and Tian, Zhuotao and Jiang, Li and Liu, Shu and Zhao, Hengshuang and Wang, Liwei and Jia, Jiaya},
  booktitle={Proceedings of the IEEE/CVF Conference on Computer Vision and Pattern Recognition},
  pages={1205--1214},
  year={2021}
}
@inproceedings{he2020momentum,
  title={Momentum contrast for unsupervised visual representation learning},
  author={He, Kaiming and Fan, Haoqi and Wu, Yuxin and Xie, Saining and Girshick, Ross},
  booktitle={Proceedings of the IEEE/CVF conference on computer vision and pattern recognition},
  pages={9729--9738},
  year={2020}
}








#UniMatch
@inproceedings{yang2023revisiting,
  title={Revisiting weak-to-strong consistency in semi-supervised semantic segmentation},
  author={Yang, Lihe and Qi, Lei and Feng, Litong and Zhang, Wayne and Shi, Yinghuan},
  booktitle={Proceedings of the IEEE/CVF Conference on Computer Vision and Pattern Recognition},
  pages={7236--7246},
  year={2023}
}


#SCC
@article{liu2022contrastive,
  title={A contrastive consistency semi-supervised left atrium segmentation model},
  author={Liu, Yashu and Wang, Wei and Luo, Gongning and Wang, Kuanquan and Li, Shuo},
  journal={Computerized Medical Imaging and Graphics},
  volume={99},
  pages={102092},
  year={2022},
  publisher={Elsevier}
}
#MCCauSSL
@inproceedings{miao2023caussl,
  title={Caussl: Causality-inspired semi-supervised learning for medical image segmentation},
  author={Miao, Juzheng and Chen, Cheng and Liu, Furui and Wei, Hao and Heng, Pheng-Ann},
  booktitle={Proceedings of the IEEE/CVF International Conference on Computer Vision},
  pages={21426--21437},
  year={2023}
}
#MCF
@inproceedings{wang2023mcf,
  title={MCF: Mutual Correction Framework for Semi-Supervised Medical Image Segmentation},
  author={Wang, Yongchao and Xiao, Bin and Bi, Xiuli and Li, Weisheng and Gao, Xinbo},
  booktitle={Proceedings of the IEEE/CVF Conference on Computer Vision and Pattern Recognition},
  pages={15651--15660},
  year={2023}
}
#ICT

#SDC-SSL
@article{lei2023shape,
  title={Shape-guided Dual Consistency Semi-supervised Learning Framework for 3D Medical Image Segmentation},
  author={Lei, Tao and Liu, Hulin and Wan, Yong and Li, Chenxia and Xia, Yong and Nandi, Asoke K},
  journal={IEEE Transactions on Radiation and Plasma Medical Sciences},
  year={2023},
  publisher={IEEE}
}

@article{verma2022interpolation,
  title={Interpolation consistency training for semi-supervised learning},
  author={Verma, Vikas and Kawaguchi, Kenji and Lamb, Alex and Kannala, Juho and Solin, Arno and Bengio, Yoshua and Lopez-Paz, David},
  journal={Neural Networks},
  volume={145},
  pages={90--106},
  year={2022},
  publisher={Elsevier}
}
@article{xiong2021global,
  title={A global benchmark of algorithms for segmenting the left atrium from late gadolinium-enhanced cardiac magnetic resonance imaging},
  author={Xiong, Zhaohan and Xia, Qing and Hu, Zhiqiang and Huang, Ning and Bian, Cheng and Zheng, Yefeng and Vesal, Sulaiman and Ravikumar, Nishant and Maier, Andreas and Yang, Xin and others},
  journal={Medical image analysis},
  volume={67},
  pages={101832},
  year={2021},
  publisher={Elsevier}
}
@article{clark2013cancer,
  title={The Cancer Imaging Archive (TCIA): maintaining and operating a public information repository},
  author={Clark, Kenneth and Vendt, Bruce and Smith, Kirk and Freymann, John and Kirby, Justin and Koppel, Paul and Moore, Stephen and Phillips, Stanley and Maffitt, David and Pringle, Michael and others},
  journal={Journal of digital imaging},
  volume={26},
  pages={1045--1057},
  year={2013},
  publisher={Springer}
}
@article{menze2014multimodal,
  title={The multimodal brain tumor image segmentation benchmark (BRATS)},
  author={Menze, Bjoern H and Jakab, Andras and Bauer, Stefan and Kalpathy-Cramer, Jayashree and Farahani, Keyvan and Kirby, Justin and Burren, Yuliya and Porz, Nicole and Slotboom, Johannes and Wiest, Roland and others},
  journal={IEEE transactions on medical imaging},
  volume={34},
  number={10},
  pages={1993--2024},
  year={2014},
  publisher={IEEE}
}
@inproceedings{chen2019multi,
  title={Multi-task attention-based semi-supervised learning for medical image segmentation},
  author={Chen, Shuai and Bortsova, Gerda and Garc{\'\i}a-Uceda Ju{\'a}rez, Antonio and Van Tulder, Gijs and De Bruijne, Marleen},
  booktitle={Medical Image Computing and Computer Assisted Intervention--MICCAI 2019: 22nd International Conference, Shenzhen, China, October 13--17, 2019, Proceedings, Part III 22},
  pages={457--465},
  year={2019},
  organization={Springer}
}


@article{LU2024107991,
title = {Dual consistency regularization with subjective logic for semi-supervised medical image segmentation},
journal = {Computers in Biology and Medicine},
volume = {170},
pages = {107991},
year = {2024},
issn = {0010-4825},
doi = {https://doi.org/10.1016/j.compbiomed.2024.107991},
url = {https://www.sciencedirect.com/science/article/pii/S0010482524000751},
author = {Shanfu Lu and Ziye Yan and Wei Chen and Tingting Cheng and Zijian Zhang and Guang Yang}
}
@article{su2024mutual,
  title={Mutual learning with reliable pseudo label for semi-supervised medical image segmentation},
  author={Su, Jiawei and Luo, Zhiming and Lian, Sheng and Lin, Dazhen and Li, Shaozi},
  journal={Medical Image Analysis},
  pages={103111},
  year={2024},
  publisher={Elsevier}
}

@article{minaee2021image,
  title={Image segmentation using deep learning: A survey},
  author={Minaee, Shervin and Boykov, Yuri and Porikli, Fatih and Plaza, Antonio and Kehtarnavaz, Nasser and Terzopoulos, Demetri},
  journal={IEEE transactions on pattern analysis and machine intelligence},
  volume={44},
  number={7},
  pages={3523--3542},
  year={2021},
  publisher={IEEE}
}

@inproceedings{yun2019cutmix,
  title={Cutmix: Regularization strategy to train strong classifiers with localizable features},
  author={Yun, Sangdoo and Han, Dongyoon and Oh, Seong Joon and Chun, Sanghyuk and Choe, Junsuk and Yoo, Youngjoon},
  booktitle={Proceedings of the IEEE/CVF international conference on computer vision},
  pages={6023--6032},
  year={2019}
}

@article{wang2022medical,
  title={Medical image segmentation using deep learning: A survey},
  author={Wang, Risheng and Lei, Tao and Cui, Ruixia and Zhang, Bingtao and Meng, Hongying and Nandi, Asoke K},
  journal={IET Image Processing},
  volume={16},
  number={5},
  pages={1243--1267},
  year={2022},
  publisher={Wiley Online Library}
}
@article{liu2021bootstrapping,
  title={Bootstrapping semantic segmentation with regional contrast},
  author={Liu, Shikun and Zhi, Shuaifeng and Johns, Edward and Davison, Andrew J},
  journal={arXiv preprint arXiv:2104.04465},
  year={2021}
}

@ARTICLE{10093768,
  author={He, Along and Wang, Kai and Li, Tao and Du, Chengkun and Xia, Shuang and Fu, Huazhu},
  journal={IEEE Transactions on Medical Imaging}, 
  title={H2Former: An Efficient Hierarchical Hybrid Transformer for Medical Image Segmentation}, 
  year={2023},
  volume={42},
  number={9},
  pages={2763-2775},
  keywords={Transformers;Image segmentation;Biomedical imaging;Task analysis;Medical diagnostic imaging;Computational modeling;Three-dimensional displays;Hierarchical hybrid transformer;medical image segmentation;multi-scale channel attention;self-attention},
  doi={10.1109/TMI.2023.3264513}}

@article{horst2024cellvit,
  title={Cellvit: Vision transformers for precise cell segmentation and classification},
  author={H{\"o}rst, Fabian and Rempe, Moritz and Heine, Lukas and Seibold, Constantin and Keyl, Julius and Baldini, Giulia and Ugurel, Selma and Siveke, Jens and Gr{\"u}nwald, Barbara and Egger, Jan and others},
  journal={Medical Image Analysis},
  pages={103143},
  year={2024},
  publisher={Elsevier}
}

@article{dosovitskiy2020image,
  title={An image is worth 16x16 words: Transformers for image recognition at scale},
  author={Dosovitskiy, Alexey and Beyer, Lucas and Kolesnikov, Alexander and Weissenborn, Dirk and Zhai, Xiaohua and Unterthiner, Thomas and Dehghani, Mostafa and Minderer, Matthias and Heigold, Georg and Gelly, Sylvain and others},
  journal={arXiv preprint arXiv:2010.11929},
  year={2020}
}
@inproceedings{wu2024medsegdiff,
  title={MedSegDiff-V2: Diffusion-Based Medical Image Segmentation with Transformer},
  author={Wu, Junde and Ji, Wei and Fu, Huazhu and Xu, Min and Jin, Yueming and Xu, Yanwu},
  booktitle={Proceedings of the AAAI Conference on Artificial Intelligence},
  volume={38},
  number={6},
  pages={6030--6038},
  year={2024}
}
@inproceedings{chowdary2023diffusion,
  title={Diffusion transformer u-net for medical image segmentation},
  author={Chowdary, G Jignesh and Yin, Zhaozheng},
  booktitle={International Conference on Medical Image Computing and Computer-Assisted Intervention},
  pages={622--631},
  year={2023},
  organization={Springer}
}
@article{ho2020denoising,
  title={Denoising diffusion probabilistic models},
  author={Ho, Jonathan and Jain, Ajay and Abbeel, Pieter},
  journal={Advances in neural information processing systems},
  volume={33},
  pages={6840--6851},
  year={2020}
}


@ARTICLE{10273222,
  author={Zhao, Xiangyu and Qi, Zengxin and Wang, Sheng and Wang, Qian and Wu, Xuehai and Mao, Ying and Zhang, Lichi},
  journal={IEEE Journal of Biomedical and Health Informatics}, 
  title={RCPS: Rectified Contrastive Pseudo Supervision for Semi-Supervised Medical Image Segmentation}, 
  year={2024},
  volume={28},
  number={1},
  pages={251-261},
  keywords={Image segmentation;Biomedical imaging;Training;Uncertainty;Transformers;Task analysis;Predictive models;Medical image segmentation;semi-supervised learning;contrastive learning;pseudo supervision},
  doi={10.1109/JBHI.2023.3322590}}


@article{shaharabany2023autosam,
  title={Autosam: Adapting sam to medical images by overloading the prompt encoder},
  author={Shaharabany, Tal and Dahan, Aviad and Giryes, Raja and Wolf, Lior},
  journal={arXiv preprint arXiv:2306.06370},
  year={2023}
}

@article{chen2024ma,
  title={Ma-sam: Modality-agnostic sam adaptation for 3d medical image segmentation},
  author={Chen, Cheng and Miao, Juzheng and Wu, Dufan and Zhong, Aoxiao and Yan, Zhiling and Kim, Sekeun and Hu, Jiang and Liu, Zhengliang and Sun, Lichao and Li, Xiang and others},
  journal={Medical Image Analysis},
  pages={103310},
  year={2024},
  publisher={Elsevier}
}
