@inproceedings{carbonell1998use,
  title={The use of MMR, diversity-based reranking for reordering documents and producing summaries},
  author={Carbonell, Jaime and Goldstein, Jade},
  booktitle={Proceedings of the 21st annual international ACM SIGIR conference on Research and development in information retrieval},
  pages={335--336},
  year={1998}
}

@article{chen2018fast,
  title={Fast greedy map inference for determinantal point process to improve recommendation diversity},
  author={Chen, Laming and Zhang, Guoxin and Zhou, Eric},
  journal={Advances in Neural Information Processing Systems},
  volume={31},
  year={2018}
}

@inproceedings{chen2020improving,
  title={Improving end-to-end sequential recommendations with intent-aware diversification},
  author={Chen, Wanyu and Ren, Pengjie and Cai, Fei and Sun, Fei and de Rijke, Maarten},
  booktitle={Proceedings of the 29th ACM international conference on information \& knowledge management},
  pages={175--184},
  year={2020}
}

@inproceedings{guo2015trustsvd,
  title={Trustsvd: Collaborative filtering with both the explicit and implicit influence of user trust and of item ratings},
  author={Guo, Guibing and Zhang, Jie and Yorke-Smith, Neil},
  booktitle={Proceedings of the AAAI conference on artificial intelligence},
  volume={29},
  number={1},
  year={2015}
}

@inproceedings{jamali2010matrix,
  title={A matrix factorization technique with trust propagation for recommendation in social networks},
  author={Jamali, Mohsen and Ester, Martin},
  booktitle={Proceedings of the fourth ACM conference on Recommender systems},
  pages={135--142},
  year={2010}
}

@article{kipf2016semi,
  title={Semi-supervised classification with graph convolutional networks},
  author={Kipf, Thomas N and Welling, Max},
  journal={arXiv preprint arXiv:1609.02907},
  year={2016}
}

@article{li2021spex,
  title={SPEX: A Generic Framework for Enhancing Neural Social Recommendation},
  author={Li, Hui and Li, Lianyun and Xv, Guipeng and Lin, Chen and Li, Ke and Jiang, Bingchuan},
  journal={ACM Transactions on Information Systems (TOIS)},
  volume={40},
  number={2},
  pages={1--33},
  year={2021},
  publisher={ACM New York, NY}
}

@inproceedings{liang2021enhancing,
  title={Enhancing domain-level and user-level adaptivity in diversified recommendation},
  author={Liang, Yile and Qian, Tieyun and Li, Qing and Yin, Hongzhi},
  booktitle={Proceedings of the 44th International ACM SIGIR Conference on Research and Development in Information Retrieval},
  pages={747--756},
  year={2021}
}

@inproceedings{ma2011recommender,
  title={Recommender systems with social regularization},
  author={Ma, Hao and Zhou, Dengyong and Liu, Chao and Lyu, Michael R and King, Irwin},
  booktitle={Proceedings of the fourth ACM international conference on Web search and data mining},
  pages={287--296},
  year={2011}
}

@inproceedings{tao2022revisiting,
  title={Revisiting Graph based Social Recommendation: A Distillation Enhanced Social Graph Network},
  author={Tao, Ye and Li, Ying and Zhang, Su and Hou, Zhirong and Wu, Zhonghai},
  booktitle={Proceedings of the ACM Web Conference 2022},
  pages={2830--2838},
  year={2022}
}

@article{wang2023denoised,
  title={Denoised self-augmented learning for social recommendation},
  author={Wang, Tianle and Xia, Lianghao and Huang, Chao},
  journal={arXiv preprint arXiv:2305.12685},
  year={2023}
}

@inproceedings{wu2019neural,
  title={A neural influence diffusion model for social recommendation},
  author={Wu, Le and Sun, Peijie and Fu, Yanjie and Hong, Richang and Wang, Xiting and Wang, Meng},
  booktitle={Proceedings of the 42nd international ACM SIGIR conference on research and development in information retrieval},
  pages={235--244},
  year={2019}
}

@article{wu2020diffnet++,
  title={Diffnet++: A neural influence and interest diffusion network for social recommendation},
  author={Wu, Le and Li, Junwei and Sun, Peijie and Hong, Richang and Ge, Yong and Wang, Meng},
  journal={IEEE Transactions on Knowledge and Data Engineering},
  volume={34},
  number={10},
  pages={4753--4766},
  year={2020},
  publisher={IEEE}
}

@inproceedings{yang2023dgrec,
  title={DGRec: Graph Neural Network for Recommendation with Diversified Embedding Generation},
  author={Yang, Liangwei and Wang, Shengjie and Tao, Yunzhe and Sun, Jiankai and Liu, Xiaolong and Yu, Philip S and Wang, Taiqing},
  booktitle={Proceedings of the Sixteenth ACM International Conference on Web Search and Data Mining},
  pages={661--669},
  year={2023}
}

@inproceedings{yu2021self,
  title={Self-supervised multi-channel hypergraph convolutional network for social recommendation},
  author={Yu, Junliang and Yin, Hongzhi and Li, Jundong and Wang, Qinyong and Hung, Nguyen Quoc Viet and Zhang, Xiangliang},
  booktitle={Proceedings of the web conference 2021},
  pages={413--424},
  year={2021}
}

@inproceedings{yu2021socially,
  title={Socially-aware self-supervised tri-training for recommendation},
  author={Yu, Junliang and Yin, Hongzhi and Gao, Min and Xia, Xin and Zhang, Xiangliang and Viet Hung, Nguyen Quoc},
  booktitle={Proceedings of the 27th ACM SIGKDD Conference on Knowledge Discovery \& Data Mining},
  pages={2084--2092},
  year={2021}
}

@inproceedings{zheng2021dgcn,
  title={Dgcn: Diversified recommendation with graph convolutional networks},
  author={Zheng, Yu and Gao, Chen and Chen, Liang and Jin, Depeng and Li, Yong},
  booktitle={Proceedings of the Web Conference 2021},
  pages={401--412},
  year={2021}
}

