
@inproceedings{davidson2010youtube,
  title={The YouTube video recommendation system},
  author={Davidson, James and Liebald, Benjamin and Liu, Junning and Nandy, Palash and Van Vleet, Taylor and Gargi, Ullas and Gupta, Sujoy and He, Yu and Lambert, Mike and Livingston, Blake and others},
  booktitle={Proceedings of the fourth ACM conference on Recommender systems},
  pages={293--296},
  year={2010}
}
@inproceedings{wu2019neural,
  title={A neural influence diffusion model for social recommendation},
  author={Wu, Le and Sun, Peijie and Fu, Yanjie and Hong, Richang and Wang, Xiting and Wang, Meng},
  booktitle={Proceedings of the 42nd international ACM SIGIR conference on research and development in information retrieval},
  pages={235--244},
  year={2019}
}

@inproceedings{du2022socially,
  title={Socially-aware Dual Contrastive Learning for Cold-Start Recommendation},
  author={Du, Jing and Ye, Zesheng and Yao, Lina and Guo, Bin and Yu, Zhiwen},
  booktitle={Proceedings of the 45th International ACM SIGIR Conference on Research and Development in Information Retrieval},
  pages={1927--1932},
  year={2022}
}

@article{mcpherson2001birds,
  title={Birds of a feather: Homophily in social networks},
  author={McPherson, Miller and Smith-Lovin, Lynn and Cook, James M},
  journal={Annual review of sociology},
  volume={27},
  number={1},
  pages={415--444},
  year={2001},
  publisher={Annual Reviews 4139 El Camino Way, PO Box 10139, Palo Alto, CA 94303-0139, USA}
}
@article{marsden1993network,
  title={Network studies of social influence},
  author={Marsden, Peter V and Friedkin, Noah E},
  journal={Sociological Methods \& Research},
  volume={22},
  number={1},
  pages={127--151},
  year={1993},
  publisher={SAGE PERIODICALS PRESS}
}

@inproceedings{ma2011recommender,
  title={Recommender systems with social regularization},
  author={Ma, Hao and Zhou, Dengyong and Liu, Chao and Lyu, Michael R and King, Irwin},
  booktitle={Proceedings of the fourth ACM international conference on Web search and data mining},
  pages={287--296},
  year={2011}
}
@inproceedings{jamali2010matrix,
  title={A matrix factorization technique with trust propagation for recommendation in social networks},
  author={Jamali, Mohsen and Ester, Martin},
  booktitle={Proceedings of the fourth ACM conference on Recommender systems},
  pages={135--142},
  year={2010}
}
@inproceedings{guo2015trustsvd,
  title={Trustsvd: Collaborative filtering with both the explicit and implicit influence of user trust and of item ratings},
  author={Guo, Guibing and Zhang, Jie and Yorke-Smith, Neil},
  booktitle={Proceedings of the AAAI conference on artificial intelligence},
  volume={29},
  number={1},
  year={2015}
}
@article{yang2016social,
  title={Social collaborative filtering by trust},
  author={Yang, Bo and Lei, Yu and Liu, Jiming and Li, Wenjie},
  journal={IEEE transactions on pattern analysis and machine intelligence},
  volume={39},
  number={8},
  pages={1633--1647},
  year={2016},
  publisher={IEEE}
}
@article{kipf2016semi,
  title={Semi-supervised classification with graph convolutional networks},
  author={Kipf, Thomas N and Welling, Max},
  journal={arXiv preprint arXiv:1609.02907},
  year={2016}
}
@inproceedings{fan2019graph,
  title={Graph neural networks for social recommendation},
  author={Fan, Wenqi and Ma, Yao and Li, Qing and He, Yuan and Zhao, Eric and Tang, Jiliang and Yin, Dawei},
  booktitle={The world wide web conference},
  pages={417--426},
  year={2019}
}
@inproceedings{yu2021self,
  title={Self-supervised multi-channel hypergraph convolutional network for social recommendation},
  author={Yu, Junliang and Yin, Hongzhi and Li, Jundong and Wang, Qinyong and Hung, Nguyen Quoc Viet and Zhang, Xiangliang},
  booktitle={Proceedings of the web conference 2021},
  pages={413--424},
  year={2021}
}
@article{adomavicius2011improving,
  title={Improving aggregate recommendation diversity using ranking-based techniques},
  author={Adomavicius, Gediminas and Kwon, YoungOk},
  journal={IEEE Transactions on Knowledge and Data Engineering},
  volume={24},
  number={5},
  pages={896--911},
  year={2011},
  publisher={IEEE}
}
@article{rowland2011filter,
  title={The filter bubble: what the internet is hiding from you},
  author={Rowland, Fred},
  journal={portal: Libraries and the Academy},
  volume={11},
  number={4},
  pages={1009--1011},
  year={2011},
  publisher={Johns Hopkins University Press}
}
@inproceedings{ge2020understanding,
  title={Understanding echo chambers in e-commerce recommender systems},
  author={Ge, Yingqiang and Zhao, Shuya and Zhou, Honglu and Pei, Changhua and Sun, Fei and Ou, Wenwu and Zhang, Yongfeng},
  booktitle={Proceedings of the 43rd international ACM SIGIR conference on research and development in information retrieval},
  pages={2261--2270},
  year={2020}
}
@inproceedings{ziegler2005improving,
  title={Improving recommendation lists through topic diversification},
  author={Ziegler, Cai-Nicolas and McNee, Sean M and Konstan, Joseph A and Lausen, Georg},
  booktitle={Proceedings of the 14th international conference on World Wide Web},
  pages={22--32},
  year={2005}
}
@inproceedings{carbonell1998use,
  title={The use of MMR, diversity-based reranking for reordering documents and producing summaries},
  author={Carbonell, Jaime and Goldstein, Jade},
  booktitle={Proceedings of the 21st annual international ACM SIGIR conference on Research and development in information retrieval},
  pages={335--336},
  year={1998}
}
@article{chen2018fast,
  title={Fast greedy map inference for determinantal point process to improve recommendation diversity},
  author={Chen, Laming and Zhang, Guoxin and Zhou, Eric},
  journal={Advances in Neural Information Processing Systems},
  volume={31},
  year={2018}
}
@inproceedings{gillenwater2019tree,
  title={A tree-based method for fast repeated sampling of determinantal point processes},
  author={Gillenwater, Jennifer and Kulesza, Alex and Mariet, Zelda and Vassilvtiskii, Sergei},
  booktitle={International Conference on Machine Learning},
  pages={2260--2268},
  year={2019},
  organization={PMLR}
}
@inproceedings{liu2020diversified,
  title={Diversified interactive recommendation with implicit feedback},
  author={Liu, Yong and Xiao, Yingtai and Wu, Qiong and Miao, Chunyan and Zhang, Juyong and Zhao, Binqiang and Tang, Haihong},
  booktitle={Proceedings of the AAAI Conference on Artificial Intelligence},
  volume={34},
  number={04},
  pages={4932--4939},
  year={2020}
}
@inproceedings{zheng2021dgcn,
  title={Dgcn: Diversified recommendation with graph convolutional networks},
  author={Zheng, Yu and Gao, Chen and Chen, Liang and Jin, Depeng and Li, Yong},
  booktitle={Proceedings of the Web Conference 2021},
  pages={401--412},
  year={2021}
}
@inproceedings{ma2009learning,
  title={Learning to recommend with social trust ensemble},
  author={Ma, Hao and King, Irwin and Lyu, Michael R},
  booktitle={Proceedings of the 32nd international ACM SIGIR conference on Research and development in information retrieval},
  pages={203--210},
  year={2009}
}
@inproceedings{ma2008sorec,
  title={Sorec: social recommendation using probabilistic matrix factorization},
  author={Ma, Hao and Yang, Haixuan and Lyu, Michael R and King, Irwin},
  booktitle={Proceedings of the 17th ACM conference on Information and knowledge management},
  pages={931--940},
  year={2008}
}

@article{wu2020diffnet++,
  title={Diffnet++: A neural influence and interest diffusion network for social recommendation},
  author={Wu, Le and Li, Junwei and Sun, Peijie and Hong, Richang and Ge, Yong and Wang, Meng},
  journal={IEEE Transactions on Knowledge and Data Engineering},
  volume={34},
  number={10},
  pages={4753--4766},
  year={2020},
  publisher={IEEE}
}
@article{liu2020modelling,
  title={Modelling high-order social relations for item recommendation},
  author={Liu, Yang and Chen, Liang and He, Xiangnan and Peng, Jiaying and Zheng, Zibin and Tang, Jie},
  journal={IEEE Transactions on Knowledge and Data Engineering},
  volume={34},
  number={9},
  pages={4385--4397},
  year={2020},
  publisher={IEEE}
}
@inproceedings{yu2021socially,
  title={Socially-aware self-supervised tri-training for recommendation},
  author={Yu, Junliang and Yin, Hongzhi and Gao, Min and Xia, Xin and Zhang, Xiangliang and Viet Hung, Nguyen Quoc},
  booktitle={Proceedings of the 27th ACM SIGKDD Conference on Knowledge Discovery \& Data Mining},
  pages={2084--2092},
  year={2021}
}
@inproceedings{koren2008factorization,
  title={Factorization meets the neighborhood: a multifaceted collaborative filtering model},
  author={Koren, Yehuda},
  booktitle={Proceedings of the 14th ACM SIGKDD international conference on Knowledge discovery and data mining},
  pages={426--434},
  year={2008}
}

@inproceedings{nguyen2014exploring,
  title={Exploring the filter bubble: the effect of using recommender systems on content diversity},
  author={Nguyen, Tien T and Hui, Pik-Mai and Harper, F Maxwell and Terveen, Loren and Konstan, Joseph A},
  booktitle={Proceedings of the 23rd international conference on World wide web},
  pages={677--686},
  year={2014}
}
@article{cinelli2021echo,
  title={The echo chamber effect on social media},
  author={Cinelli, Matteo and De Francisci Morales, Gianmarco and Galeazzi, Alessandro and Quattrociocchi, Walter and Starnini, Michele},
  journal={Proceedings of the National Academy of Sciences},
  volume={118},
  number={9},
  pages={e2023301118},
  year={2021},
  publisher={National Acad Sciences}
}
@inproceedings{kalimeris2021preference,
  title={Preference amplification in recommender systems},
  author={Kalimeris, Dimitris and Bhagat, Smriti and Kalyanaraman, Shankar and Weinsberg, Udi},
  booktitle={Proceedings of the 27th ACM SIGKDD Conference on Knowledge Discovery \& Data Mining},
  pages={805--815},
  year={2021}
}
@article{gentzkow2011ideological,
  title={Ideological segregation online and offline},
  author={Gentzkow, Matthew and Shapiro, Jesse M},
  journal={The Quarterly Journal of Economics},
  volume={126},
  number={4},
  pages={1799--1839},
  year={2011},
  publisher={MIT Press}
}
@article{blondel2008fast,
  title={Fast unfolding of communities in large networks},
  author={Blondel, Vincent D and Guillaume, Jean-Loup and Lambiotte, Renaud and Lefebvre, Etienne},
  journal={Journal of statistical mechanics: theory and experiment},
  volume={2008},
  number={10},
  pages={P10008},
  year={2008},
  publisher={IOP Publishing}
}
@inproceedings{sacharidis2020fairness,
  title={Fairness and diversity in social-based recommender systems},
  author={Sacharidis, Dimitris and Mukamakuza, Carine Pierrette and Werthner, Hannes},
  booktitle={Adjunct Publication of the 28th ACM Conference on User Modeling, Adaptation and Personalization},
  pages={83--88},
  year={2020}
}
@article{hinton2015distilling,
  title={Distilling the knowledge in a neural network},
  author={Hinton, Geoffrey and Vinyals, Oriol and Dean, Jeff},
  journal={arXiv preprint arXiv:1503.02531},
  year={2015}
}
@inproceedings{ding2022interpolative,
  title={Interpolative Distillation for Unifying Biased and Debiased Recommendation},
  author={Ding, Sihao and Feng, Fuli and He, Xiangnan and Jin, Jinqiu and Wang, Wenjie and Liao, Yong and Zhang, Yongdong},
  booktitle={Proceedings of the 45th International ACM SIGIR Conference on Research and Development in Information Retrieval},
  pages={40--49},
  year={2022}
}
@article{rendle2012bpr,
  title={BPR: Bayesian personalized ranking from implicit feedback},
  author={Rendle, Steffen and Freudenthaler, Christoph and Gantner, Zeno and Schmidt-Thieme, Lars},
  journal={arXiv preprint arXiv:1205.2618},
  year={2012}
}
@inproceedings{wu2022disentangled,
  title={Disentangled contrastive learning for social recommendation},
  author={Wu, Jiahao and Fan, Wenqi and Chen, Jingfan and Liu, Shengcai and Li, Qing and Tang, Ke},
  booktitle={Proceedings of the 31st ACM International Conference on Information \& Knowledge Management},
  pages={4570--4574},
  year={2022}
}
@inproceedings{puthiya2016coverage,
  title={A coverage-based approach to recommendation diversity on similarity graph},
  author={Puthiya Parambath, Shameem A and Usunier, Nicolas and Grandvalet, Yves},
  booktitle={Proceedings of the 10th ACM Conference on Recommender Systems},
  pages={15--22},
  year={2016}
}
@inproceedings{tao2022revisiting,
  title={Revisiting Graph based Social Recommendation: A Distillation Enhanced Social Graph Network},
  author={Tao, Ye and Li, Ying and Zhang, Su and Hou, Zhirong and Wu, Zhonghai},
  booktitle={Proceedings of the ACM Web Conference 2022},
  pages={2830--2838},
  year={2022}
}
@article{vaswani2017attention,
  title={Attention is all you need},
  author={Vaswani, Ashish and Shazeer, Noam and Parmar, Niki and Uszkoreit, Jakob and Jones, Llion and Gomez, Aidan N and Kaiser, {\L}ukasz and Polosukhin, Illia},
  journal={Advances in neural information processing systems},
  volume={30},
  year={2017}
}
@article{romero2014fitnets,
  title={Fitnets: Hints for thin deep nets},
  author={Romero, Adriana and Ballas, Nicolas and Kahou, Samira Ebrahimi and Chassang, Antoine and Gatta, Carlo and Bengio, Yoshua},
  journal={arXiv preprint arXiv:1412.6550},
  year={2014}
}
@inproceedings{you2017learning,
  title={Learning from multiple teacher networks},
  author={You, Shan and Xu, Chang and Xu, Chao and Tao, Dacheng},
  booktitle={Proceedings of the 23rd ACM SIGKDD International Conference on Knowledge Discovery and Data Mining},
  pages={1285--1294},
  year={2017}
}
@inproceedings{kang2020rrd,
  title={DE-RRD: A knowledge distillation framework for recommender system},
  author={Kang, SeongKu and Hwang, Junyoung and Kweon, Wonbin and Yu, Hwanjo},
  booktitle={Proceedings of the 29th ACM International Conference on Information \& Knowledge Management},
  pages={605--614},
  year={2020}
}
@inproceedings{yang2023dgrec,
  title={DGRec: Graph Neural Network for Recommendation with Diversified Embedding Generation},
  author={Yang, Liangwei and Wang, Shengjie and Tao, Yunzhe and Sun, Jiankai and Liu, Xiaolong and Yu, Philip S and Wang, Taiqing},
  booktitle={Proceedings of the Sixteenth ACM International Conference on Web Search and Data Mining},
  pages={661--669},
  year={2023}
}
@inproceedings{wang2022user,
  title={User-controllable Recommendation Against Filter Bubbles},
  author={Wang, Wenjie and Feng, Fuli and Nie, Liqiang and Chua, Tat-Seng},
  booktitle={Proceedings of the 45th International ACM SIGIR Conference on Research and Development in Information Retrieval},
  pages={1251--1261},
  year={2022}
}
@article{chen2017learning,
  title={Learning efficient object detection models with knowledge distillation},
  author={Chen, Guobin and Choi, Wongun and Yu, Xiang and Han, Tony and Chandraker, Manmohan},
  journal={Advances in neural information processing systems},
  volume={30},
  year={2017}
}

@inproceedings{tang2018ranking,
  title={Ranking distillation: Learning compact ranking models with high performance for recommender system},
  author={Tang, Jiaxi and Wang, Ke},
  booktitle={Proceedings of the 24th ACM SIGKDD international conference on knowledge discovery \& data mining},
  pages={2289--2298},
  year={2018}
}
@inproceedings{lee2019collaborative,
  title={Collaborative distillation for top-N recommendation},
  author={Lee, Jae-woong and Choi, Minjin and Lee, Jongwuk and Shim, Hyunjung},
  booktitle={2019 IEEE International Conference on Data Mining (ICDM)},
  pages={369--378},
  year={2019},
  organization={IEEE}
}
@inproceedings{lee2021dual,
  title={Dual correction strategy for ranking distillation in top-n recommender system},
  author={Lee, Youngjune and Kim, Kee-Eung},
  booktitle={Proceedings of the 30th ACM International Conference on Information \& Knowledge Management},
  pages={3186--3190},
  year={2021}
}
@inproceedings{kang2021topology,
  title={Topology distillation for recommender system},
  author={Kang, SeongKu and Hwang, Junyoung and Kweon, Wonbin and Yu, Hwanjo},
  booktitle={Proceedings of the 27th ACM SIGKDD Conference on Knowledge Discovery \& Data Mining},
  pages={829--839},
  year={2021}
}
@inproceedings{liu2020general,
  title={A general knowledge distillation framework for counterfactual recommendation via uniform data},
  author={Liu, Dugang and Cheng, Pengxiang and Dong, Zhenhua and He, Xiuqiang and Pan, Weike and Ming, Zhong},
  booktitle={Proceedings of the 43rd International ACM SIGIR Conference on Research and Development in Information Retrieval},
  pages={831--840},
  year={2020}
}

@inproceedings{chen2023unbiased,
  title={Unbiased Knowledge Distillation for Recommendation},
  author={Chen, Gang and Chen, Jiawei and Feng, Fuli and Zhou, Sheng and He, Xiangnan},
  booktitle={Proceedings of the Sixteenth ACM International Conference on Web Search and Data Mining},
  pages={976--984},
  year={2023}
}
@article{kao2021specific,
  title={Specific expert learning: Enriching ensemble diversity via knowledge distillation},
  author={Kao, Wei-Cheng and Xie, Hong-Xia and Lin, Chih-Yang and Cheng, Wen-Huang},
  journal={IEEE Transactions on Cybernetics},
  year={2021},
  publisher={IEEE}
}
@inproceedings{wang2019neural,
  title={Neural graph collaborative filtering},
  author={Wang, Xiang and He, Xiangnan and Wang, Meng and Feng, Fuli and Chua, Tat-Seng},
  booktitle={Proceedings of the 42nd international ACM SIGIR conference on Research and development in Information Retrieval},
  pages={165--174},
  year={2019}
}
@inproceedings{ashkan2015optimal,
  title={Optimal greedy diversity for recommendation.},
  author={Ashkan, Azin and Kveton, Branislav and Berkovsky, Shlomo and Wen, Zheng},
  booktitle={IJCAI},
  volume={15},
  pages={1742--1748},
  year={2015}
}
@inproceedings{cheng2017learning,
  title={Learning to recommend accurate and diverse items},
  author={Cheng, Peizhe and Wang, Shuaiqiang and Ma, Jun and Sun, Jiankai and Xiong, Hui},
  booktitle={Proceedings of the 26th international conference on World Wide Web},
  pages={183--192},
  year={2017}
}
@inproceedings{sha2016framework,
  title={A framework for recommending relevant and diverse items.},
  author={Sha, Chaofeng and Wu, Xiaowei and Niu, Junyu},
  booktitle={IJCAI},
  volume={16},
  pages={3868--3874},
  year={2016}
}


@article{chen2021multi,
  title={Multi-interest diversification for end-to-end sequential recommendation},
  author={Chen, Wanyu and Ren, Pengjie and Cai, Fei and Sun, Fei and De Rijke, Maarten},
  journal={ACM Transactions on Information Systems (TOIS)},
  volume={40},
  number={1},
  pages={1--30},
  year={2021},
  publisher={ACM New York, NY}
}

@article{li2021spex,
  title={SPEX: A Generic Framework for Enhancing Neural Social Recommendation},
  author={Li, Hui and Li, Lianyun and Xv, Guipeng and Lin, Chen and Li, Ke and Jiang, Bingchuan},
  journal={ACM Transactions on Information Systems (TOIS)},
  volume={40},
  number={2},
  pages={1--33},
  year={2021},
  publisher={ACM New York, NY}
}
@article{zhang2021multi,
  title={Multi-graph heterogeneous interaction fusion for social recommendation},
  author={Zhang, Chengyuan and Wang, Yang and Zhu, Lei and Song, Jiayu and Yin, Hongzhi},
  journal={ACM Transactions on Information Systems (TOIS)},
  volume={40},
  number={2},
  pages={1--26},
  year={2021},
  publisher={ACM New York, NY}
}
@article{chen2018adversarial,
  title={Adversarial distillation for efficient recommendation with external knowledge},
  author={Chen, Xu and Zhang, Yongfeng and Xu, Hongteng and Qin, Zheng and Zha, Hongyuan},
  journal={ACM Transactions on Information Systems (TOIS)},
  volume={37},
  number={1},
  pages={1--28},
  year={2018},
  publisher={ACM New York, NY, USA}
}
@article{feng2023learning,
  title={Learning Multi-turn Response Selection in Grounded Dialogues with Reinforced Knowledge and Context Distillation},
  author={Feng, Jiazhan and Tao, Chongyang and Zhao, Xueliang and Zhao, Dongyan},
  journal={ACM Transactions on Information Systems},
  year={2023},
  publisher={ACM New York, NY}
}
@article{li2022midtd,
  title={Midtd: A simple and effective distillation framework for distantly supervised relation extraction},
  author={Li, Rui and Yang, Cheng and Li, Tingwei and Su, Sen},
  journal={ACM Transactions on Information Systems (TOIS)},
  volume={40},
  number={4},
  pages={1--32},
  year={2022},
  publisher={ACM New York, NY}
}
@article{wang2019exploring,
  title={Exploring high-order user preference on the knowledge graph for recommender systems},
  author={Wang, Hongwei and Zhang, Fuzheng and Wang, Jialin and Zhao, Miao and Li, Wenjie and Xie, Xing and Guo, Minyi},
  journal={ACM Transactions on Information Systems (TOIS)},
  volume={37},
  number={3},
  pages={1--26},
  year={2019},
  publisher={ACM New York, NY, USA}
}
@inproceedings{tang2012mtrust,
  title={mTrust: Discerning multi-faceted trust in a connected world},
  author={Tang, Jiliang and Gao, Huiji and Liu, Huan},
  booktitle={Proceedings of the fifth ACM international conference on Web search and data mining},
  pages={93--102},
  year={2012}
}
@article{wu2019hierarchical,
  title={A hierarchical attention model for social contextual image recommendation},
  author={Wu, Le and Chen, Lei and Hong, Richang and Fu, Yanjie and Xie, Xing and Wang, Meng},
  journal={IEEE Transactions on Knowledge and Data Engineering},
  volume={32},
  number={10},
  pages={1854--1867},
  year={2019},
  publisher={IEEE}
}

@article{linden2003amazon,
  title={Amazon. com recommendations: Item-to-item collaborative filtering},
  author={Linden, Greg and Smith, Brent and York, Jeremy},
  journal={IEEE Internet computing},
  volume={7},
  number={1},
  pages={76--80},
  year={2003},
  publisher={IEEE}
}

@inproceedings{chen2017attentive,
  title={Attentive collaborative filtering: Multimedia recommendation with item-and component-level attention},
  author={Chen, Jingyuan and Zhang, Hanwang and He, Xiangnan and Nie, Liqiang and Liu, Wei and Chua, Tat-Seng},
  booktitle={Proceedings of the 40th International ACM SIGIR conference on Research and Development in Information Retrieval},
  pages={335--344},
  year={2017}
}


@inproceedings{park2019relational,
  title={Relational knowledge distillation},
  author={Park, Wonpyo and Kim, Dongju and Lu, Yan and Cho, Minsu},
  booktitle={Proceedings of the IEEE/CVF conference on computer vision and pattern recognition},
  pages={3967--3976},
  year={2019}
}

@book{sunstein2009going,
  title={Going to extremes: How like minds unite and divide},
  author={Sunstein, Cass R},
  year={2009},
  publisher={Oxford University Press}
}

@article{van2008visualizing,
  title={Visualizing data using t-SNE.},
  author={Van der Maaten, Laurens and Hinton, Geoffrey},
  journal={Journal of machine learning research},
  volume={9},
  number={11},
  year={2008}
}
@inproceedings{kim2023diversely,
  title={Diversely regularized matrix factorization for accurate and aggregately diversified recommendation},
  author={Kim, Jongjin and Jeon, Hyunsik and Lee, Jaeri and Kang, U},
  booktitle={Pacific-Asia Conference on Knowledge Discovery and Data Mining},
  pages={361--373},
  year={2023},
  organization={Springer}
}

@article{schafer2001commerce,
  title={E-commerce recommendation applications},
  author={Schafer, J Ben and Konstan, Joseph A and Riedl, John},
  journal={Data mining and knowledge discovery},
  volume={5},
  pages={115--153},
  year={2001},
  publisher={Springer}
}
@inproceedings{liu2010personalized,
  title={Personalized news recommendation based on click behavior},
  author={Liu, Jiahui and Dolan, Peter and Pedersen, Elin R{\o}nby},
  booktitle={Proceedings of the 15th international conference on Intelligent user interfaces},
  pages={31--40},
  year={2010}
}
@article{yang2016effects,
  title={Effects of popularity-based news recommendations (“most-viewed”) on users' exposure to online news},
  author={Yang, JungAe},
  journal={Media Psychology},
  volume={19},
  number={2},
  pages={243--271},
  year={2016},
  publisher={Taylor \& Francis}
}
@article{park2012personalized,
  title={A personalized multimedia contents recommendation using a psychological model},
  author={Park, Won-Ik and Kang, Sanggil and Kim, Young-Kuk},
  journal={Computer Science and Information Systems},
  volume={9},
  number={1},
  pages={1--21},
  year={2012}
}
@inproceedings{steck2011item,
  title={Item popularity and recommendation accuracy},
  author={Steck, Harald},
  booktitle={Proceedings of the fifth ACM conference on Recommender systems},
  pages={125--132},
  year={2011}
}

@inproceedings{amatriain2009rate,
  title={Rate it again: increasing recommendation accuracy by user re-rating},
  author={Amatriain, Xavier and Pujol, Josep M and Tintarev, Nava and Oliver, Nuria},
  booktitle={Proceedings of the third ACM conference on Recommender systems},
  pages={173--180},
  year={2009}
}
@inproceedings{de2021transformers4rec,
  title={Transformers4rec: Bridging the gap between nlp and sequential/session-based recommendation},
  author={de Souza Pereira Moreira, Gabriel and Rabhi, Sara and Lee, Jeong Min and Ak, Ronay and Oldridge, Even},
  booktitle={Proceedings of the 15th ACM conference on recommender systems},
  pages={143--153},
  year={2021}
}
@inproceedings{kang2018self,
  title={Self-attentive sequential recommendation},
  author={Kang, Wang-Cheng and McAuley, Julian},
  booktitle={2018 IEEE international conference on data mining (ICDM)},
  pages={197--206},
  year={2018},
  organization={IEEE}
}

@article{avazpour2014dimensions,
  title={Dimensions and metrics for evaluating recommendation systems},
  author={Avazpour, Iman and Pitakrat, Teerat and Grunske, Lars and Grundy, John},
  journal={Recommendation systems in software engineering},
  pages={245--273},
  year={2014},
  publisher={Springer}
}
@inproceedings{ong2019deep,
  title={Deep learning based-recommendation system: an overview on models, datasets, evaluation metrics, and future trends},
  author={Ong, Kyle and Haw, Su-Cheng and Ng, Kok-Why},
  booktitle={Proceedings of the 2019 2nd international conference on computational intelligence and intelligent systems},
  pages={6--11},
  year={2019}
}
@inproceedings{parapar2021towards,
  title={Towards unified metrics for accuracy and diversity for recommender systems},
  author={Parapar, Javier and Radlinski, Filip},
  booktitle={Proceedings of the 15th ACM Conference on Recommender Systems},
  pages={75--84},
  year={2021}
}
@article{wang2023denoised,
  title={Denoised self-augmented learning for social recommendation},
  author={Wang, Tianle and Xia, Lianghao and Huang, Chao},
  journal={arXiv preprint arXiv:2305.12685},
  year={2023}
}
@inproceedings{chen2020improving,
  title={Improving end-to-end sequential recommendations with intent-aware diversification},
  author={Chen, Wanyu and Ren, Pengjie and Cai, Fei and Sun, Fei and de Rijke, Maarten},
  booktitle={Proceedings of the 29th ACM international conference on information \& knowledge management},
  pages={175--184},
  year={2020}
}
@inproceedings{hu2017diversifying,
  title={Diversifying Personalized Recommendation with User-session Context.},
  author={Hu, Liang and Cao, Longbing and Wang, Shoujin and Xu, Guandong and Cao, Jian and Gu, Zhiping},
  booktitle={IJCAI},
  pages={1858--1864},
  year={2017}
}
@inproceedings{liang2021enhancing,
  title={Enhancing domain-level and user-level adaptivity in diversified recommendation},
  author={Liang, Yile and Qian, Tieyun and Li, Qing and Yin, Hongzhi},
  booktitle={Proceedings of the 44th International ACM SIGIR Conference on Research and Development in Information Retrieval},
  pages={747--756},
  year={2021}
}
@article{kingma2014adam,
  title={Adam: A method for stochastic optimization},
  author={Kingma, Diederik P and Ba, Jimmy},
  journal={arXiv preprint arXiv:1412.6980},
  year={2014}
}

@article{zhou2010solving,
  title={Solving the apparent diversity-accuracy dilemma of recommender systems},
  author={Zhou, Tao and Kuscsik, Zolt{\'a}n and Liu, Jian-Guo and Medo, Mat{\'u}{\v{s}} and Wakeling, Joseph Rushton and Zhang, Yi-Cheng},
  journal={Proceedings of the National Academy of Sciences},
  volume={107},
  number={10},
  pages={4511--4515},
  year={2010},
  publisher={National Acad Sciences}
}