@inproceedings{Benson1,
author = {Benson, Austin and Kumar, Ravi and Tomkins, Andrew},
year = {2018},
title = {A Discrete Choice Model for Subset Selection},
booktitle = {Proceedings of the Eleventh ACM International Conference on Web Search and Data Mining},
publisher = {ACM Press},
pages = {37-45},
doi = {10.1145/3159652.3159702}
}

@article{Boztug1,
title = {A combined approach for segment-specific market basket analysis},
journal = {European Journal of Operational Research},
volume = {187},
number = {1},
pages = {294-312},
year = {2008},
issn = {0377-2217},
doi = {https://doi.org/10.1016/j.ejor.2007.03.001},
url = {https://www.sciencedirect.com/science/article/pii/S0377221707002962},
author = {Yasemin Boztu\u{g} and Thomas Reutterer},
keywords = {Marketing, Choice models, Market basket analysis, Cross-category effects, Segmentation},
}

@Misc{Chen1,
    title = {Assortment Optimization Under the Multivariate \text{MNL} Model},
    year = {2022},
    author ={Chen, Xin and Li, Jiachun and Li, Menglong and Zhao, Tiancheng and Zhou, Yuan},
    note = {Available at SSRN: \href{https://ssrn.com/abstract=4233712}{https://ssrn.com/abstract=4233712}}
}

@article{Cox1,
title = {The Analysis of Multivariate Binary Data},
author = {Cox, D. R.},
year = {1972},
journal = {J. R. Stat. Soc. Ser. C},
volume = {21},
number = {2},
pages = {113-120},
}

@article{Dube1,
author = {Dub\'{e}, Jean-Pierre},
title = {Multiple Discreteness and Product Differentiation: Demand for Carbonated Soft Drinks},
journal = {Marketing Science},
volume = {23},
number = {1},
pages = {66-81},
year = {2004},
doi = {10.1287/mksc.1030.0041},
URL = { 
        https://doi.org/10.1287/mksc.1030.0041
},
eprint = { 
        https://doi.org/10.1287/mksc.1030.0041
}
,
}

@article{Hendel1,
    author = {Hendel, Igal},
    title = {Estimating Multiple-Discrete Choice Models: An Application to Computerization Returns},
    journal = {The Review of Economic Studies},
    volume = {66},
    number = {2},
    pages = {423-446},
    year = {1999},
    month = {04},
    issn = {0034-6527},
    doi = {10.1111/1467-937X.00093},
    url = {https://doi.org/10.1111/1467-937X.00093},
}

@article{Hruschka1,
author = {Hruschka, Harald and Lukanowicz, Martin and Buchta, Christian},
year = {1999},
pages = {99-105},
title = {Cross-Category Sales Promotion Effects},
volume = {6},
journal = {Journal of Retailing and Consumer Services},
}

@article{Jasin1,
author = {Jasin, Stefanus and Lyu, Chengyi and Najafi, Sajjad and Zhang, Huanan},
title = {Assortment Optimization with Multi-Item Basket Purchase Under Multivariate \text{MNL} Model},
journal = {Manufacturing \& Service Operations Management},
volume = {26},
number = {1},
pages = {215-232},
year = {2024},
doi = {10.1287/msom.2021.0526},
URL = { 
https://doi.org/10.1287/msom.2021.0526
},
}

@article{Kamakura1,
title = {Menu-choice modeling with interactions and heterogeneous correlated preferences},
journal = {Journal of Choice Modelling},
volume = {37},
pages = {100214},
year = {2020},
issn = {1755-5345},
doi = {https://doi.org/10.1016/j.jocm.2020.100214},
url = {https://www.sciencedirect.com/science/article/pii/S1755534520300130},
author = {Wagner A. Kamakura and Kyuseop Kwak},
keywords = {Menu choice, Auto-logistic model, Optimal pricing},
}

@article{Kim1,
author = {Kim, Jaehwan and Allenby, Greg M. and Rossi, Peter E.},
title = {Modeling Consumer Demand for Variety},
journal = {Marketing Science},
volume = {21},
number = {3},
pages = {229-250},
year = {2002},
doi = {10.1287/mksc.21.3.229.143},
URL = { 
        https://doi.org/10.1287/mksc.21.3.229.143
},
eprint = { 
        https://doi.org/10.1287/mksc.21.3.229.143
    }
,
}

@inbook{Luce1959,
author = {R. D. Luce},
year = {1959},
title = {Individual Choice Behavior: A Theoretical Analysis},
Publisher = {Wiley New York},
}

@article{Manchanda1,
author = {Manchanda, Puneet and Ansari, Asim and Gupta, Sunil},
title = {The ``Shopping Basket'': A Model for Multicategory Purchase Incidence Decisions},
journal = {Marketing Science},
volume = {18},
number = {2},
pages = {95-114},
year = {1999},
}

@article{Moon1,
author = {Moon, Sangkil and Russell, Gary J.},
title = {Predicting Product Purchase from Inferred Customer Similarity: An Autologistic Model Approach},
journal = {Management Science},
volume = {54},
number = {1},
pages = {71-82},
year = {2008},
doi = {10.1287/mnsc.1070.0760},
URL = { https://doi.org/10.1287/mnsc.1070.0760
},
eprint = { 
https://doi.org/10.1287/mnsc.1070.0760
}
}

@article{Richards1,
title = {Retail Market Power in a Shopping Basket Model of Supermarket Competition},
journal = {Journal of Retailing},
volume = {94},
number = {3},
pages = {328-342},
year = {2018},
issn = {0022-4359},
doi = {https://doi.org/10.1016/j.jretai.2018.04.004},
url = {https://www.sciencedirect.com/science/article/pii/S0022435918300204},
author = {Timothy J. Richards and Stephen F. Hamilton and Koichi Yonezawa},
keywords = {Complementarity, Retailing, Pricing, Supermarkets, Oligopolies},
}

@article{Russell1,
title = {Analysis of cross category dependence in market basket selection},
journal = {Journal of Retailing},
volume = {76},
number = {3},
pages = {367-392},
year = {2000},
author = {Gary J Russell and Ann Petersen},
}
%issn = {0022-4359},
%doi = {https://doi.org/10.1016/S0022-4359(00)00030-0},
%url = {https://www.sciencedirect.com/science/article/pii/S0022435900000300}

@article{Song1,
author = {Song, Inseong and Chintagunta, Pradeep K.},
title = {Measuring Cross-Category Price Effects with Aggregate Store Data},
journal = {Management Science},
volume = {52},
number = {10},
pages = {1594-1609},
year = {2006},
}

@article{Tulabandhula1,
author = {Tulabandhula, Theja and Sinha, Deeksha and Karra, Saketh Reddy and Patidar, Prasoon},
title = {Multi-purchase Behavior: Modeling, Estimation, and Optimization},
journal = {Manufacturing \& Service Operations Management},
volume = {25},
number = {6},
pages = {2298-2313},
year = {2023},
doi = {10.1287/msom.2020.0238},
URL = { 
https://doi.org/10.1287/msom.2020.0238
},
eprint = { https://doi.org/10.1287/msom.2020.0238
}
}

@article{bhat1,
title = {A multiple discreteâ€“continuous extreme value model: \text{Formulation} and application to discretionary time-use decisions},
journal = {Transportation Research Part B: Methodological},
volume = {39},
number = {8},
pages = {679-707},
year = {2005},
author = {Chandra R. Bhat},
}

@article{bhat2,
title = {The multiple discrete-continuous extreme value \text{(MDCEV)} model: Role of utility function parameters, identification considerations, and model extensions},
journal = {Transportation Research Part B: Methodological},
volume = {42},
number = {3},
pages = {274-303},
year = {2008},
author = {Chandra R. Bhat},
}

