@article{besag_1974,
 ISSN = {00359246},
 URL = {http://www.jstor.org/stable/2984812},
 author = {Julian Besag},
 journal = {Journal of the Royal Statistical Society. Series B (Methodological)},
 number = {2},
 pages = {192-236},
 publisher = {[Royal Statistical Society, Wiley]},
 title = {Spatial Interaction and the Statistical Analysis of Lattice Systems},
 volume = {36},
 year = {1974}
}

@article{besag_1975,
 ISSN = {00390526, 14679884},
 URL = {http://www.jstor.org/stable/2987782},
 author = {Julian Besag},
 journal = {Journal of the Royal Statistical Society. Series D (The Statistician)},
 number = {3},
 pages = {179--195},
 publisher = {[Royal Statistical Society, Wiley]},
 title = {Statistical Analysis of Non-Lattice Data},
 volume = {24},
 year = {1975}
}

@article{besag_dirty_pictures,
author = {Besag, Julian},
title = {On the Statistical Analysis of Dirty Pictures},
journal = {Journal of the Royal Statistical Society: Series B (Methodological)},
volume = {48},
number = {3},
pages = {259-279},
doi = {10.1111/j.2517-6161.1986.tb01412.x},
url = {https://rss.onlinelibrary.wiley.com/doi/abs/10.1111/j.2517-6161.1986.tb01412.x},
eprint = {https://rss.onlinelibrary.wiley.com/doi/pdf/10.1111/j.2517-6161.1986.tb01412.x},
year = {1986}
}

@article{chalmond,
title = "Image restoration using an estimated Markov model",
journal = "Signal Processing",
volume = "15",
number = "2",
pages = "115-129",
year = "1988",
issn = "0165-1684",
doi = "https://doi.org/10.1016/0165-1684(88)90065-5",
url = "http://www.sciencedirect.com/science/article/pii/0165168488900655",
author = "Bernard Chalmond",
}

@article{geographical_analysis,
author = {Cornford, Dan and Csat\'o, Lehel and Opper, Manfred},
title = {Sequential, Bayesian Geostatistics: A Principled Method for Large Data Sets},
journal = {Geographical Analysis},
volume = {37},
number = {2},
pages = {183-199},
doi = {10.1111/j.1538-4632.2005.00635.x},
url = {https://onlinelibrary.wiley.com/doi/abs/10.1111/j.1538-4632.2005.00635.x},
eprint = {https://onlinelibrary.wiley.com/doi/pdf/10.1111/j.1538-4632.2005.00635.x},
year = {2005}
}

@article{descombes,
author={X. {Descombes} and R. D. {Morris} and J. {Zerubia} and M. {Berthod}},
journal={IEEE Transactions on Image Processing},
title={Estimation of Markov random field prior parameters using Markov chain Monte Carlo maximum likelihood},
year={1999},
volume={8},
number={7},
pages={954-963},
doi={10.1109/83.772239},
ISSN={1057-7149},
}

@article{modeling_and_segmentation,
author={H. {Derin} and H. {Elliott}},
journal={IEEE Transactions on Pattern Analysis and Machine Intelligence},
title={Modeling and Segmentation of Noisy and Textured Images Using Gibbs Random Fields},
year={1987},
volume={PAMI-9},
number={1},
pages={39-55},
doi={10.1109/TPAMI.1987.4767871},
ISSN={0162-8828},
}

@article{dobruschin,
author = {Dobruschin, P.},
title = {The Description of a Random Field by Means of Conditional Probabilities and Conditions of Its Regularity},
journal = {Theory of Probability and Its Applications},
volume = {13},
number = {2},
pages = {197-224},
year = {1968},
doi = {10.1137/1113026},

URL = { 
        https://doi.org/10.1137/1113026
    
},
eprint = { 
        https://doi.org/10.1137/1113026
    
}
}

@article{genetics,
	author = {Fran{\c c}ois, Olivier and Ancelet, Sophie and Guillot, Gilles},
	title = {Bayesian Clustering Using Hidden Markov Random Fields in Spatial Population Genetics},
	volume = {174},
	number = {2},
	pages = {805--816},
	year = {2006},
	doi = {10.1534/genetics.106.059923},
	publisher = {Genetics},
	issn = {0016-6731},
	URL = {https://www.genetics.org/content/174/2/805},
	eprint = {https://www.genetics.org/content/174/2/805.full.pdf},
	journal = {Genetics}
}


@article{geman_geman,
author={S. {Geman} and D. {Geman}},
journal={IEEE Transactions on Pattern Analysis and Machine Intelligence},
title={Stochastic Relaxation, Gibbs Distributions, and the Bayesian Restoration of Images},
year={1984},
volume={PAMI-6},
number={6},
pages={721-741},
doi={10.1109/TPAMI.1984.4767596},
ISSN={0162-8828},
}

@article{goutsias_0,
author={J. K. {Goutsias}},
journal={IEEE Transactions on Information Theory},
title={Mutually compatible Gibbs random fields},
year={1989},
volume={35},
number={6},
pages={1233-1249},
doi={10.1109/18.45280},
ISSN={0018-9448},
}

@INPROCEEDINGS{goutsias_1,
author={J. {Goutsias}},
booktitle={International Conference on Acoustics, Speech, and Signal Processing},
title={Unilateral approximation of Gibbs random field images},
year={1990},
volume={},
number={},
pages={2049-2052 vol.4},
doi={10.1109/ICASSP.1990.115928},
ISSN={1520-6149},
month={April},}

@article{gray,
title = "On the estimation of noisy binary Markov random fields",
journal = "Pattern Recognition",
volume = "25",
number = "7",
pages = "749-768",
year = "1992",
issn = "0031-3203",
doi = "https://doi.org/10.1016/0031-3203(92)90138-9",
url = "http://www.sciencedirect.com/science/article/pii/0031320392901389",
author = "A.J. Gray and J.W. Kay and D.M. Titterington",
keywords = "Markov random fields, Estimation, Restoration, ICM, Cycling, Bias",
}

@article{disease_mapping,
author = {Peter J. Green and Sylvia Richardson},
title = {Hidden Markov Models and Disease Mapping},
journal = {Journal of the American Statistical Association},
volume = {97},
number = {460},
pages = {1055-1070},
year  = {2002},
publisher = {Taylor & Francis},
doi = {10.1198/016214502388618870},

URL = { 
        https://doi.org/10.1198/016214502388618870
    
},
eprint = { 
        https://doi.org/10.1198/016214502388618870
    
}

}

@article{hammersley_clifford,
  author = {Hammersley, J. M. and Clifford, P. E.},
  biburl = {https://www.bibsonomy.org/bibtex/2199eae8bccbe1a7a1bffb1992ba0b394/brefeld},
  title = {Markov random fields on finite graphs and lattices},
year = {1971},
note = {University of Oxford. Working paper},
}


@article{ising,
   author = {{Ising}, E.},
    title = {Beitrag zur Theorie des Ferromagnetismus},
  journal = {Zeitschrift fur Physik},
     year = 1925,
   volume = 31,
    pages = {253-258},
      doi = {10.1007/BF02980577},
}

@article{lanford_ruelle,
author="Lanford, O. E.
and Ruelle, D.",
title="Observables at infinity and states with short range correlations in statistical mechanics",
journal="Communications in Mathematical Physics",
year="1969",
volume="13",
number="3",
pages="194--215",
issn="1432-0916",
doi="10.1007/BF01645487",
url="https://doi.org/10.1007/BF01645487"
}

@InProceedings{image_modeling,
author="Li, S. Z.",
editor="Eklundh, Jan-Olof",
title="Markov random field models in computer vision",
booktitle="Computer Vision --- ECCV '94",
year="1994",
publisher="Springer Berlin Heidelberg",
address="Berlin, Heidelberg",
pages="361--370",
isbn="978-3-540-48400-4"
}

@article{image_segmentation,
author="Pieczynski, W",
title="Statistical image segmentation",
journal="Machine graphics and vision",
year="1992",
volume="1",
number="1/2",
pages="261-268",
}

@article{Wainwright1,
author={M. J. {Wainwright} and M. I. {Jordan}},
journal={IEEE Transactions on Signal Processing},
title={Log-determinant relaxation for approximate inference in discrete \text{Markov} random fields},
year={2006},
volume={54},
pages={2099-2109}, 
number={6},
doi={10.1109/TSP.2006.874409},
ISSN={1053-587X},
}


@article{spitzer,
author = {Frank Spitzer},
title = {Markov Random Fields and \text{Gibbs} Ensembles},
journal = {The American Mathematical Monthly},
volume = {78},
number = {2},
pages = {142-154},
year  = {1971},
publisher = {Taylor & Francis},
doi = {10.1080/00029890.1971.11992710},

URL = { 
        https://doi.org/10.1080/00029890.1971.11992710
    
},
eprint = { 
        https://doi.org/10.1080/00029890.1971.11992710
   
}
}


@misc{forbes_walm,
title = "\href{https://www.forbes.com/sites/bryanpearson/2015/11/09/walmart-inventory-cuts-5-ways-to-make-room-for-the-best-shoppers/\#37789268378c}{Walmart inventory cuts: 5 ways to make room for the best shoppers}",
year = "2015",
author = "Bryan Pearson",
note = "{Forbes}. Accessed on 05/05/2024"
}



@misc{Stoehr1,
  author       = {Julien Stoehr},
  title        = {A review on statistical inference methods for discrete Markov random fields},
  note = {hal-01462078v2},
  year = {2017}
}



@article{Banerjee1,
author = {O. Banerjee and L. El Ghaoui and  A. d'Aspremont},
year = {2008},
pages = {485-516},
title = {Model Selection Through Sparse Maximum Likelihood Estimation for Multivariate \text{Gaussian} or Binary Data},
volume = {9},
journal = {Journal of Machine Learning Research},
doi = {10.1145/1390681.1390696}
}


@inproceedings{Benson1,
author = {Benson, Austin and Kumar, Ravi and Tomkins, Andrew},
year = {2018},
title = {A Discrete Choice Model for Subset Selection},
booktitle = {Proceedings of the Eleventh ACM International Conference on Web Search and Data Mining},
publisher = {ACM Press},
pages = {37-45},
doi = {10.1145/3159652.3159702}
}

@InCollection{McFa73,
  Title                    = {Conditional Logit Analysis of Qualitative Choice Behaviour},
  Author                   = {D. McFadden},
  Booktitle                = {Frontiers in Econometrics},
  Publisher                = {Academic Press New York},
  Year                     = {1973},
  Address                  = {New York, NY, USA},
  Editor                   = {P. Zarembka},
  Pages                    = {105-142}
}


@inbook{Luce1959,
author = {R. D. Luce},
year = {1959},
title = {Individual Choice Behavior: A Theoretical Analysis},
Publisher = {Wiley New York},
}


@inbook{Murphy1,
author = {Kevin P Murphy},
year = {2012},
title = {Machine Learning: a Probabilistic Perspective},
Publisher = {MIT press},
}




@article{Lo2019,
title = {Assortment optimization under the multinomial logit model with product synergies},
journal = {Operations Research Letters},
volume = {47},
number = {6},
pages = {546-552},
year = {2019},
author = {Venus Lo and Huseyin Topaloglu},
}


@article{Dzyabura1,
author = {Dzyabura, Daria and Jagabathula, Srikanth},
title = {Offline Assortment Optimization in the Presence of an Online Channel},
journal = {Management Science},
volume = {64},
number = {6},
pages = {2767-2786},
year = {2018},
}

@article{Berbeglia1,
author = {Berbeglia, Gerardo and Joret, Gwena\"{e}l},
title = {Assortment Optimisation Under a General Discrete Choice Model: A Tight Analysis of Revenue-Ordered Assortments},
year = {2020},
publisher = {Springer-Verlag},
address = {Berlin, Heidelberg},
volume = {82},
number = {4},
journal = {Algorithmica},
pages = {681–720},
}

@misc{Barr1,
title = "\href{https://www.forbes.com/sites/forbesbusinesscouncil/2021/12/03/why-optimizing-your-omnichannel-experience-is-critical-after-covid-19/?sh=3ed3ab2431f7}{Why optimizing your omnichannel experience is critical after Covid-19}",
year = "2021",
author = "Jim Barr",
note = "{Forbes}. Accessed on 05/05/2024"
}

@article{Russell1,
title = {Analysis of cross category dependence in market basket selection},
journal = {Journal of Retailing},
volume = {76},
number = {3},
pages = {367-392},
year = {2000},
author = {Gary J Russell and Ann Petersen},
}
%issn = {0022-4359},
%doi = {https://doi.org/10.1016/S0022-4359(00)00030-0},
%url = {https://www.sciencedirect.com/science/article/pii/S0022435900000300},

@book{Train1,
author = {Train, Kenneth},
title = {Discrete Choice Methods \text{with} Simulation},
year = {2002},
publisher = {Cambridge University Press},
}

@inproceedings{Schraudolph1,
 author = {Schraudolph, Nicol and Kamenetsky, Dmitry},
 booktitle = {Advances in Neural Information Processing Systems},
 editor = {D. Koller and D. Schuurmans and Y. Bengio and L. Bottou},
 pages = {},
 publisher = {Curran Associates, Inc.},
 title = {Efficient Exact Inference in Planar \text{Ising} Models},
 url = {https://proceedings.neurips.cc/paper/2008/file/816b112c6105b3ebd537828a39af4818-Paper.pdf},
 volume = {21},
 year = {2008}
}

@inproceedings{Globerson1,
 author = {Globerson, Amir and Jaakkola, Tommi},
 booktitle = {Advances in Neural Information Processing Systems},
 editor = {B. Sch\"{o}lkopf and J. Platt and T. Hoffman},
 pages = {},
 title = {Approximate inference using planar graph decomposition},
 url = {https://proceedings.neurips.cc/paper/2006/file/975e6107778ce7a40b9878bfb96a16a7-Paper.pdf},
 volume = {19},
 year = {2006}
}



@inproceedings{Istrail1,
author = {Istrail, Sorin},
title = {Statistical Mechanics, Three-Dimensionality and \text{NP}-Completeness: I. \text{Universality} of Intractability for the Partition Function of the \text{Ising} Model across Non-Planar Lattices},
year = {2000},
isbn = {1581131844},
address = {New York, NY, USA},
url = {https://doi.org/10.1145/335305.335316},
doi = {10.1145/335305.335316},
booktitle = {Proceedings of the 32nd Annual ACM Symposium on Theory of Computing},
pages = {87–96},
}
%publisher = {Association for Computing Machinery},


@article{Toh1,
author = {   K. C.   Toh  and    M. J.   Todd  and    R. H.   T\"{u}t\"{u}nc\"{u} },
title = {\text{SDPT3} — A \text{Matlab} software package for semidefinite programming, Version 1.3},
journal = {Optimization Methods and Software},
volume = {11},
number = {1-4},
pages = {545-581},
year  = {1999},
publisher = {Taylor & Francis},
doi = {10.1080/10556789908805762},
URL = { 
        https://doi.org/10.1080/10556789908805762
},
eprint = { 
        https://doi.org/10.1080/10556789908805762
}
}


@article{Tutuncu1,
title = {Solving semidefinite-quadratic-linear programs using \text{SDPT3}},
journal = {Mathematical Programming Series B},
volume = {95},
pages = {189-217},
year = {2003},
author = {T\"{u}t\"{u}nc\"{u}, R. and Toh, K. and Todd, M.},
URL = {https://doi.org/10.1007/s10107-002-0347-5}
}

@article{Alimonti1,
title = {Some \text{APX}-completeness results for cubic graphs},
journal = {Theoretical Computer Science},
volume = {237},
number = {1},
pages = {123-134},
year = {2000},
issn = {0304-3975},
author = {Paola Alimonti and Viggo Kann},
}


@article{Cao1,
title = "Impact of an “online-to-store” channel on demand allocation, pricing and profitability",
journal = "European Journal of Operational Research",
volume = "248",
number = "1",
pages = "234-245",
year = "2016",
author = "James Cao and Kut C. So and Shuya Yin",
}

@article{Gao1,
title = "Omnichannel Retail Operations with Buy-Online-and-Pick-up-in-Store",
journal = "Management Science",
volume = "63",
number = "8",
pages = "2478-2492",
year = "2016",
author = "Fei Gao
and Xuanming Su",
}

@article{Harsha1,
author = {Harsha, Pavithra and Subramanian, Shivaram and Ettl, Markus},
title = {A Practical Price Optimization Approach for Omnichannel Retailing},
journal = {INFORMS Journal on Optimization},
volume = {1},
number = {3},
pages = {241-264},
year = {2019},
}

@article{Harsha2,
author = {Harsha, Pavithra and Subramanian, Shivaram and Uichanco, Joline},
title = {Dynamic Pricing of Omnichannel Inventories},
journal = {Manufacturing \& Service Operations Management},
volume = {21},
number = {1},
pages = {47-65},
year = {2019},
}


@article{Lo2,
author = {Lo, Venus and Topaloglu, Huseyin},
title = {Omnichannel Assortment Optimization Under the Multinomial Logit Model with a Features Tree},
journal = {Manufacturing \& Service Operations Management},
volume = {24},
number = {2},
pages = {1220-1240},
year = {2022},
}


@article{Hense1,
title = {Assortment optimization in omni-channel retailing},
author = {Jonas Hense and Alexander Hübner},
journal = {European Journal of Operational Research},
volume = {301},
number = {1},
pages = {124-140},
year = {2022},
}

@article{Bhatnagar1,
title = "Allocating a hybrid retailer's assortment across retail stores: Bricks-and-mortar vs online",
journal = "Journal of Business Research",
volume = "67",
number = "6",
pages = "1293-1302",
year = "2014",
author = "Amit Bhatnagar and Siddhartha S. Syam",
keywords = "Retail assortment, Integer programming, Hybrid retailing models, E-commerce"
}



@article{Tulabandhula1,
author = {Tulabandhula, Theja and Sinha, Deeksha and Karra, Saketh Reddy and Patidar, Prasoon},
title = {Multi-purchase Behavior: Modeling, Estimation, and Optimization},
journal = {Manufacturing \& Service Operations Management},
volume = {25},
number = {6},
pages = {2298-2313},
year = {2023},
doi = {10.1287/msom.2020.0238},
URL = { 
https://doi.org/10.1287/msom.2020.0238
},
eprint = { https://doi.org/10.1287/msom.2020.0238
}
}

@Misc{Lyu1,
    title = {Assortment Optimization with Multi-Item Basket Purchase under the Multivariate \text{MNL} Model},
    year = {2022},
    author ={Lyu, Chengyi and Jasin, Stefanus and Najafi, Sajjad and Zhang, Huanan},
    note = {Available at SSRN: \href{https://ssrn.com/abstract=3818886}{https://ssrn.com/abstract=3818886}}
}

@article{Jasin1,
author = {Jasin, Stefanus and Lyu, Chengyi and Najafi, Sajjad and Zhang, Huanan},
title = {Assortment Optimization with Multi-Item Basket Purchase Under Multivariate \text{MNL} Model},
journal = {Manufacturing \& Service Operations Management},
volume = {26},
number = {1},
pages = {215-232},
year = {2024},
doi = {10.1287/msom.2021.0526},
URL = { 
https://doi.org/10.1287/msom.2021.0526
},
}

@Misc{Chen1,
    title = {Assortment Optimization Under the Multivariate \text{MNL} Model},
    year = {2022},
    author ={Chen, Xin and Li, Jiachun and Li, Menglong and Zhao, Tiancheng and Zhou, Yuan},
    note = {Available at SSRN: \href{https://ssrn.com/abstract=4233712}{https://ssrn.com/abstract=4233712}}
}

@Misc{Feldman1,
    title = {Assortment Optimization under the Multi-Purchase Multinomial Logit Choice Model},
    year = {2022},
    author ={Feldman, Jacob and Segev, Danny and Topaloglu, Huseyin and Wagner, Laura and Bai, Yicheng},
    note = {Available at SSRN: \href{https://ssrn.com/abstract=3866734}{https://ssrn.com/abstract=3866734}}
}

@article{bhat1,
title = {A multiple discrete–continuous extreme value model: \text{Formulation} and application to discretionary time-use decisions},
journal = {Transportation Research Part B: Methodological},
volume = {39},
number = {8},
pages = {679-707},
year = {2005},
author = {Chandra R. Bhat},
}

@article{bhat2,
title = {The multiple discrete-continuous extreme value \text{(MDCEV)} model: Role of utility function parameters, identification considerations, and model extensions},
journal = {Transportation Research Part B: Methodological},
volume = {42},
number = {3},
pages = {274-303},
year = {2008},
author = {Chandra R. Bhat},
}


@article{Cox1,
title = {The Analysis of Multivariate Binary Data},
author = {Cox, D. R.},
year = {1972},
journal = {J. R. Stat. Soc. Ser. C},
volume = {21},
number = {2},
pages = {113-120},
}

@article{Hruschka1,
author = {Hruschka, Harald and Lukanowicz, Martin and Buchta, Christian},
year = {1999},
pages = {99-105},
title = {Cross-Category Sales Promotion Effects},
volume = {6},
journal = {Journal of Retailing and Consumer Services},
}


@article{Boztug1,
title = {A combined approach for segment-specific market basket analysis},
journal = {European Journal of Operational Research},
volume = {187},
number = {1},
pages = {294-312},
year = {2008},
issn = {0377-2217},
doi = {https://doi.org/10.1016/j.ejor.2007.03.001},
url = {https://www.sciencedirect.com/science/article/pii/S0377221707002962},
author = {Yasemin Boztu\u{g} and Thomas Reutterer},
keywords = {Marketing, Choice models, Market basket analysis, Cross-category effects, Segmentation},
}


@article{Song1,
author = {Song, Inseong and Chintagunta, Pradeep K.},
title = {Measuring Cross-Category Price Effects with Aggregate Store Data},
journal = {Management Science},
volume = {52},
number = {10},
pages = {1594-1609},
year = {2006},
}

@article{Manchanda1,
author = {Manchanda, Puneet and Ansari, Asim and Gupta, Sunil},
title = {The ``Shopping Basket'': A Model for Multicategory Purchase Incidence Decisions},
journal = {Marketing Science},
volume = {18},
number = {2},
pages = {95-114},
year = {1999},
}


@article{Lenz1,
author = {Lenz, W.},
title = {Beiträge zum Verständnis der magnetischen Eigenschaften in festen Körpern},
journal = {Physikalische Zeitschrift},
volume = {21},
pages = {613–615},
year = {1920},
}


@article{Barahona1,
year = {1982},
month = {oct},
publisher = {},
volume = {15},
number = {10},
pages = {3241},
author = {F. Barahona},
title = {On the computational complexity of \text{Ising} spin glass models},
journal = {Journal of Physics A: Mathematical and General},
}

@inproceedings{He1,
 author  = {He, Bryan and De Sa, Christopher  and Mitliagkas, Ioannis and R\'{e}, Christopher},
 booktitle = {Advances in Neural Information Processing Systems},
 editor = {D. Lee and M. Sugiyama and U. Luxburg and I. Guyon and R. Garnett},
 pages = {},
 title = {Scan Order in \text{Gibbs} Sampling: Models in Which it Matters and Bounds on How Much},
 url = {https://proceedings.neurips.cc/paper/2016/file/e4da3b7fbbce2345d7772b0674a318d5-Paper.pdf},
 volume = {29},
 year = {2016}
}

@Book{Bierlaire1,
author = {Michel Bierlaire},
title = {Optimization: Principles and Algorithms},
publisher = {EPFL Press},
address = {Lausanne},
year = {2015}
}

@book{Hristopulos1,
author = {Dionissios T. Hristopulos},
title = {Random Fields for Spatial Data Modeling},
year = {2020},
publisher = {Springer Dordrecht},
}

@article{Vasilyev1,
title = {Assortment optimization using an attraction model in an omnichannel environment},
journal = {European Journal of Operational Research},
volume = {306},
number = {1},
pages = {207-226},
year = {2023},
issn = {0377-2217},
author = {Andrey Vasilyev and Sebastian Maier and Ralf W. Seifert},
}

@InCollection{Rooderkerk1,
author="Rooderkerk, Robert P.
and K{\"o}k, A. G{\"u}rhan",
editor="Gallino, Santiago
and Moreno, Antonio",
title="Omnichannel Assortment Planning",
bookTitle="Operations in an Omnichannel World",
year="2019",
publisher="Springer International Publishing",
pages="51--86",
isbn="978-3-030-20119-7",
doi="10.1007/978-3-030-20119-7_4",
url="https://doi.org/10.1007/978-3-030-20119-7_4"
}




@article{Rooderkerk2,
author = {Rooderkerk, Robert P. and DeHoratius, Nicole and Musalem, Andrés},
title = {The past, present, and future of retail analytics: Insights from a survey of academic research and interviews with practitioners},
journal = {Production and Operations Management},
volume = {31},
number = {10},
pages = {3727-3748},
keywords = {bibliometrics, big data, business analytics, retail operations, technology},
doi = {https://doi.org/10.1111/poms.13811},
url = {https://onlinelibrary.wiley.com/doi/abs/10.1111/poms.13811},
eprint = {https://onlinelibrary.wiley.com/doi/pdf/10.1111/poms.13811},
year = {2022}
}



@article{Schafer1,
title = {An analytical assessment of demand effects in omni-channel assortment planning},
journal = {Omega},
volume = {115},
pages = {102749},
year = {2023},
issn = {0305-0483},
doi = {https://doi.org/10.1016/j.omega.2022.102749},
url = {https://www.sciencedirect.com/science/article/pii/S0305048322001566},
author = {Fabian Schäfer and Jonas Hense and Alexander Hübner},
keywords = {Inventory, Shelf-space optimization, Omni-channel, Demand effects},
}

@article{Kamakura1,
title = {Menu-choice modeling with interactions and heterogeneous correlated preferences},
journal = {Journal of Choice Modelling},
volume = {37},
pages = {100214},
year = {2020},
issn = {1755-5345},
doi = {https://doi.org/10.1016/j.jocm.2020.100214},
url = {https://www.sciencedirect.com/science/article/pii/S1755534520300130},
author = {Wagner A. Kamakura and Kyuseop Kwak},
keywords = {Menu choice, Auto-logistic model, Optimal pricing},
}

@article{Moon1,
author = {Moon, Sangkil and Russell, Gary J.},
title = {Predicting Product Purchase from Inferred Customer Similarity: An Autologistic Model Approach},
journal = {Management Science},
volume = {54},
number = {1},
pages = {71-82},
year = {2008},
doi = {10.1287/mnsc.1070.0760},
URL = { https://doi.org/10.1287/mnsc.1070.0760
},
eprint = { 
https://doi.org/10.1287/mnsc.1070.0760
}
}

@article{Richards1,
title = {Retail Market Power in a Shopping Basket Model of Supermarket Competition},
journal = {Journal of Retailing},
volume = {94},
number = {3},
pages = {328-342},
year = {2018},
issn = {0022-4359},
doi = {https://doi.org/10.1016/j.jretai.2018.04.004},
url = {https://www.sciencedirect.com/science/article/pii/S0022435918300204},
author = {Timothy J. Richards and Stephen F. Hamilton and Koichi Yonezawa},
keywords = {Complementarity, Retailing, Pricing, Supermarkets, Oligopolies},
}

@article{Geunes1,
author = {Joseph Geunes and Yiqiang Su},
title = {Single-period assortment and stock-level decisions for dual sales channels with capacity limits and uncertain demand},
journal = {Int. J. Prod. Res.},
volume = {58},
number = {18},
pages = {5579-5600},
year  = {2020},
publisher = {Taylor & Francis},
doi = {10.1080/00207543.2019.1693648},
URL = { 
    
        https://doi.org/10.1080/00207543.2019.1693648
},
eprint = { 
        https://doi.org/10.1080/00207543.2019.1693648
}
}

@article{Gallego2014,
author = {Gallego, G. and Ratliff, R. and Shebalov, S.},
year = {2014},
title = {A General Attraction Model and Sales-Based Linear Program for Network Revenue Management Under Customer Choice},
volume = {63},
number = {1},
pages = {212-232},
journal = {Oper. Res.},
}

@article{Kim1,
author = {Kim, Jaehwan and Allenby, Greg M. and Rossi, Peter E.},
title = {Modeling Consumer Demand for Variety},
journal = {Marketing Science},
volume = {21},
number = {3},
pages = {229-250},
year = {2002},
doi = {10.1287/mksc.21.3.229.143},
URL = { 
        https://doi.org/10.1287/mksc.21.3.229.143
},
eprint = { 
        https://doi.org/10.1287/mksc.21.3.229.143
    }
,
}

@article{Dube1,
author = {Dub\'{e}, Jean-Pierre},
title = {Multiple Discreteness and Product Differentiation: Demand for Carbonated Soft Drinks},
journal = {Marketing Science},
volume = {23},
number = {1},
pages = {66-81},
year = {2004},
doi = {10.1287/mksc.1030.0041},
URL = { 
        https://doi.org/10.1287/mksc.1030.0041
},
eprint = { 
        https://doi.org/10.1287/mksc.1030.0041
}
,
}


@article{Hendel1,
    author = {Hendel, Igal},
    title = {Estimating Multiple-Discrete Choice Models: An Application to Computerization Returns},
    journal = {The Review of Economic Studies},
    volume = {66},
    number = {2},
    pages = {423-446},
    year = {1999},
    month = {04},
    issn = {0034-6527},
    doi = {10.1111/1467-937X.00093},
    url = {https://doi.org/10.1111/1467-937X.00093},
}

@article{Timonina1,
title = {Product assortment and space allocation strategies to attract loyal and non-loyal customers},
journal = {European Journal of Operational Research},
volume = {285},
number = {3},
pages = {1058-1076},
year = {2020},
issn = {0377-2217},
doi = {https://doi.org/10.1016/j.ejor.2020.02.019},
url = {https://www.sciencedirect.com/science/article/pii/S0377221720301375},
author = {Anna Timonina-Farkas and Argyro Katsifou and Ralf W. Seifert},
}

@article{Rusmevichientong1,
author = {Rusmevichientong, Paat and Shmoys, David and Tong, Chaoxu and Topaloglu, Huseyin},
title = {Assortment Optimization under the Multinomial Logit Model with Random Choice Parameters},
journal = {Production and Operations Management},
volume = {23},
number = {11},
pages = {2023-2039},
keywords = {logit, assortment optimization, revenue management, capacity control},
doi = {https://doi.org/10.1111/poms.12191},
url = {https://onlinelibrary.wiley.com/doi/abs/10.1111/poms.12191},
eprint = {https://onlinelibrary.wiley.com/doi/pdf/10.1111/poms.12191},
year = {2014}
}

@article{Guo1,
author = {Guo, Jia and Keskin, Burcu B.},
title = {Designing a centralized distribution system for omni-channel retailing},
journal = {Production and Operations Management},
year = {2022},
note = {(In Press)},
doi = {https://doi.org/10.1111/poms.13936},
url = {https://onlinelibrary.wiley.com/doi/abs/10.1111/poms.13936},
}


@article{Braunstein1,
doi = {10.1088/1742-5468/abed43},
url = {https://dx.doi.org/10.1088/1742-5468/abed43},
year = {2021},
publisher = {IOP Publishing and SISSA},
volume = {2021},
number = {3},
pages = {033416},
author = {Alfredo Braunstein and Giovanni Catania and Luca Dall’Asta and Anna Paola Muntoni},
title = {A density consistency approach to the inverse \text{Ising} problem},
journal = {Journal of Statistical Mechanics: Theory and Experiment},
}

@article{Braunstein2,
  title = {Loop Corrections in Spin Models through Density Consistency},
  author = {Braunstein, Alfredo and Catania, Giovanni and Dall'Asta, Luca},
  journal = {Physical Review Letters},
  volume = {123},
  issue = {2},
  pages = {020604},
  year = {2019},
  publisher = {American Physical Society},
  doi = {10.1103/PhysRevLett.123.020604},
  url = {https://link.aps.org/doi/10.1103/PhysRevLett.123.020604}
}


@InProceedings{Guo2,
  title = 	 {Layerwise Systematic Scan: Deep \text{Boltzmann} Machines and Beyond},
  booktitle = 	 {Proceedings of the Twenty-First International Conference on Artificial Intelligence and Statistics},
  author = 	 {Guo, Heng and Kara, Kaan and Zhang, Ce},
  pages = 	 {178--187},
  year = 	 {2018},
  editor = 	 {Storkey, Amos and Perez-Cruz, Fernando},
  month = 	 {09--11 Apr},
  publisher =    {PMLR},
  pdf = 	 {http://proceedings.mlr.press/v84/guo18a/guo18a.pdf},
  url = 	 {https://proceedings.mlr.press/v84/guo18a.html},
}

@article{Gareth1,
  title={Surprising Convergence Properties of Some Simple Gibbs Samplers under Various Scans},
  author={Gareth O. Roberts and Jeffrey S. Rosenthal},
  journal={International Journal of Statistics and Probability},
  year={2015},
  volume={5},
  pages={51},
  url={https://api.semanticscholar.org/CorpusID:14230594}
}


@book{Newman1,
author = {Newman, Mark},
title = {Networks: An Introduction},
year = {2010},
isbn = {0199206651},
publisher = {Oxford University Press, Inc.},
address = {USA},
}


@article{Roudi1,
  title = {Ising model for neural data: Model quality and approximate methods for extracting functional connectivity},
  author = {Roudi, Yasser and Tyrcha, Joanna and Hertz, John},
  journal = {Physical Review E},
  volume = {79},
  issue = {5},
  pages = {051915},
  numpages = {12},
  year = {2009},
  month = {May},
  publisher = {American Physical Society},
  doi = {10.1103/PhysRevE.79.051915},
  url = {https://link.aps.org/doi/10.1103/PhysRevE.79.051915}
}



@article{Nguyen1,
author = {Nguyen, H. C. and Zecchina, R. and Berg, J.},
title = {Inverse statistical problems: from the inverse \text{Ising} problem to data science},
journal = {Advances in Physics},
volume = {66},
number = {3},
pages = {197--261},
year = {2017},
publisher = {Taylor \& Francis},
doi = {10.1080/00018732.2017.1341604},
URL = { 
https://doi.org/10.1080/00018732.2017.1341604
},
eprint = { 
https://doi.org/10.1080/00018732.2017.1341604
}
}

@article{Sano1,
doi = {10.1088/1742-5468/ac50b1},
url = {https://dx.doi.org/10.1088/1742-5468/ac50b1},
year = {2022},
month = {feb},
publisher = {IOP Publishing and SISSA},
volume = {2022},
number = {2},
pages = {023406},
author = {Takashi Sano},
title = {A noniterative solution to the inverse \text{Ising} problem using a convex upper bound on the partition function},
journal = {Journal of Statistical Mechanics: Theory and Experiment},
}

