@inproceedings{bo2022specformer,
  title={Specformer: Spectral Graph Neural Networks Meet Transformers},
  author={Bo, Deyu and Shi, Chuan and Wang, Lele and Liao, Renjie},
  booktitle={The Eleventh International Conference on Learning Representations},
  year={2022}
}

@article{bresson2017residual,
  title={Residual gated graph convnets},
  author={Bresson, Xavier and Laurent, Thomas},
  journal={arXiv preprint arXiv:1711.07553},
  year={2017}
}

@inproceedings{chamberlain2021grand,
  title={Grand: Graph neural diffusion},
  author={Chamberlain, Ben and Rowbottom, James and Gorinova, Maria I and Bronstein, Michael and Webb, Stefan and Rossi, Emanuele},
  booktitle={International conference on machine learning},
  pages={1407--1418},
  year={2021},
  organization={PMLR}
}

@article{corso2020principal,
  title={Principal neighbourhood aggregation for graph nets},
  author={Corso, Gabriele and Cavalleri, Luca and Beaini, Dominique and Li{\`o}, Pietro and Veli{\v{c}}kovi{\'c}, Petar},
  journal={Advances in Neural Information Processing Systems},
  volume={33},
  pages={13260--13271},
  year={2020}
}

%article{ying2021transformers,
  title={Do transformers really perform badly for graph representation?},
  author={Ying, Chengxuan and Cai, Tianle and Luo, Shengjie and Zheng, Shuxin and Ke, Guolin and He, Di and Shen, Yanming and Liu, Tie-Yan},
  journal={Advances in neural information processing systems},
  volume={34},
  pages={28877--28888},
  year={2021}
}

@inproceedings{ding2024recurrent,
  title={Recurrent Distance Filtering for Graph Representation Learning},
  author={Ding, Yuhui and Orvieto, Antonio and He, Bobby and Hofmann, Thomas},
  booktitle={Forty-first International Conference on Machine Learning},
  year={2024}
}

@article{du2019graph,
  title={Graph neural tangent kernel: Fusing graph neural networks with graph kernels},
  author={Du, Simon S and Hou, Kangcheng and Salakhutdinov, Russ R and Poczos, Barnabas and Wang, Ruosong and Xu, Keyulu},
  journal={Advances in neural information processing systems},
  volume={32},
  year={2019}
}

@article{frasca2022understanding,
  title={Understanding and extending subgraph gnns by rethinking their symmetries},
  author={Frasca, Fabrizio and Bevilacqua, Beatrice and Bronstein, Michael and Maron, Haggai},
  journal={Advances in Neural Information Processing Systems},
  volume={35},
  pages={31376--31390},
  year={2022}
}

@inproceedings{grover2016node2vec,
  title={node2vec: Scalable feature learning for networks},
  author={Grover, Aditya and Leskovec, Jure},
  booktitle={Proceedings of the 22nd ACM SIGKDD international conference on Knowledge discovery and data mining},
  pages={855--864},
  year={2016}
}

@article{gu2023mamba,
  title={Mamba: Linear-time sequence modeling with selective state spaces},
  author={Gu, Albert and Dao, Tri},
  journal={arXiv preprint arXiv:2312.00752},
  year={2023}
}

@article{hamilton2017inductive,
  title={Inductive representation learning on large graphs},
  author={Hamilton, Will and Ying, Zhitao and Leskovec, Jure},
  journal={Advances in neural information processing systems},
  volume={30},
  year={2017}
}

@inproceedings{huang2022boosting,
  title={Boosting the Cycle Counting Power of Graph Neural Networks with I$^{2}$-GNNs},
  author={Huang, Yinan and Peng, Xingang and Ma, Jianzhu and Zhang, Muhan},
  booktitle={The Eleventh International Conference on Learning Representations},
  year={2022}
}

@inproceedings{huang2024stability,
  title={On the Stability of Expressive Positional Encodings for Graph Neural Networks},
  author={Huang, Yinan and Lu, William and Robinson, Joshua and Yang, Yu and Zhang, Muhan and Jegelka, Stefanie and Li, Pan},
  booktitle={The Twelfth International Conference on Learning Representations},
  year={2024}
}

@article{jacot2018neural,
  title={Neural tangent kernel: Convergence and generalization in neural networks},
  author={Jacot, Arthur and Gabriel, Franck and Hongler, Cl{\'e}ment},
  journal={Advances in neural information processing systems},
  volume={31},
  year={2018}
}

@inproceedings{jain2016structural,
  title={Structural-rnn: Deep learning on spatio-temporal graphs},
  author={Jain, Ashesh and Zamir, Amir R and Savarese, Silvio and Saxena, Ashutosh},
  booktitle={Proceedings of the ieee conference on computer vision and pattern recognition},
  pages={5308--5317},
  year={2016}
}

@inproceedings{kipf2016semi,
  title={Semi-Supervised Classification with Graph Convolutional Networks},
  author={Kipf, Thomas N and Welling, Max},
  booktitle={International Conference on Learning Representations},
  year={2016}
}

@article{kreuzer2021rethinking,
  title={Rethinking graph transformers with spectral attention},
  author={Kreuzer, Devin and Beaini, Dominique and Hamilton, Will and L{\'e}tourneau, Vincent and Tossou, Prudencio},
  journal={Advances in Neural Information Processing Systems},
  volume={34},
  pages={21618--21629},
  year={2021}
}

@article{li2020distance,
  title={Distance encoding: Design provably more powerful neural networks for graph representation learning},
  author={Li, Pan and Wang, Yanbang and Wang, Hongwei and Leskovec, Jure},
  journal={Advances in Neural Information Processing Systems},
  volume={33},
  pages={4465--4478},
  year={2020}
}

@inproceedings{lim2022sign,
  title={Sign and Basis Invariant Networks for Spectral Graph Representation Learning},
  author={Lim, Derek and Robinson, Joshua David and Zhao, Lingxiao and Smidt, Tess and Sra, Suvrit and Maron, Haggai and Jegelka, Stefanie},
  booktitle={The Eleventh International Conference on Learning Representations},
  year={2022}
}

@inproceedings{ma2023graph,
  title={Graph inductive biases in transformers without message passing},
  author={Ma, Liheng and Lin, Chen and Lim, Derek and Romero-Soriano, Adriana and Dokania, Puneet K and Coates, Mark and Torr, Philip and Lim, Ser-Nam},
  booktitle={International Conference on Machine Learning},
  pages={23321--23337},
  year={2023},
  organization={PMLR}
}

@inproceedings{morris2019weisfeiler,
  title={Weisfeiler and leman go neural: Higher-order graph neural networks},
  author={Morris, Christopher and Ritzert, Martin and Fey, Matthias and Hamilton, William L and Lenssen, Jan Eric and Rattan, Gaurav and Grohe, Martin},
  booktitle={Proceedings of the AAAI conference on artificial intelligence},
  volume={33},
  number={01},
  pages={4602--4609},
  year={2019}
}

@inproceedings{perozzi2014deepwalk,
  title={Deepwalk: Online learning of social representations},
  author={Perozzi, Bryan and Al-Rfou, Rami and Skiena, Steven},
  booktitle={Proceedings of the 20th ACM SIGKDD international conference on Knowledge discovery and data mining},
  pages={701--710},
  year={2014}
}

@article{poli2019graph,
  title={Graph neural ordinary differential equations},
  author={Poli, Michael and Massaroli, Stefano and Park, Junyoung and Yamashita, Atsushi and Asama, Hajime and Park, Jinkyoo},
  journal={arXiv preprint arXiv:1911.07532},
  year={2019}
}

@article{rampavsek2022recipe,
  title={Recipe for a general, powerful, scalable graph transformer},
  author={Ramp{\'a}{\v{s}}ek, Ladislav and Galkin, Michael and Dwivedi, Vijay Prakash and Luu, Anh Tuan and Wolf, Guy and Beaini, Dominique},
  journal={Advances in Neural Information Processing Systems},
  volume={35},
  pages={14501--14515},
  year={2022}
}

@inproceedings{shirzad2023exphormer,
  title={Exphormer: Sparse transformers for graphs},
  author={Shirzad, Hamed and Velingker, Ameya and Venkatachalam, Balaji and Sutherland, Danica J and Sinop, Ali Kemal},
  booktitle={International Conference on Machine Learning},
  pages={31613--31632},
  year={2023},
  organization={PMLR}
}

@inproceedings{velivckovic2018graph,
  title={Graph Attention Networks},
  author={Veli{\v{c}}kovi{\'c}, Petar and Cucurull, Guillem and Casanova, Arantxa and Romero, Adriana and Li{\`o}, Pietro and Bengio, Yoshua},
  booktitle={International Conference on Learning Representations},
  year={2018}
}

@article{wang2024state,
  title={State space model for new-generation network alternative to transformers: A survey},
  author={Wang, Xiao and Wang, Shiao and Ding, Yuhe and Li, Yuehang and Wu, Wentao and Rong, Yao and Kong, Weizhe and Huang, Ju and Li, Shihao and Yang, Haoxiang and others},
  journal={arXiv preprint arXiv:2404.09516},
  year={2024}
}

@inproceedings{xhonneux2020continuous,
  title={Continuous graph neural networks},
  author={Xhonneux, Louis-Pascal and Qu, Meng and Tang, Jian},
  booktitle={International conference on machine learning},
  pages={10432--10441},
  year={2020},
  organization={PMLR}
}

@inproceedings{xu2018powerful,
  title={How Powerful are Graph Neural Networks?},
  author={Xu, Keyulu and Hu, Weihua and Leskovec, Jure and Jegelka, Stefanie},
  booktitle={International Conference on Learning Representations},
  year={2018}
}

@article{ying2021transformers,
  title={Do transformers really perform badly for graph representation?},
  author={Ying, Chengxuan and Cai, Tianle and Luo, Shengjie and Zheng, Shuxin and Ke, Guolin and He, Di and Shen, Yanming and Liu, Tie-Yan},
  journal={Advances in neural information processing systems},
  volume={34},
  pages={28877--28888},
  year={2021}
}

@inproceedings{you2019position,
  title={Position-aware graph neural networks},
  author={You, Jiaxuan and Ying, Rex and Leskovec, Jure},
  booktitle={International conference on machine learning},
  pages={7134--7143},
  year={2019},
  organization={PMLR}
}

@inproceedings{you2021identity,
  title={Identity-aware graph neural networks},
  author={You, Jiaxuan and Gomes-Selman, Jonathan M and Ying, Rex and Leskovec, Jure},
  booktitle={Proceedings of the AAAI conference on artificial intelligence},
  volume={35},
  number={12},
  pages={10737--10745},
  year={2021}
}

%inproceedings{shirzad2023exphormer,
  title={Exphormer: Sparse transformers for graphs},
  author={Shirzad, Hamed and Velingker, Ameya and Venkatachalam, Balaji and Sutherland, Danica J and Sinop, Ali Kemal},
  booktitle={International Conference on Machine Learning},
  pages={31613--31632},
  year={2023},
  organization={PMLR}
}

@article{zhang2021nested,
  title={Nested graph neural networks},
  author={Zhang, Muhan and Li, Pan},
  journal={Advances in Neural Information Processing Systems},
  volume={34},
  pages={15734--15747},
  year={2021}
}

@article{zhang2024expressive,
  title={On the Expressive Power of Spectral Invariant Graph Neural Networks},
  author={Zhang, Bohang and Zhao, Lingxiao and Maron, Haggai},
  journal={arXiv preprint arXiv:2406.04336},
  year={2024}
}

%article{kipf2016semi,
  title={Semi-supervised classification with graph convolutional networks},
  author={Kipf, Thomas N and Welling, Max},
  journal={arXiv preprint arXiv:1609.02907},
  year={2016}
}

@inproceedings{zhao2021stars,
  title={From Stars to Subgraphs: Uplifting Any GNN with Local Structure Awareness},
  author={Zhao, Lingxiao and Jin, Wei and Akoglu, Leman and Shah, Neil},
  booktitle={International Conference on Learning Representations},
  year={2021}
}

@article{zhi2023gaussian,
  title={Gaussian processes on graphs via spectral kernel learning},
  author={Zhi, Yin-Cong and Ng, Yin Cheng and Dong, Xiaowen},
  journal={IEEE Transactions on Signal and Information Processing over Networks},
  volume={9},
  pages={304--314},
  year={2023},
  publisher={IEEE}
}

