@InProceedings{gazebo,
  author       = {Koenig, Nathan and Howard, Andrew},
  booktitle    = {2004 IEEE/RSJ International Conference on Intelligent Robots and Systems (IROS)(IEEE Cat. No. 04CH37566)},
  title        = {Design and use paradigms for gazebo, an open-source multi-robot simulator},
  year         = {2004},
  organization = {IEEE},
  pages        = {2149--2154},
  volume       = {3},
}

@Article{Webots,
  author    = {Michel, Olivier},
  journal   = {International Journal of Advanced Robotic Systems},
  title     = {Cyberbotics ltd. webotsâ„¢: professional mobile robot simulation},
  year      = {2004},
  number    = {1},
  pages     = {5},
  volume    = {1},
  publisher = {SAGE Publications Sage UK: London, England},
}

@misc{robogym,
  author={OpenAI},
  title={{Robogym}},
  year={2020},
  howpublished="\url{https://github.com/openai/robogym}",
}

@MISC{PyBullet,
author =   {Erwin Coumans and Yunfei Bai},
title =    {PyBullet, a Python module for physics simulation for games, robotics and machine learning},
howpublished = {\url{http://pybullet.org}},
year = {2016--2021}
}

@article{visual-end2end,
  title={Visual navigation in real-world indoor environments using end-to-end deep reinforcement learning},
  author={Kulh{\'a}nek, Jon{\'a}{\v{s}} and Derner, Erik and Babu{\v{s}}ka, Robert},
  journal={IEEE Robotics and Automation Letters},
  volume={6},
  number={3},
  pages={4345--4352},
  year={2021},
  publisher={IEEE}
}

@article{ad-survey,
  title={A survey of autonomous driving: Common practices and emerging technologies},
  author={Yurtsever, Ekim and Lambert, Jacob and Carballo, Alexander and Takeda, Kazuya},
  journal={IEEE access},
  volume={8},
  pages={58443--58469},
  year={2020},
  publisher={IEEE}
}

@inproceedings{q-transformer,
  title={Q-transformer: Scalable offline reinforcement learning via autoregressive q-functions},
  author={Chebotar, Yevgen and Vuong, Quan and Hausman, Karol and Xia, Fei and Lu, Yao and Irpan, Alex and Kumar, Aviral and Yu, Tianhe and Herzog, Alexander and Pertsch, Karl and others},
  booktitle={Conference on Robot Learning},
  pages={3909--3928},
  year={2023},
  organization={PMLR}
}

@article{traj-transformer,
  title={Offline reinforcement learning as one big sequence modeling problem},
  author={Janner, Michael and Li, Qiyang and Levine, Sergey},
  journal={Advances in neural information processing systems},
  volume={34},
  pages={1273--1286},
  year={2021}
}

@article{decision-transformer,
  title={Decision transformer: Reinforcement learning via sequence modeling},
  author={Chen, Lili and Lu, Kevin and Rajeswaran, Aravind and Lee, Kimin and Grover, Aditya and Laskin, Misha and Abbeel, Pieter and Srinivas, Aravind and Mordatch, Igor},
  journal={Advances in neural information processing systems},
  volume={34},
  pages={15084--15097},
  year={2021}
}

@inproceedings{a3c,
  title={Asynchronous methods for deep reinforcement learning},
  author={Mnih, Volodymyr and Badia, Adria Puigdomenech and Mirza, Mehdi and Graves, Alex and Lillicrap, Timothy and Harley, Tim and Silver, David and Kavukcuoglu, Koray},
  booktitle={International conference on machine learning},
  pages={1928--1937},
  year={2016},
  organization={PmLR}
}

@article{ppo,
  title={Proximal policy optimization algorithms},
  author={Schulman, John and Wolski, Filip and Dhariwal, Prafulla and Radford, Alec and Klimov, Oleg},
  journal={arXiv preprint arXiv:1707.06347},
  year={2017}
}

@inproceedings{use-gru1,
  title={Intention aware robot crowd navigation with attention-based interaction graph},
  author={Liu, Shuijing and Chang, Peixin and Huang, Zhe and Chakraborty, Neeloy and Hong, Kaiwen and Liang, Weihang and McPherson, D Livingston and Geng, Junyi and Driggs-Campbell, Katherine},
  booktitle={2023 IEEE International Conference on Robotics and Automation (ICRA)},
  pages={12015--12021},
  year={2023},
  organization={IEEE}
}

@article{use-gru2,
  title={Navigation in unknown dynamic environments based on deep reinforcement learning},
  author={Zeng, Junjie and Ju, Rusheng and Qin, Long and Hu, Yue and Yin, Quanjun and Hu, Cong},
  journal={Sensors},
  volume={19},
  number={18},
  pages={3837},
  year={2019},
  publisher={MDPI}
}

@article{use-gru3,
  title={A novel mobile robot navigation method based on deep reinforcement learning},
  author={Quan, Hao and Li, Yansheng and Zhang, Yi},
  journal={International Journal of Advanced Robotic Systems},
  volume={17},
  number={3},
  pages={1729881420921672},
  year={2020},
  publisher={SAGE Publications Sage UK: London, England}
}

@article{use-lstm1,
  title={Learning to navigate in complex environments},
  author={Mirowski, Piotr and Pascanu, Razvan and Viola, Fabio and Soyer, Hubert and Ballard, Andrew J and Banino, Andrea and Denil, Misha and Goroshin, Ross and Sifre, Laurent and Kavukcuoglu, Koray and others},
  journal={arXiv preprint arXiv:1611.03673},
  year={2016}
}

@article{use-lstm2,
  title={Visual navigation with asynchronous proximal policy optimization in artificial agents},
  author={Zeng, Fanyu and Wang, Chen},
  journal={Journal of Robotics},
  volume={2020},
  number={1},
  pages={8702962},
  year={2020},
  publisher={Wiley Online Library}
}

@article{use-lstm3,
  title={Primal: Pathfinding via reinforcement and imitation multi-agent learning},
  author={Sartoretti, Guillaume and Kerr, Justin and Shi, Yunfei and Wagner, Glenn and Kumar, TK Satish and Koenig, Sven and Choset, Howie},
  journal={IEEE Robotics and Automation Letters},
  volume={4},
  number={3},
  pages={2378--2385},
  year={2019},
  publisher={IEEE}
}

@article{use-lstm4,
  title={Crowd navigation in an unknown and dynamic environment based on deep reinforcement learning},
  author={Sun, Libo and Zhai, Jinfeng and Qin, Wenhu},
  journal={IEEE Access},
  volume={7},
  pages={109544--109554},
  year={2019},
  publisher={IEEE}
}

@article{use-gazebo3,
  title={Reinforcement learning-driven dynamic obstacle avoidance for mobile robot trajectory tracking},
  author={Xiao, Hanzhen and Chen, Canghao and Zhang, Guidong and Chen, CL Philip},
  journal={Knowledge-Based Systems},
  volume={297},
  pages={111974},
  year={2024},
  publisher={Elsevier}
}

@ARTICLE{use-gazebo2,
  author={Tao, Yuting and Li, Mingyang and Cao, Xiao and Lu, Peng},
  journal={IEEE Transactions on Intelligent Vehicles}, 
  title={Mobile Robot Collision Avoidance Based on Deep Reinforcement Learning with Motion Constraints}, 
  year={2024},
  volume={},
  number={},
  pages={1-11}}

@INPROCEEDINGS{use-gazebo1,
  author={Yang, Guang and Guo, Yi},
  booktitle={2024 21st International Conference on Ubiquitous Robots (UR)}, 
  title={Deep Reinforcement Learning Based Mobile Robot Navigation in Crowd Environments}, 
  year={2024},
  volume={},
  number={},
  pages={513-519}}

@InProceedings{Gazebo_slow1,
  author    = {Noori, Farzan M. and Portugal, David and Rocha, Rui P. and Couceiro, Micael S.},
  booktitle = {2017 IEEE International Symposium on Safety, Security and Rescue Robotics (SSRR)},
  title     = {On 3D simulators for multi-robot systems in ROS: MORSE or Gazebo?},
  year      = {2017},
  pages     = {19-24},
  doi       = {10.1109/SSRR.2017.8088134},
}

@InProceedings{Gazebo_slow2,
  author    = {Ayala, Angel and Cruz, Francisco and Campos, Diego and Rubio, Rodrigo and Fernandes, Bruno and Dazeley, Richard},
  booktitle = {2020 Joint IEEE 10th International Conference on Development and Learning and Epigenetic Robotics (ICDL-EpiRob)},
  title     = {A Comparison of Humanoid Robot Simulators: A Quantitative Approach},
  year      = {2020},
  pages     = {1-6},
  doi       = {10.1109/ICDL-EpiRob48136.2020.9278116},
}

@Article{Gazebo_slow3,
  author    = {Farley, Andrew and Wang, Jie and Marshall, Joshua A},
  journal   = {Simulation Modelling Practice and Theory},
  title     = {How to pick a mobile robot simulator: A quantitative comparison of CoppeliaSim, Gazebo, MORSE and Webots with a focus on accuracy of motion},
  year      = {2022},
  pages     = {102629},
  volume    = {120},
  publisher = {Elsevier},
}

@article{drl-ad,
  title={Deep reinforcement learning for autonomous driving: A survey},
  author={Kiran, B Ravi and Sobh, Ibrahim and Talpaert, Victor and Mannion, Patrick and Al Sallab, Ahmad A and Yogamani, Senthil and P{\'e}rez, Patrick},
  journal={IEEE Transactions on Intelligent Transportation Systems},
  volume={23},
  number={6},
  pages={4909--4926},
  year={2021},
  publisher={IEEE}
}

@inproceedings{pathrl,
  title={Pathrl: An end-to-end path generation method for collision avoidance via deep reinforcement learning},
  author={Yu, Wenhao and Peng, Jie and Qiu, Quecheng and Wang, Hanyu and Zhang, Lu and Ji, Jianmin},
  booktitle={2024 IEEE International Conference on Robotics and Automation (ICRA)},
  pages={9278--9284},
  year={2024},
  organization={IEEE}
}

@INPROCEEDINGS{lizhi1,
  author={Li, Zhi and Xin, Jinghao and Li, Ning},
  booktitle={2022 IEEE International Conference on Real-time Computing and Robotics (RCAR)}, 
  title={End-to-End Autonomous Exploration for Mobile Robots in Unknown Environments through Deep Reinforcement Learning}, 
  year={2022},
  volume={},
  number={},
  pages={475-480}
}

@INPROCEEDINGS{lizhi2,
  author={Li, Zhi and Xin, Jinghao and Li, Ning},
  booktitle={2023 IEEE/RSJ International Conference on Intelligent Robots and Systems (IROS)}, 
  title={Autonomous Exploration and Mapping for Mobile Robots via Cumulative Curriculum Reinforcement Learning}, 
  year={2023},
  volume={},
  number={},
  pages={7495-7500}
}

@inproceedings{pre-drlvo,
  title={Towards safe navigation through crowded dynamic environments},
  author={Xie, Zhanteng and Xin, Pujie and Dames, Philip},
  booktitle={2021 IEEE/RSJ International Conference on Intelligent Robots and Systems (IROS)},
  pages={4934--4940},
  year={2021},
  organization={IEEE}
}

@inproceedings{DR,
  title={Domain randomization for transferring deep neural networks from simulation to the real world},
  author={Tobin, Josh and Fong, Rachel and Ray, Alex and Schneider, Jonas and Zaremba, Wojciech and Abbeel, Pieter},
  booktitle={2017 IEEE/RSJ international conference on intelligent robots and systems (IROS)},
  pages={23--30},
  year={2017},
  organization={IEEE}
}

@inproceedings{voronoi,
  title={Path planning for mobile robot navigation using voronoi diagram and fast marching},
  author={Garrido, Santiago and Moreno, Luis and Abderrahim, Mohamed and Martin, Fernando},
  booktitle={2006 IEEE/RSJ International Conference on Intelligent Robots and Systems},
  pages={2376--2381},
  year={2006},
  organization={IEEE}
}

@inproceedings{lqr,
  title={Trajectory tracking control of a differential wheeled mobile robot: a polar coordinates control and {LQR} comparison},
  author={Cornejo, Jair and Magallanes, Jose and Denegri, Eddy and Canahuire, Ruth},
  booktitle={2018 IEEE XXV International Conference on Electronics, Electrical Engineering and Computing (INTERCON)},
  pages={1--4},
  year={2018},
  organization={IEEE}
}

@article{mpc,
  title={{MPC}for path following problems of wheeled mobile robots},
  author={Yu, Shuyou and Guo, Yang and Meng, Lingyu and Qu, Ting and Chen, Hong},
  journal={IFAC-PapersOnLine},
  volume={51},
  number={20},
  pages={247--252},
  year={2018},
  publisher={Elsevier}
}

@article{rpp,
  title={Regulated pure pursuit for robot path tracking},
  author={Macenski, Steve and Singh, Shrijit and Mart{\'\i}n, Francisco and Gin{\'e}s, Jonatan},
  journal={Autonomous Robots},
  volume={47},
  number={6},
  pages={685--694},
  year={2023},
  publisher={Springer}
}

@inproceedings{irrtstar,
  title={Informed {RRT*}: Optimal sampling-based path planning focused via direct sampling of an admissible ellipsoidal heuristic},
  author={Gammell, Jonathan D and Srinivasa, Siddhartha S and Barfoot, Timothy D},
  booktitle={2014 IEEE/RSJ international conference on intelligent robots and systems},
  pages={2997--3004},
  year={2014},
  organization={IEEE}
}

@article{hastar,
  title={Practical search techniques in path planning for autonomous driving},
  author={Dolgov, Dmitri and Thrun, Sebastian and Montemerlo, Michael and Diebel, James},
  journal={Ann Arbor},
  volume={1001},
  number={48105},
  pages={18--80},
  year={2008}
}

@article{thetastar,
  title={Theta*: Any-angle path planning on grids},
  author={Daniel, Kenny and Nash, Alex and Koenig, Sven and Felner, Ariel},
  journal={Journal of Artificial Intelligence Research},
  volume={39},
  pages={533--579},
  year={2010}
}

@article{astar,
  title={A formal basis for the heuristic determination of minimum cost paths},
  author={Hart, Peter E and Nilsson, Nils J and Raphael, Bertram},
  journal={IEEE transactions on Systems Science and Cybernetics},
  volume={4},
  number={2},
  pages={100--107},
  year={1968},
  publisher={IEEE}
}

@INPROCEEDINGS{APF,
  author={Khatib, O.},
  booktitle={Proceedings. 1985 IEEE International Conference on Robotics and Automation}, 
  title={Real-time obstacle avoidance for manipulators and mobile robots}, 
  year={1985},
  volume={2},
  number={},
  pages={500-505},
}

@article{sepso,
  title={Efficient real-time path planning with self-evolving particle swarm optimization in dynamic scenarios},
  author={Xin, Jinghao and Li, Zhi and Zhang, Yang and Li, Ning},
  journal={Unmanned Systems},
  volume={12},
  number={02},
  pages={215--226},
  year={2024},
  publisher={World Scientific}
}

@article{okayplan,
  title={{OkayPlan}: Obstacle Kinematics Augmented Dynamic real-time path Planning via particle swarm optimization},
  author={Xin, Jinghao and Kim, Jinwoo and Chu, Shengjia and Li, Ning},
  journal={Ocean Engineering},
  volume={303},
  pages={117841},
  year={2024},
  publisher={Elsevier}
}

@article{symmetry3,
  title={A survey on image data augmentation for deep learning},
  author={Shorten, Connor and Khoshgoftaar, Taghi M},
  journal={Journal of big data},
  volume={6},
  number={1},
  pages={1--48},
  year={2019},
  publisher={Springer}
}

@article{symmetry2,
  title={A new image classification method using CNN transfer learning and web data augmentation},
  author={Han, Dongmei and Liu, Qigang and Fan, Weiguo},
  journal={Expert Systems with Applications},
  volume={95},
  pages={43--56},
  year={2018},
  publisher={Elsevier}
}

@article{symmetry1,
  title={Crystallographic symmetry for data augmentation in detecting dendrite cores},
  author={Fu, Lan and Yu, Hongkai and Shah, Megna and Simmons, Jeff and Wang, Song},
  journal={Electronic Imaging},
  volume={32},
  pages={1--7},
  year={2020},
  publisher={Society for Imaging Science and Technology}
}

@article{trans_survey2,
  title={A survey of transformers},
  author={Lin, Tianyang and Wang, Yuxin and Liu, Xiangyang and Qiu, Xipeng},
  journal={AI open},
  volume={3},
  pages={111--132},
  year={2022},
  publisher={Elsevier}
}

@article{trans_survey1,
  title={Transformers in vision: A survey},
  author={Khan, Salman and Naseer, Muzammal and Hayat, Munawar and Zamir, Syed Waqas and Khan, Fahad Shahbaz and Shah, Mubarak},
  journal={ACM computing surveys (CSUR)},
  volume={54},
  number={10s},
  pages={1--41},
  year={2022},
  publisher={ACM New York, NY}
}

@article{scalinglaw,
  title={Scaling laws for neural language models},
  author={Kaplan, Jared and McCandlish, Sam and Henighan, Tom and Brown, Tom B and Chess, Benjamin and Child, Rewon and Gray, Scott and Radford, Alec and Wu, Jeffrey and Amodei, Dario},
  journal={arXiv preprint arXiv:2001.08361},
  year={2020}
}

@article{DTQN,
  title={Deep transformer q-networks for partially observable reinforcement learning},
  author={Esslinger, Kevin and Platt, Robert and Amato, Christopher},
  journal={arXiv preprint arXiv:2206.01078},
  year={2022}
}

@inproceedings{transformer,
 author = {Vaswani, Ashish and Shazeer, Noam and Parmar, Niki and Uszkoreit, Jakob and Jones, Llion and Gomez, Aidan N and Kaiser, \L ukasz and Polosukhin, Illia},
 booktitle = {Advances in Neural Information Processing Systems},
 title = {Attention is All you Need},
 volume = {30},
 year = {2017}
}

@InProceedings{ros,
  author       = {Quigley, Morgan and Conley, Ken and Gerkey, Brian and Faust, Josh and Foote, Tully and Leibs, Jeremy and Wheeler, Rob and Ng, Andrew Y and others},
  booktitle    = {ICRA workshop on open source software},
  title        = {{ROS}: an open-source Robot Operating System},
  year         = {2009},
  number       = {3.2},
  organization = {Kobe, Japan},
  pages        = {5},
  volume       = {3},
}


@Article{DQN,
  author    = {Mnih, Volodymyr and Kavukcuoglu, Koray and Silver, David and Rusu, Andrei A and Veness, Joel and Bellemare, Marc G and Graves, Alex and Riedmiller, Martin and Fidjeland, Andreas K and Ostrovski, Georg and others},
  journal   = {nature},
  title     = {Human-level control through deep reinforcement learning},
  year      = {2015},
  number    = {7540},
  pages     = {529--533},
  volume    = {518},
  publisher = {Nature Publishing Group},
}


@InProceedings{DDQN,
  author    = {Van Hasselt, Hado and Guez, Arthur and Silver, David},
  booktitle = {Proceedings of the AAAI conference on artificial intelligence},
  title     = {Deep reinforcement learning with double q-learning},
  year      = {2016},
  number    = {1},
  volume    = {30},
}


@Article{DWA,
  author    = {Fox, Dieter and Burgard, Wolfram and Thrun, Sebastian},
  journal   = {IEEE Robotics \& Automation Magazine},
  title     = {The dynamic window approach to collision avoidance},
  year      = {1997},
  number    = {1},
  pages     = {23--33},
  volume    = {4},
  publisher = {IEEE},
}

@Article{AlphaGo,
  author    = {Silver, David and Huang, Aja and Maddison, Chris J and Guez, Arthur and Sifre, Laurent and Van Den Driessche, George and Schrittwieser, Julian and Antonoglou, Ioannis and Panneershelvam, Veda and Lanctot, Marc and others},
  journal   = {nature},
  title     = {Mastering the game of Go with deep neural networks and tree search},
  year      = {2016},
  number    = {7587},
  pages     = {484--489},
  volume    = {529},
  publisher = {Nature Publishing Group},
}

@Misc{ChatGPT,
  author        = {OpenAI},
  title         = {GPT-4 Technical Report},
  year          = {2023},
  archiveprefix = {arXiv},
  eprint        = {2303.08774},
  primaryclass  = {cs.CL},
}

@Article{drlvo,
  author    = {Xie, Zhanteng and Dames, Philip},
  journal   = {IEEE Transactions on Robotics},
  title     = {Drl-vo: Learning to navigate through crowded dynamic scenes using velocity obstacles},
  year      = {2023},
  number    = {4},
  pages     = {2700--2719},
  volume    = {39},
  publisher = {IEEE},
}

@Article{Color,
  author    = {Xin, Jinghao and Kim, Jinwoo and Li, Zhi and Li, Ning},
  journal   = {Engineering Applications of Artificial Intelligence},
  title     = {Train a real-world local path planner in one hour via partially decoupled reinforcement learning and vectorized diversity},
  year      = {2025},
  pages     = {109726},
  volume    = {141},
  publisher = {Elsevier},
}

@Article{pid1,
  author    = {Ren, Tsai-Jiun and Chen, Tien-Chi and Chen, Chun-Jung},
  journal   = {Control engineering practice},
  title     = {Motion control for a two-wheeled vehicle using a self-tuning {PID} controller},
  year      = {2008},
  number    = {3},
  pages     = {365--375},
  volume    = {16},
  publisher = {Elsevier},
}

@Article{pid2,
  author   = {Kim, Youngshik and Minor, Mark A.},
  journal  = {IEEE Transactions on Robotics},
  title    = {Coordinated Kinematic Control of Compliantly Coupled Multirobot Systems in an Array Format},
  year     = {2010},
  number   = {1},
  pages    = {173-180},
  volume   = {26},
  doi      = {10.1109/TRO.2009.2035739},
  keywords = {Control systems;Multirobot systems;Axles;Robot kinematics;Stability;Mobile robots;Mechanical engineering;Cities and towns;Payloads;Transportation;Compliant coupling;coordinated kinematic control;multirobot;wheeled mobile robot},
}

@Article{cnn_overfit,
  author    = {Pfeiffer, Mark and Shukla, Samarth and Turchetta, Matteo and Cadena, Cesar and Krause, Andreas and Siegwart, Roland and Nieto, Juan},
  journal   = {IEEE Robotics and Automation Letters},
  title     = {Reinforced imitation: Sample efficient deep reinforcement learning for mapless navigation by leveraging prior demonstrations},
  year      = {2018},
  number    = {4},
  pages     = {4423--4430},
  volume    = {3},
  publisher = {IEEE},
}

@Article{CBSS,
  author    = {Ren, Zhongqiang and Rathinam, Sivakumar and Choset, Howie},
  journal   = {IEEE Transactions on Robotics},
  title     = {Cbss: A new approach for multiagent combinatorial path finding},
  year      = {2023},
  number    = {4},
  pages     = {2669--2683},
  volume    = {39},
  publisher = {IEEE},
}

@Article{TRO-Gazebo,
  author    = {Zhou, Lifeng and Tzoumas, Vasileios and Pappas, George J and Tokekar, Pratap},
  journal   = {IEEE Transactions on Robotics},
  title     = {Distributed attack-robust submodular maximization for multirobot planning},
  year      = {2022},
  number    = {5},
  pages     = {3097--3112},
  volume    = {38},
  publisher = {IEEE},
}

@Article{MRPD_Gazebo,
  author    = {Camisa, Andrea and Testa, Andrea and Notarstefano, Giuseppe},
  journal   = {IEEE Transactions on Robotics},
  title     = {Multi-robot pickup and delivery via distributed resource allocation},
  year      = {2022},
  number    = {2},
  pages     = {1106--1118},
  volume    = {39},
  publisher = {IEEE},
}

@InProceedings{gazebo_36hours,
  author    = {Han, Ruihua and Chen, Shengduo and Hao, Qi},
  booktitle = {2020 IEEE International Conference on Robotics and Automation (ICRA)},
  title     = {Cooperative Multi-Robot Navigation in Dynamic Environment with Deep Reinforcement Learning},
  year      = {2020},
  pages     = {448-454},
  doi       = {10.1109/ICRA40945.2020.9197209},
  keywords  = {Collision avoidance;Navigation;Robot sensing systems;Robot kinematics;Training;Adaptation models},
}

@Comment{jabref-meta: databaseType:bibtex;}
