@Article{Color,
  author    = {Xin, Jinghao and Kim, Jinwoo and Li, Zhi and Li, Ning},
  journal   = {Engineering Applications of Artificial Intelligence},
  title     = {Train a real-world local path planner in one hour via partially decoupled reinforcement learning and vectorized diversity},
  year      = {2025},
  pages     = {109726},
  volume    = {141},
  publisher = {Elsevier},
}

@Article{DQN,
  author    = {Mnih, Volodymyr and Kavukcuoglu, Koray and Silver, David and Rusu, Andrei A and Veness, Joel and Bellemare, Marc G and Graves, Alex and Riedmiller, Martin and Fidjeland, Andreas K and Ostrovski, Georg and others},
  journal   = {nature},
  title     = {Human-level control through deep reinforcement learning},
  year      = {2015},
  number    = {7540},
  pages     = {529--533},
  volume    = {518},
  publisher = {Nature Publishing Group},
}

@article{DTQN,
  title={Deep transformer q-networks for partially observable reinforcement learning},
  author={Esslinger, Kevin and Platt, Robert and Amato, Christopher},
  journal={arXiv preprint arXiv:2206.01078},
  year={2022}
}

@MISC{PyBullet,
author =   {Erwin Coumans and Yunfei Bai},
title =    {PyBullet, a Python module for physics simulation for games, robotics and machine learning},
howpublished = {\url{http://pybullet.org}},
year = {2016--2021}
}

@Article{Webots,
  author    = {Michel, Olivier},
  journal   = {International Journal of Advanced Robotic Systems},
  title     = {Cyberbotics ltd. webotsâ„¢: professional mobile robot simulation},
  year      = {2004},
  number    = {1},
  pages     = {5},
  volume    = {1},
  publisher = {SAGE Publications Sage UK: London, England},
}

@inproceedings{a3c,
  title={Asynchronous methods for deep reinforcement learning},
  author={Mnih, Volodymyr and Badia, Adria Puigdomenech and Mirza, Mehdi and Graves, Alex and Lillicrap, Timothy and Harley, Tim and Silver, David and Kavukcuoglu, Koray},
  booktitle={International conference on machine learning},
  pages={1928--1937},
  year={2016},
  organization={PmLR}
}

@article{ad-survey,
  title={A survey of autonomous driving: Common practices and emerging technologies},
  author={Yurtsever, Ekim and Lambert, Jacob and Carballo, Alexander and Takeda, Kazuya},
  journal={IEEE access},
  volume={8},
  pages={58443--58469},
  year={2020},
  publisher={IEEE}
}

@article{decision-transformer,
  title={Decision transformer: Reinforcement learning via sequence modeling},
  author={Chen, Lili and Lu, Kevin and Rajeswaran, Aravind and Lee, Kimin and Grover, Aditya and Laskin, Misha and Abbeel, Pieter and Srinivas, Aravind and Mordatch, Igor},
  journal={Advances in neural information processing systems},
  volume={34},
  pages={15084--15097},
  year={2021}
}

@article{drl-ad,
  title={Deep reinforcement learning for autonomous driving: A survey},
  author={Kiran, B Ravi and Sobh, Ibrahim and Talpaert, Victor and Mannion, Patrick and Al Sallab, Ahmad A and Yogamani, Senthil and P{\'e}rez, Patrick},
  journal={IEEE Transactions on Intelligent Transportation Systems},
  volume={23},
  number={6},
  pages={4909--4926},
  year={2021},
  publisher={IEEE}
}

@Article{drlvo,
  author    = {Xie, Zhanteng and Dames, Philip},
  journal   = {IEEE Transactions on Robotics},
  title     = {Drl-vo: Learning to navigate through crowded dynamic scenes using velocity obstacles},
  year      = {2023},
  number    = {4},
  pages     = {2700--2719},
  volume    = {39},
  publisher = {IEEE},
}

@InProceedings{gazebo,
  author       = {Koenig, Nathan and Howard, Andrew},
  booktitle    = {2004 IEEE/RSJ International Conference on Intelligent Robots and Systems (IROS)(IEEE Cat. No. 04CH37566)},
  title        = {Design and use paradigms for gazebo, an open-source multi-robot simulator},
  year         = {2004},
  organization = {IEEE},
  pages        = {2149--2154},
  volume       = {3},
}

@INPROCEEDINGS{lizhi1,
  author={Li, Zhi and Xin, Jinghao and Li, Ning},
  booktitle={2022 IEEE International Conference on Real-time Computing and Robotics (RCAR)}, 
  title={End-to-End Autonomous Exploration for Mobile Robots in Unknown Environments through Deep Reinforcement Learning}, 
  year={2022},
  volume={},
  number={},
  pages={475-480}
}

@INPROCEEDINGS{lizhi2,
  author={Li, Zhi and Xin, Jinghao and Li, Ning},
  booktitle={2023 IEEE/RSJ International Conference on Intelligent Robots and Systems (IROS)}, 
  title={Autonomous Exploration and Mapping for Mobile Robots via Cumulative Curriculum Reinforcement Learning}, 
  year={2023},
  volume={},
  number={},
  pages={7495-7500}
}

@inproceedings{pathrl,
  title={Pathrl: An end-to-end path generation method for collision avoidance via deep reinforcement learning},
  author={Yu, Wenhao and Peng, Jie and Qiu, Quecheng and Wang, Hanyu and Zhang, Lu and Ji, Jianmin},
  booktitle={2024 IEEE International Conference on Robotics and Automation (ICRA)},
  pages={9278--9284},
  year={2024},
  organization={IEEE}
}

@article{ppo,
  title={Proximal policy optimization algorithms},
  author={Schulman, John and Wolski, Filip and Dhariwal, Prafulla and Radford, Alec and Klimov, Oleg},
  journal={arXiv preprint arXiv:1707.06347},
  year={2017}
}

@inproceedings{q-transformer,
  title={Q-transformer: Scalable offline reinforcement learning via autoregressive q-functions},
  author={Chebotar, Yevgen and Vuong, Quan and Hausman, Karol and Xia, Fei and Lu, Yao and Irpan, Alex and Kumar, Aviral and Yu, Tianhe and Herzog, Alexander and Pertsch, Karl and others},
  booktitle={Conference on Robot Learning},
  pages={3909--3928},
  year={2023},
  organization={PMLR}
}

@misc{robogym,
  author={OpenAI},
  title={{Robogym}},
  year={2020},
  howpublished="\url{https://github.com/openai/robogym}",
}

@article{scalinglaw,
  title={Scaling laws for neural language models},
  author={Kaplan, Jared and McCandlish, Sam and Henighan, Tom and Brown, Tom B and Chess, Benjamin and Child, Rewon and Gray, Scott and Radford, Alec and Wu, Jeffrey and Amodei, Dario},
  journal={arXiv preprint arXiv:2001.08361},
  year={2020}
}

@article{traj-transformer,
  title={Offline reinforcement learning as one big sequence modeling problem},
  author={Janner, Michael and Li, Qiyang and Levine, Sergey},
  journal={Advances in neural information processing systems},
  volume={34},
  pages={1273--1286},
  year={2021}
}

@article{trans_survey1,
  title={Transformers in vision: A survey},
  author={Khan, Salman and Naseer, Muzammal and Hayat, Munawar and Zamir, Syed Waqas and Khan, Fahad Shahbaz and Shah, Mubarak},
  journal={ACM computing surveys (CSUR)},
  volume={54},
  number={10s},
  pages={1--41},
  year={2022},
  publisher={ACM New York, NY}
}

@article{trans_survey2,
  title={A survey of transformers},
  author={Lin, Tianyang and Wang, Yuxin and Liu, Xiangyang and Qiu, Xipeng},
  journal={AI open},
  volume={3},
  pages={111--132},
  year={2022},
  publisher={Elsevier}
}

@inproceedings{use-gru1,
  title={Intention aware robot crowd navigation with attention-based interaction graph},
  author={Liu, Shuijing and Chang, Peixin and Huang, Zhe and Chakraborty, Neeloy and Hong, Kaiwen and Liang, Weihang and McPherson, D Livingston and Geng, Junyi and Driggs-Campbell, Katherine},
  booktitle={2023 IEEE International Conference on Robotics and Automation (ICRA)},
  pages={12015--12021},
  year={2023},
  organization={IEEE}
}

@article{use-gru2,
  title={Navigation in unknown dynamic environments based on deep reinforcement learning},
  author={Zeng, Junjie and Ju, Rusheng and Qin, Long and Hu, Yue and Yin, Quanjun and Hu, Cong},
  journal={Sensors},
  volume={19},
  number={18},
  pages={3837},
  year={2019},
  publisher={MDPI}
}

@article{use-gru3,
  title={A novel mobile robot navigation method based on deep reinforcement learning},
  author={Quan, Hao and Li, Yansheng and Zhang, Yi},
  journal={International Journal of Advanced Robotic Systems},
  volume={17},
  number={3},
  pages={1729881420921672},
  year={2020},
  publisher={SAGE Publications Sage UK: London, England}
}

@article{use-lstm1,
  title={Learning to navigate in complex environments},
  author={Mirowski, Piotr and Pascanu, Razvan and Viola, Fabio and Soyer, Hubert and Ballard, Andrew J and Banino, Andrea and Denil, Misha and Goroshin, Ross and Sifre, Laurent and Kavukcuoglu, Koray and others},
  journal={arXiv preprint arXiv:1611.03673},
  year={2016}
}

@article{use-lstm2,
  title={Visual navigation with asynchronous proximal policy optimization in artificial agents},
  author={Zeng, Fanyu and Wang, Chen},
  journal={Journal of Robotics},
  volume={2020},
  number={1},
  pages={8702962},
  year={2020},
  publisher={Wiley Online Library}
}

@article{use-lstm3,
  title={Primal: Pathfinding via reinforcement and imitation multi-agent learning},
  author={Sartoretti, Guillaume and Kerr, Justin and Shi, Yunfei and Wagner, Glenn and Kumar, TK Satish and Koenig, Sven and Choset, Howie},
  journal={IEEE Robotics and Automation Letters},
  volume={4},
  number={3},
  pages={2378--2385},
  year={2019},
  publisher={IEEE}
}

@article{use-lstm4,
  title={Crowd navigation in an unknown and dynamic environment based on deep reinforcement learning},
  author={Sun, Libo and Zhai, Jinfeng and Qin, Wenhu},
  journal={IEEE Access},
  volume={7},
  pages={109544--109554},
  year={2019},
  publisher={IEEE}
}

@article{visual-end2end,
  title={Visual navigation in real-world indoor environments using end-to-end deep reinforcement learning},
  author={Kulh{\'a}nek, Jon{\'a}{\v{s}} and Derner, Erik and Babu{\v{s}}ka, Robert},
  journal={IEEE Robotics and Automation Letters},
  volume={6},
  number={3},
  pages={4345--4352},
  year={2021},
  publisher={IEEE}
}

