@article{chander2024toward,
  title={Toward trustworthy artificial intelligence (TAI) in the context of explainability and robustness},
  author={Chander, Bhanu and John, Chinju and Warrier, Lekha and Gopalakrishnan, Kumaravelan},
  journal={ACS},
  year={2024},
  publisher={ACM New York, NY}
}

@article{connor2006social,
  title={Social cognition in the wild: Machiavellian dolphins},
  author={Connor, RC and Mann, Janet},
  journal={Rational animals},
  pages={329--367},
  year={2006}
}

@article{djeffal2022role,
  title={Role of the state and responsibility in governing artificial intelligence: a comparative analysis of AI strategies},
  author={Djeffal, Christian and Siewert, Markus B and Wurster, Stefan},
  journal={JEPP},
  volume={29},
  number={11},
  pages={1799--1821},
  year={2022},
  publisher={Taylor \& Francis}
}

@article{firestone2020performance,
  title={Performance vs. competence in human--machine comparisons},
  author={Firestone, Chaz},
  journal={Proceedings of the National Academy of Sciences},
  volume={117},
  number={43},
  pages={26562--26571},
  year={2020},
  publisher={National Acad Sciences}
}

@article{goodfellow2020generative,
  title={Generative adversarial networks},
  author={Goodfellow, Ian and Pouget-Abadie, Jean and Mirza, Mehdi and Xu, Bing and Warde-Farley, David and Ozair, Sherjil and Courville, Aaron and Bengio, Yoshua},
  journal={Communications of the ACM},
  volume={63},
  number={11},
  pages={139--144},
  year={2020},
  publisher={ACM New York, NY, USA}
}

@article{goyal2023survey,
  title={A survey of adversarial defenses and robustness in nlp},
  author={Goyal, Shreya and Doddapaneni, Sumanth and Khapra, Mitesh M and Ravindran, Balaraman},
  journal={ACS},
  volume={55},
  number={14s},
  pages={1--39},
  year={2023},
  publisher={ACM New York, NY}
}

@article{gu2024survey,
  title={A Survey on LLM-as-a-Judge},
  author={Gu, Jiawei and Jiang, Xuhui and Shi, Zhichao and Tan, Hexiang and Zhai, Xuehao and Xu, Chengjin and Li, Wei and Shen, Yinghan and Ma, Shengjie and Liu, Honghao and others},
  journal={arXiv preprint arXiv:2411.15594},
  year={2024}
}

@inproceedings{guo2024teaching,
  title={Teaching Large Language Models to Translate on Low-resource Languages with Textbook Prompting},
  author={Guo, Ping and Ren, Yubing and Hu, Yue and Li, Yunpeng and Zhang, Jiarui and Zhang, Xingsheng and Huang, He-Yan},
  booktitle={Proceedings of the 2024 Joint International Conference on Computational Linguistics, Language Resources and Evaluation (LREC-COLING 2024)},
  pages={15685--15697},
  year={2024}
}

@article{sejnowski2023large,
  title={Large language models and the reverse turing test},
  author={Sejnowski, Terrence J},
  journal={Neural computation},
  volume={35},
  number={3},
  pages={309--342},
  year={2023},
  publisher={MIT Press One Rogers Street, Cambridge, MA 02142-1209, USA journals-info~â€¦}
}

@inproceedings{su2020active,
  title={Active adversarial domain adaptation},
  author={Su, Jong-Chyi and Tsai, Yi-Hsuan and Sohn, Kihyuk and Liu, Buyu and Maji, Subhransu and Chandraker, Manmohan},
  booktitle={Proceedings of the IEEE/CVF Winter Conference on Applications of Computer Vision},
  pages={739--748},
  year={2020}
}

@article{surianarayanan2023survey,
  title={A survey on optimization techniques for edge artificial intelligence (ai)},
  author={Surianarayanan, Chellammal and Lawrence, John Jeyasekaran and Chelliah, Pethuru Raj and Prakash, Edmond and Hewage, Chaminda},
  journal={Sensors},
  volume={23},
  number={3},
  pages={1279},
  year={2023},
  publisher={MDPI}
}

@article{wang2017generative,
  title={Generative adversarial networks: introduction and outlook},
  author={Wang, Kunfeng and Gou, Chao and Duan, Yanjie and Lin, Yilun and Zheng, Xinhu and Wang, Fei-Yue},
  journal={JAS},
  volume={4},
  number={4},
  pages={588--598},
  year={2017},
  publisher={IEEE}
}

@article{ying2023intuitive,
  title={Intuitive or Dependent? Investigating LLMs' Robustness to Conflicting Prompts},
  author={Ying, Jiahao and Cao, Yixin and Xiong, Kai and He, Yidong and Cui, Long and Liu, Yongbin},
  journal={arXiv preprint arXiv:2309.17415},
  year={2023}
}

@article{yuan2023analogykb,
  title={Analogykb: Unlocking analogical reasoning of language models with a million-scale knowledge base},
  author={Yuan, Siyu and Chen, Jiangjie and Sun, Changzhi and Liang, Jiaqing and Xiao, Yanghua and Yang, Deqing},
  journal={arXiv preprint arXiv:2305.05994},
  year={2023}
}

@article{zhang2020adversarial,
  title={Adversarial attacks on deep-learning models in natural language processing: A survey},
  author={Zhang, Wei Emma and Sheng, Quan Z and Alhazmi, Ahoud and Li, Chenliang},
  journal={TIST},
  volume={11},
  number={3},
  pages={1--41},
  year={2020},
  publisher={ACM New York, NY, USA}
}

