% -----------------------------------------------------------------------
% File: CogSci_Template.bib
% -----------------------------------------------------------------------

% Modified : Eli M. Silk (esilk at pitt.edu)            05/24/2005
% Modified : David Noelle (dnoelle at ucmerced.edu)     11/19/2014
% Modified : Dae Houlihan (daeda at mit.edu)            11/25/2022


@inproceedings{ChalnickBillman1988a,
  author = {Chalnick, A. and Billman, D.},
  title = {Unsupervised Learning of Correlational Structure},
  booktitle = {Proceedings of the Tenth Annual Conference of the Cognitive Science Society},
  pages = {510--516},
  date = {1988},
  location = {{Hillsdale, NJ}},
  publisher = {{Lawrence Erlbaum Associates}}
}

@incollection{Feigenbaum1963a,
  author = {Feigenbaum, E. A.},
  title = {The Simulation of Verbal Learning Behavior},
  booktitle = {Computers and Thought},
  publisher = {{McGraw-Hill}},
  date = {1963},
  editor = {Feigenbaum, E. A. and Feldman, J.},
  location = {{New York}}
}

@article{Hill1983a,
  author = {Hill, J. A. C.},
  title = {A Computational Model of Language Acquisition in the Two-Year Old},
  journaltitle = {Cognition and Brain Theory},
  date = {1983},
  volume = {6},
  pages = {287--317}
}

@report{OhlssonLangley1985a,
  author = {Ohlsson, S. and Langley, P.},
  title = {Identifying Solution Paths in Cognitive Diagnosis},
  institution =	 {Carnegie Mellon University, The Robotics Institute},
  date = {1985},
  institution = {Carnegie Mellon University, The Robotics Institute},
  location = {{Pittsburgh, PA}},
  number = {CMU-RI-TR-85-2}
}

@thesis{Matlock2001,
  author = {Matlock, Teenie},
  title = {How Real Is Fictive Motion?},
  institution = {{Psychology Department, University of California, Santa Cruz}},
  date = {2001},
  type = {phdthesis}
}

@thesis{Lewis1978a,
  author = {Lewis, C.},
  title = {Production System Models of Practice Effects},
  institution = {{Department of Psychology, University of Michigan, Ann Arbor}},
  date = {1978},
  type = {phdthesis}
}

@book{NewellSimon1972a,
  author = {Newell, A. and Simon, H. A.},
  title = {Human Problem Solving},
  publisher = {{Prentice-Hall}},
  date = {1972},
  location = {{Englewood Cliffs, NJ}}
}

@book{ShragerLangley1990a,
  editor = {Shrager, J. and Langley, P.},
  title = {Computational Models of Scientific Discovery and Theory Formation},
  publisher = {{Morgan Kaufmann}},
  date = {1990},
  location = {{San Mateo, CA}}
}

% -----------------------------------------------------------------------
% Document End
% ----------------------------------------------------------------------
-
@article{ganesan2018rouge,
  title={Rouge 2.0: Updated and improved measures for evaluation of summarization tasks},
  author={Ganesan, Kavita},
  journal={arXiv preprint arXiv:1803.01937},
  year={2018}
}

@inproceedings{lin2004rouge,
  title={Rouge: A package for automatic evaluation of summaries},
  author={Lin, Chin-Yew},
  booktitle={Text summarization branches out},
  pages={74--81},
  year={2004}
}

@inproceedings{papineni2002bleu,
  title={Bleu: a method for automatic evaluation of machine translation},
  author={Papineni, Kishore and Roukos, Salim and Ward, Todd and Zhu, Wei-Jing},
  booktitle={Proceedings of the 40th annual meeting of the Association for Computational Linguistics},
  pages={311--318},
  year={2002}
}

@inproceedings{banerjee2005meteor,
  title={METEOR: An automatic metric for MT evaluation with improved correlation with human judgments},
  author={Banerjee, Satanjeev and Lavie, Alon},
  booktitle={Proceedings of the acl workshop on intrinsic and extrinsic evaluation measures for machine translation and/or summarization},
  pages={65--72},
  year={2005}
}

@article{zhang2019bertscore,
  title={Bertscore: Evaluating text generation with bert},
  author={Zhang, Tianyi and Kishore, Varsha and Wu, Felix and Weinberger, Kilian Q and Artzi, Yoav},
  journal={arXiv preprint arXiv:1904.09675},
  year={2019}
}

@book{konar2018artificial,
  title={Artificial intelligence and soft computing: behavioral and cognitive modeling of the human brain},
  author={Konar, Amit},
  year={2018},
  publisher={CRC press}
}

@book{cheok2016love,
  title={Love and sex with robots},
  author={Cheok, Adrian David and Cheok, Adrian David},
  year={2016},
  publisher={Springer}
}


@article{barthlott2016superhydrophobic,
  title={Superhydrophobic hierarchically structured surfaces in biology: evolution, structural principles and biomimetic applications},
  author={Barthlott, Wilhelm and Mail, M and Neinhuis, C},
  journal={Philosophical Transactions of the Royal Society A: Mathematical, Physical and Engineering Sciences},
  volume={374},
  number={2073},
  pages={20160191},
  year={2016},
  publisher={The Royal Society Publishing}
}


@article{hertel2010cognitive,
  title={Cognitive habits and memory distortions in anxiety and depression},
  author={Hertel, Paula T and Brozovich, Faith},
  journal={CDPS},
  volume={19},
  number={3},
  pages={155--160},
  year={2010},
  publisher={Sage Publications Sage CA: Los Angeles, CA}
}

@article{wooldridge1999intelligent,
  title={Intelligent agents},
  author={Wooldridge, Michael},
  journal={Multiagent systems: A modern approach to distributed artificial intelligence},
  volume={1},
  pages={27--73},
  year={1999}
}

@article{beuren2013product,
  title={Product-service systems: a literature review on integrated products and services},
  author={Beuren, Fernanda H{\"a}nsch and Ferreira, Marcelo Gitirana Gomes and Miguel, Paulo A Cauchick},
  journal={JCP},
  volume={47},
  pages={222--231},
  year={2013},
  publisher={Elsevier}
}

@article{daniels2001justice,
  title={Justice, health, and healthcare},
  author={Daniels, Norman},
  journal={American Journal of Bioethics},
  volume={1},
  number={2},
  pages={2--16},
  year={2001},
  publisher={Taylor \& Francis}
}

@article{pillitteri2012antidotal,
  title={Antidotal Effects of Non-Specific Reversal Agents On Anticoagulant-Induced Inhibition of Thrombin Generation.},
  author={Pillitteri, Daniele and Pilgrimm-Thorp, Ann-Kathrin and Krause, Manuela and Scholz, Thomas and Schwerdtfeger, Rainer and Behrendt, Tanja and Kirchmaier, Carl},
  journal={Blood},
  volume={120},
  number={21},
  pages={2273},
  year={2012},
  publisher={Elsevier}
}


@inproceedings{khurana2024and,
  title={Why and when llm-based assistants can go wrong: Investigating the effectiveness of prompt-based interactions for software help-seeking},
  author={Khurana, Anjali and Subramonyam, Hariharan and Chilana, Parmit K},
  booktitle={IUI},
  pages={288--303},
  year={2024}
}


@article{rawte2023troubling,
  title={The troubling emergence of hallucination in large language models--an extensive definition, quantification, and prescriptive remediations},
  author={Rawte, Vipula and Chakraborty, Swagata and Pathak, Agnibh and Sarkar, Anubhav and Tonmoy, SM and Chadha, Aman and Sheth, Amit P and Das, Amitava},
  journal={arXiv preprint arXiv:2310.04988},
  year={2023}
}

@article{li2024enhancing,
  title={Enhancing llm factual accuracy with rag to counter hallucinations: A case study on domain-specific queries in private knowledge-bases},
  author={Li, Jiarui and Yuan, Ye and Zhang, Zehua},
  journal={arXiv preprint arXiv:2403.10446},
  year={2024}
}


@inproceedings{guo2019spottune,
  title={Spottune: transfer learning through adaptive fine-tuning},
  author={Guo, Yunhui and Shi, Honghui and Kumar, Abhishek and Grauman, Kristen and Rosing, Tajana and Feris, Rogerio},
  booktitle={Proceedings of the IEEE/CVF conference on computer vision and pattern recognition},
  pages={4805--4814},
  year={2019}
}

@article{jin2023improving,
  title={Improving embedded knowledge graph multi-hop question answering by introducing relational chain reasoning},
  author={Jin, Weiqiang and Zhao, Biao and Yu, Hang and Tao, Xi and Yin, Ruiping and Liu, Guizhong},
  journal={Data Mining and Knowledge Discovery},
  volume={37},
  number={1},
  pages={255--288},
  year={2023},
  publisher={Springer}
}

@article{zhang2024generalization,
  title={Generalization vs. Hallucination},
  author={Zhang, Xuyu and Huang, Haofan and Zhang, Dawei and Zhuang, Songlin and Han, Shensheng and Lai, Puxiang and Liu, Honglin},
  journal={arXiv preprint arXiv:2411.02893},
  year={2024}
}

@article{papini2002pattern,
  title={Pattern and process in the evolution of learning.},
  author={Papini, Mauricio R},
  journal={Psychological review},
  volume={109},
  number={1},
  pages={186},
  year={2002},
  publisher={American Psychological Association}
}

@article{firestone2020performance,
  title={Performance vs. competence in human--machine comparisons},
  author={Firestone, Chaz},
  journal={Proceedings of the National Academy of Sciences},
  volume={117},
  number={43},
  pages={26562--26571},
  year={2020},
  publisher={National Acad Sciences}
}

@article{connor2006social,
  title={Social cognition in the wild: Machiavellian dolphins},
  author={Connor, RC and Mann, Janet},
  journal={Rational animals},
  pages={329--367},
  year={2006}
}


@article{wang2017generative,
  title={Generative adversarial networks: introduction and outlook},
  author={Wang, Kunfeng and Gou, Chao and Duan, Yanjie and Lin, Yilun and Zheng, Xinhu and Wang, Fei-Yue},
  journal={JAS},
  volume={4},
  number={4},
  pages={588--598},
  year={2017},
  publisher={IEEE}
}

@article{goyal2023survey,
  title={A survey of adversarial defenses and robustness in nlp},
  author={Goyal, Shreya and Doddapaneni, Sumanth and Khapra, Mitesh M and Ravindran, Balaraman},
  journal={ACS},
  volume={55},
  number={14s},
  pages={1--39},
  year={2023},
  publisher={ACM New York, NY}
}

@article{goodfellow2020generative,
  title={Generative adversarial networks},
  author={Goodfellow, Ian and Pouget-Abadie, Jean and Mirza, Mehdi and Xu, Bing and Warde-Farley, David and Ozair, Sherjil and Courville, Aaron and Bengio, Yoshua},
  journal={Communications of the ACM},
  volume={63},
  number={11},
  pages={139--144},
  year={2020},
  publisher={ACM New York, NY, USA}
}

@inproceedings{su2020active,
  title={Active adversarial domain adaptation},
  author={Su, Jong-Chyi and Tsai, Yi-Hsuan and Sohn, Kihyuk and Liu, Buyu and Maji, Subhransu and Chandraker, Manmohan},
  booktitle={Proceedings of the IEEE/CVF Winter Conference on Applications of Computer Vision},
  pages={739--748},
  year={2020}
}

@article{zhang2020adversarial,
  title={Adversarial attacks on deep-learning models in natural language processing: A survey},
  author={Zhang, Wei Emma and Sheng, Quan Z and Alhazmi, Ahoud and Li, Chenliang},
  journal={TIST},
  volume={11},
  number={3},
  pages={1--41},
  year={2020},
  publisher={ACM New York, NY, USA}
}

@article{sejnowski2023large,
  title={Large language models and the reverse turing test},
  author={Sejnowski, Terrence J},
  journal={Neural computation},
  volume={35},
  number={3},
  pages={309--342},
  year={2023},
  publisher={MIT Press One Rogers Street, Cambridge, MA 02142-1209, USA journals-info~…}
}

@article{sejnowski2023large,
  title={Large language models and the reverse turing test},
  author={Sejnowski, Terrence J},
  journal={Neural computation},
  volume={35},
  number={3},
  pages={309--342},
  year={2023},
  publisher={MIT Press One Rogers Street, Cambridge, MA 02142-1209, USA journals-info~…}
}

@article{djeffal2022role,
  title={Role of the state and responsibility in governing artificial intelligence: a comparative analysis of AI strategies},
  author={Djeffal, Christian and Siewert, Markus B and Wurster, Stefan},
  journal={JEPP},
  volume={29},
  number={11},
  pages={1799--1821},
  year={2022},
  publisher={Taylor \& Francis}
}

@article{ying2023intuitive,
  title={Intuitive or Dependent? Investigating LLMs' Robustness to Conflicting Prompts},
  author={Ying, Jiahao and Cao, Yixin and Xiong, Kai and He, Yidong and Cui, Long and Liu, Yongbin},
  journal={arXiv preprint arXiv:2309.17415},
  year={2023}
}

@article{gu2024survey,
  title={A Survey on LLM-as-a-Judge},
  author={Gu, Jiawei and Jiang, Xuhui and Shi, Zhichao and Tan, Hexiang and Zhai, Xuehao and Xu, Chengjin and Li, Wei and Shen, Yinghan and Ma, Shengjie and Liu, Honghao and others},
  journal={arXiv preprint arXiv:2411.15594},
  year={2024}
}

@article{surianarayanan2023survey,
  title={A survey on optimization techniques for edge artificial intelligence (ai)},
  author={Surianarayanan, Chellammal and Lawrence, John Jeyasekaran and Chelliah, Pethuru Raj and Prakash, Edmond and Hewage, Chaminda},
  journal={Sensors},
  volume={23},
  number={3},
  pages={1279},
  year={2023},
  publisher={MDPI}
}

@article{yuan2023analogykb,
  title={Analogykb: Unlocking analogical reasoning of language models with a million-scale knowledge base},
  author={Yuan, Siyu and Chen, Jiangjie and Sun, Changzhi and Liang, Jiaqing and Xiao, Yanghua and Yang, Deqing},
  journal={arXiv preprint arXiv:2305.05994},
  year={2023}
}

@inproceedings{guo2024teaching,
  title={Teaching Large Language Models to Translate on Low-resource Languages with Textbook Prompting},
  author={Guo, Ping and Ren, Yubing and Hu, Yue and Li, Yunpeng and Zhang, Jiarui and Zhang, Xingsheng and Huang, He-Yan},
  booktitle={Proceedings of the 2024 Joint International Conference on Computational Linguistics, Language Resources and Evaluation (LREC-COLING 2024)},
  pages={15685--15697},
  year={2024}
}

@article{chander2024toward,
  title={Toward trustworthy artificial intelligence (TAI) in the context of explainability and robustness},
  author={Chander, Bhanu and John, Chinju and Warrier, Lekha and Gopalakrishnan, Kumaravelan},
  journal={ACS},
  year={2024},
  publisher={ACM New York, NY}
}


@article{panagoulias2024evaluating,
  title={Evaluating LLM--Generated Multimodal Diagnosis from Medical Images and Symptom Analysis},
  author={Panagoulias, Dimitrios P and Virvou, Maria and Tsihrintzis, George A},
  journal={arXiv preprint arXiv:2402.01730},
  year={2024}
}

@article{kornilova2019billsum,
  title={BillSum: A corpus for automatic summarization of US legislation},
  author={Kornilova, Anastassia and Eidelman, Vlad},
  journal={arXiv preprint arXiv:1910.00523},
  year={2019}
}

@article{cohan2018discourse,
  title={A discourse-aware attention model for abstractive summarization of long documents},
  author={Cohan, Arman and Dernoncourt, Franck and Kim, Doo Soon and Bui, Trung and Kim, Seokhwan and Chang, Walter and Goharian, Nazli},
  journal={arXiv preprint arXiv:1804.05685},
  year={2018}
}

@article{nallapati2016abstractive,
  title={Abstractive text summarization using sequence-to-sequence rnns and beyond},
  author={Nallapati, Ramesh and Zhou, Bowen and Gulcehre, Caglar and Xiang, Bing and others},
  journal={arXiv preprint arXiv:1602.06023},
  year={2016}
}