@article{energyDFL,
   title={An Energy and Carbon Footprint Analysis of Distributed and Federated Learning},
   volume={7},
   ISSN={2473-2400},
   url={http://dx.doi.org/10.1109/TGCN.2022.3186439},
   DOI={10.1109/tgcn.2022.3186439},
   number={1},
   journal={IEEE Transactions on Green Communications and Networking},
   publisher={Institute of Electrical and Electronics Engineers (IEEE)},
   author={Savazzi, Stefano and Rampa, Vittorio and Kianoush, Sanaz and Bennis, Mehdi},
   year={2023},
   month=mar, pages={248–264} }

@misc{lynn2023,
 title={Assessing the Sustainability and Trustworthiness of Federated Learning Models}, 
      author={Chao Feng and Alberto Huertas Celdran and Pedro Miguel Sanchez Sanchez and Lynn Zumtaugwald and Gerome Bovet and Burkhard Stiller},
      year={2024},
      eprint={2310.20435},
      archivePrefix={arXiv},
      primaryClass={cs.CY},
      url={https://arxiv.org/abs/2310.20435}, 
}

@misc{patterson2022carbonfootprintmachinelearning,
      title={The Carbon Footprint of Machine Learning Training Will Plateau, Then Shrink}, 
      author={David Patterson and Joseph Gonzalez and Urs Hölzle and Quoc Le and Chen Liang and Lluis-Miquel Munguia and Daniel Rothchild and David So and Maud Texier and Jeff Dean},
      year={2022},
      eprint={2204.05149},
      archivePrefix={arXiv},
      primaryClass={cs.LG},
      url={https://arxiv.org/abs/2204.05149}, 
}

@misc{qiu2021federatedlearningsaveplanet,
      title={Can Federated Learning Save The Planet?}, 
      author={Xinchi Qiu and Titouan Parcollet and Daniel J. Beutel and Taner Topal and Akhil Mathur and Nicholas D. Lane},
      year={2021},
      eprint={2010.06537},
      archivePrefix={arXiv},
      primaryClass={cs.LG},
      url={https://arxiv.org/abs/2010.06537}, 
}

@misc{qiu2023lookcarbonfootprintfederated,
      title={A first look into the carbon footprint of federated learning}, 
      author={Xinchi Qiu and Titouan Parcollet and Javier Fernandez-Marques and Pedro Porto Buarque de Gusmao and Yan Gao and Daniel J. Beutel and Taner Topal and Akhil Mathur and Nicholas D. Lane},
      year={2023},
      eprint={2102.07627},
      archivePrefix={arXiv},
      primaryClass={cs.LG},
      url={https://arxiv.org/abs/2102.07627}, 
}

