@article{awadalla2023openflamingo,
  title={OpenFlamingo: An Open-Source Framework for Training Large Autoregressive Vision-Language Models},
  author={Awadalla, Awni and Prabhumoye, Shrimai and Singh, Amanpreet and Sun, Chunyuan and Hu, Junnan and Kale, Mihir and Jain, Vedanuj and Wang, Xin and and Liu, Jiahui and Soricut, Radu and others},
  journal={arXiv preprint arXiv:2306.14824},
  year={2023}
}

@article{bai2023qwenvl,
  title={Qwen-VL: A Scalable and Versatile Vision-Language Model},
  author={Bai, Zihan and Wu, Qingqing and Zhang, Yue and Jiang, Yangyang and Li, Xu and others},
  journal={arXiv preprint arXiv:2310.15261},
  year={2023}
}

@misc{carlini2018audioadversarialexamplestargeted,
      title={Audio Adversarial Examples: Targeted Attacks on Speech-to-Text}, 
      author={Nicholas Carlini and David Wagner},
      year={2018},
      eprint={1801.01944},
      archivePrefix={arXiv},
      primaryClass={cs.LG},
      url={https://arxiv.org/abs/1801.01944}, 
}

@misc{chacko2024adversarialattackslargelanguage,
      title={Adversarial Attacks on Large Language Models Using Regularized Relaxation}, 
      author={Samuel Jacob Chacko and Sajib Biswas and Chashi Mahiul Islam and Fatema Tabassum Liza and Xiuwen Liu},
      year={2024},
      eprint={2410.19160},
      archivePrefix={arXiv},
      primaryClass={cs.LG},
      url={https://arxiv.org/abs/2410.19160}, 
}

@article{chakraborty2021survey,
  title={A survey on adversarial attacks and defences},
  author={Chakraborty, Anirban and Alam, Manaar and Dey, Vishal and Chattopadhyay, Anupam and Mukhopadhyay, Debdeep},
  journal={CAAI Transactions on Intelligence Technology},
  volume={6},
  number={1},
  pages={25--45},
  year={2021},
  publisher={Wiley Online Library}
}

@article{chen2025janus,
  title={Janus-Pro: Unified Multimodal Understanding and Generation with Data and Model Scaling},
  author={Chen, Xiaokang and Wu, Zhiyu and Liu, Xingchao and Pan, Zizheng and Liu, Wen and Xie, Zhenda and Yu, Xingkai and Ruan, Chong},
  journal={arXiv preprint arXiv:2501.17811},
  year={2025}
}

@article{goodfellow2014explaining,
  title={Explaining and harnessing adversarial examples},
  author={Goodfellow, Ian J and Shlens, Jonathon and Szegedy, Christian},
  journal={arXiv preprint arXiv:1412.6572},
  year={2014}
}

@article{guo2025deepseek,
  title={Deepseek-r1: Incentivizing reasoning capability in llms via reinforcement learning},
  author={Guo, Daya and Yang, Dejian and Zhang, Haowei and Song, Junxiao and Zhang, Ruoyu and Xu, Runxin and Zhu, Qihao and Ma, Shirong and Wang, Peiyi and Bi, Xiao and others},
  journal={arXiv preprint arXiv:2501.12948},
  year={2025}
}

@misc{islam2024maliciouspathmanipulationsexploitation,
      title={Malicious Path Manipulations via Exploitation of Representation Vulnerabilities of Vision-Language Navigation Systems}, 
      author={Chashi Mahiul Islam and Shaeke Salman and Montasir Shams and Xiuwen Liu and Piyush Kumar},
      year={2024},
      eprint={2407.07392},
      archivePrefix={arXiv},
      primaryClass={cs.RO},
      url={https://arxiv.org/abs/2407.07392}, 
}

@misc{jiang2019blackboxadversarialattacksvideo,
      title={Black-box Adversarial Attacks on Video Recognition Models}, 
      author={Linxi Jiang and Xingjun Ma and Shaoxiang Chen and James Bailey and Yu-Gang Jiang},
      year={2019},
      eprint={1904.05181},
      archivePrefix={arXiv},
      primaryClass={cs.LG},
      url={https://arxiv.org/abs/1904.05181}, 
}

@article{li2023blip,
  title={BLIP-2: Bootstrapped Language-Image Pre-training with Frozen Image Encoders and Large Language Models},
  author={Li, Junnan and Hu, Dongxu and Xie, Jinyu and Wu, Lijuan and Jain, Anirudh and Liu, Pengchuan and Zhang, Lei and Hwang, Jenq-Neng and Gao, Jianfeng},
  journal={arXiv preprint arXiv:2301.12597},
  year={2023}
}

@article{liu2024visual,
  title={Visual instruction tuning},
  author={Liu, Haotian and Li, Chunyuan and Wu, Qingyang and Lee, Yong Jae},
  journal={Advances in neural information processing systems},
  volume={36},
  year={2024}
}

@article{lu2024test,
  title={Test-time backdoor attacks on multimodal large language models},
  author={Lu, Dong and Pang, Tianyu and Du, Chao and Liu, Qian and Yang, Xianjun and Lin, Min},
  journal={arXiv preprint arXiv:2402.08577},
  year={2024}
}

@misc{ma2024janusflow,
      title={JanusFlow: Harmonizing Autoregression and Rectified Flow for Unified Multimodal Understanding and Generation}, 
      author={Yiyang Ma and Xingchao Liu and Xiaokang Chen and Wen Liu and Chengyue Wu and Zhiyu Wu and Zizheng Pan and Zhenda Xie and Haowei Zhang and Xingkai yu and Liang Zhao and Yisong Wang and Jiaying Liu and Chong Ruan},
      journal={arXiv preprint arXiv:2411.07975},
      year={2024}
}

@article{mahima2021adversarial,
  title={Adversarial Attacks and Defense Technologies on Autonomous Vehicles: A Review.},
  author={Mahima, KT Yasas and Ayoob, Mohamed and Poravi, Guhanathan},
  journal={Appl. Comput. Syst.},
  volume={26},
  number={2},
  pages={96--106},
  year={2021}
}

@article{mkadry2017towards,
  title={Towards deep learning models resistant to adversarial attacks},
  author={M{\k{a}}dry, Aleksander and Makelov, Aleksandar and Schmidt, Ludwig and Tsipras, Dimitris and Vladu, Adrian},
  journal={stat},
  volume={1050},
  number={9},
  year={2017}
}

@misc{moosavidezfooli2017universaladversarialperturbations,
      title={Universal adversarial perturbations}, 
      author={Seyed-Mohsen Moosavi-Dezfooli and Alhussein Fawzi and Omar Fawzi and Pascal Frossard},
      year={2017},
      eprint={1610.08401},
      archivePrefix={arXiv},
      primaryClass={cs.CV},
      url={https://arxiv.org/abs/1610.08401}, 
}

@inproceedings{papernot2016limitations,
  title={The limitations of deep learning in adversarial settings},
  author={Papernot, Nicolas and McDaniel, Patrick and Jha, Somesh and Fredrikson, Matt and Celik, Z Berkay and Swami, Ananthram},
  booktitle={2016 IEEE European symposium on security and privacy (EuroS\&P)},
  pages={372--387},
  year={2016},
  organization={IEEE}
}

@article{shahriar2024putting,
  title={Putting gpt-4o to the sword: A comprehensive evaluation of language, vision, speech, and multimodal proficiency},
  author={Shahriar, Sakib and Lund, Brady D and Mannuru, Nishith Reddy and Arshad, Muhammad Arbab and Hayawi, Kadhim and Bevara, Ravi Varma Kumar and Mannuru, Aashrith and Batool, Laiba},
  journal={Applied Sciences},
  volume={14},
  number={17},
  pages={7782},
  year={2024},
  publisher={MDPI}
}

@inproceedings{wan2023poisoning,
  title={Poisoning language models during instruction tuning},
  author={Wan, Alexander and Wallace, Eric and Shen, Sheng and Klein, Dan},
  booktitle={International Conference on Machine Learning},
  pages={35413--35425},
  year={2023},
  organization={PMLR}
}

@article{wu2024janus,
  title={Janus: Decoupling visual encoding for unified multimodal understanding and generation},
  author={Wu, Chengyue and Chen, Xiaokang and Wu, Zhiyu and Ma, Yiyang and Liu, Xingchao and Pan, Zizheng and Liu, Wen and Xie, Zhenda and Yu, Xingkai and Ruan, Chong and others},
  journal={arXiv preprint arXiv:2410.13848},
  year={2024}
}

@article{zhu2023minigpt,
  title={MiniGPT-4: Enhancing vision-language understanding with advanced large language models},
  author={Zhu, Deyao and Xu, Junnan and Zhang, Zhegan and Zhang, Xiaohua},
  journal={arXiv preprint arXiv:2304.10592},
  year={2023}
}

@misc{zou2023universaltransferableadversarialattacks,
      title={Universal and Transferable Adversarial Attacks on Aligned Language Models}, 
      author={Andy Zou and Zifan Wang and Nicholas Carlini and Milad Nasr and J. Zico Kolter and Matt Fredrikson},
      year={2023},
      eprint={2307.15043},
      archivePrefix={arXiv},
      primaryClass={cs.CL},
      url={https://arxiv.org/abs/2307.15043}, 
}

