@inproceedings{akcay2019ganomaly,
  title={Ganomaly: Semi-supervised anomaly detection via adversarial training},
  author={Akcay, Samet and Atapour-Abarghouei, Amir and Breckon, Toby P},
  booktitle={Computer Vision--ACCV 2018: 14th Asian Conference on Computer Vision, Perth, Australia, December 2--6, 2018, Revised Selected Papers, Part III 14},
  pages={622--637},
  year={2019},
  organization={Springer}
}

@inproceedings{akccay2019skip,
  title={Skip-ganomaly: Skip connected and adversarially trained encoder-decoder anomaly detection},
  author={Ak{\c{c}}ay, Samet and Atapour-Abarghouei, Amir and Breckon, Toby P},
  booktitle={2019 International Joint Conference on Neural Networks (IJCNN)},
  pages={1--8},
  year={2019},
  organization={IEEE}
}

@article{bergmann2018improving,
  title={Improving unsupervised defect segmentation by applying structural similarity to autoencoders},
  author={Bergmann, Paul and L{\"o}we, Sindy and Fauser, Michael and Sattlegger, David and Steger, Carsten},
  journal={arXiv preprint arXiv:1807.02011},
  year={2018}
}

@inproceedings{bergmann2020uninformed,
  title={Uninformed students: Student-teacher anomaly detection with discriminative latent embeddings},
  author={Bergmann, Paul and Fauser, Michael and Sattlegger, David and Steger, Carsten},
  booktitle={Proceedings of the IEEE/CVF conference on computer vision and pattern recognition},
  pages={4183--4192},
  year={2020}
}

@article{cao2022informative,
  title={Informative knowledge distillation for image anomaly segmentation},
  author={Cao, Yunkang and Wan, Qian and Shen, Weiming and Gao, Liang},
  journal={Knowledge-Based Systems},
  volume={248},
  pages={108846},
  year={2022},
  publisher={Elsevier}
}

@article{cao2023collaborative,
  title={Collaborative discrepancy optimization for reliable image anomaly localization},
  author={Cao, Yunkang and Xu, Xiaohao and Liu, Zhaoge and Shen, Weiming},
  journal={IEEE Transactions on Industrial Informatics},
  volume={19},
  number={11},
  pages={10674--10683},
  year={2023},
  publisher={IEEE}
}

@inproceedings{defard2021padim,
  title={Padim: a patch distribution modeling framework for anomaly detection and localization},
  author={Defard, Thomas and Setkov, Aleksandr and Loesch, Angelique and Audigier, Romaric},
  booktitle={International Conference on Pattern Recognition},
  pages={475--489},
  year={2021},
  organization={Springer}
}

@inproceedings{deng2022anomaly,
  title={Anomaly detection via reverse distillation from one-class embedding},
  author={Deng, Hanqiu and Li, Xingyu},
  booktitle={Proceedings of the IEEE/CVF conference on computer vision and pattern recognition},
  pages={9737--9746},
  year={2022}
}

@article{dinh2016density,
  title={Density estimation using real nvp},
  author={Dinh, Laurent and Sohl-Dickstein, Jascha and Bengio, Samy},
  journal={arXiv preprint arXiv:1605.08803},
  year={2016}
}

@inproceedings{gong2019memorizing,
  title={Memorizing normality to detect anomaly: Memory-augmented deep autoencoder for unsupervised anomaly detection},
  author={Gong, Dong and Liu, Lingqiao and Le, Vuong and Saha, Budhaditya and Mansour, Moussa Reda and Venkatesh, Svetha and Hengel, Anton van den},
  booktitle={Proceedings of the IEEE/CVF international conference on computer vision},
  pages={1705--1714},
  year={2019}
}

@article{goodfellow2014generative,
  title={Generative adversarial nets},
  author={Goodfellow, Ian and Pouget-Abadie, Jean and Mirza, Mehdi and Xu, Bing and Warde-Farley, David and Ozair, Sherjil and Courville, Aaron and Bengio, Yoshua},
  journal={Advances in neural information processing systems},
  volume={27},
  year={2014}
}

@inproceedings{gudovskiy2022cflow,
  title={Cflow-ad: Real-time unsupervised anomaly detection with localization via conditional normalizing flows},
  author={Gudovskiy, Denis and Ishizaka, Shun and Kozuka, Kazuki},
  booktitle={Proceedings of the IEEE/CVF winter conference on applications of computer vision},
  pages={98--107},
  year={2022}
}

@inproceedings{he2020momentum,
  title={Momentum contrast for unsupervised visual representation learning},
  author={He, Kaiming and Fan, Haoqi and Wu, Yuxin and Xie, Saining and Girshick, Ross},
  booktitle={Proceedings of the IEEE/CVF conference on computer vision and pattern recognition},
  pages={9729--9738},
  year={2020}
}

@article{hinton2015distilling,
  title={Distilling the Knowledge in a Neural Network},
  author={Hinton, Geoffrey},
  journal={arXiv preprint arXiv:1503.02531},
  year={2015}
}

@article{ho2020denoising,
  title={Denoising diffusion probabilistic models},
  author={Ho, Jonathan and Jain, Ajay and Abbeel, Pieter},
  journal={Advances in neural information processing systems},
  volume={33},
  pages={6840--6851},
  year={2020}
}

@article{kang2024anomaly,
  title={Anomaly detection in concrete dam using memory-augmented autoencoder and generative adversarial network (MemAE-GAN)},
  author={Kang, Xinyu and Li, Yanlong and Zhang, Ye and Ma, Ning and Wen, Lifeng},
  journal={Automation in Construction},
  volume={168},
  pages={105794},
  year={2024},
  publisher={Elsevier}
}

@article{kingma2013auto,
  title={Auto-encoding variational bayes},
  author={Kingma, Diederik P},
  journal={arXiv preprint arXiv:1312.6114},
  year={2013}
}

@inproceedings{li2021cutpaste,
  title={Cutpaste: Self-supervised learning for anomaly detection and localization},
  author={Li, Chun-Liang and Sohn, Kihyuk and Yoon, Jinsung and Pfister, Tomas},
  booktitle={Proceedings of the IEEE/CVF conference on computer vision and pattern recognition},
  pages={9664--9674},
  year={2021}
}

@inproceedings{li2023your,
  title={Your diffusion model is secretly a zero-shot classifier},
  author={Li, Alexander C and Prabhudesai, Mihir and Duggal, Shivam and Brown, Ellis and Pathak, Deepak},
  booktitle={Proceedings of the IEEE/CVF International Conference on Computer Vision},
  pages={2206--2217},
  year={2023}
}

@inproceedings{lin2017feature,
  title={Feature pyramid networks for object detection},
  author={Lin, Tsung-Yi and Doll{\'a}r, Piotr and Girshick, Ross and He, Kaiming and Hariharan, Bharath and Belongie, Serge},
  booktitle={Proceedings of the IEEE conference on computer vision and pattern recognition},
  pages={2117--2125},
  year={2017}
}

@article{mukhopadhyay2023diffusion,
  title={Diffusion models beat gans on image classification},
  author={Mukhopadhyay, Soumik and Gwilliam, Matthew and Agarwal, Vatsal and Padmanabhan, Namitha and Swaminathan, Archana and Hegde, Srinidhi and Zhou, Tianyi and Shrivastava, Abhinav},
  journal={arXiv preprint arXiv:2307.08702},
  year={2023}
}

@inproceedings{rombach2022high,
  title={High-resolution image synthesis with latent diffusion models},
  author={Rombach, Robin and Blattmann, Andreas and Lorenz, Dominik and Esser, Patrick and Ommer, Bj{\"o}rn},
  booktitle={Proceedings of the IEEE/CVF conference on computer vision and pattern recognition},
  pages={10684--10695},
  year={2022}
}

@inproceedings{roth2022towards,
  title={Towards total recall in industrial anomaly detection},
  author={Roth, Karsten and Pemula, Latha and Zepeda, Joaquin and Sch{\"o}lkopf, Bernhard and Brox, Thomas and Gehler, Peter},
  booktitle={Proceedings of the IEEE/CVF conference on computer vision and pattern recognition},
  pages={14318--14328},
  year={2022}
}

@inproceedings{salehi2021multiresolution,
  title={Multiresolution knowledge distillation for anomaly detection},
  author={Salehi, Mohammadreza and Sadjadi, Niousha and Baselizadeh, Soroosh and Rohban, Mohammad H and Rabiee, Hamid R},
  booktitle={Proceedings of the IEEE/CVF conference on computer vision and pattern recognition},
  pages={14902--14912},
  year={2021}
}

@inproceedings{schlegl2017unsupervised,
  title={Unsupervised anomaly detection with generative adversarial networks to guide marker discovery},
  author={Schlegl, Thomas and Seeb{\"o}ck, Philipp and Waldstein, Sebastian M and Schmidt-Erfurth, Ursula and Langs, Georg},
  booktitle={International conference on information processing in medical imaging},
  pages={146--157},
  year={2017},
  organization={Springer}
}

@inproceedings{schluter2022natural,
  title={Natural synthetic anomalies for self-supervised anomaly detection and localization},
  author={Schl{\"u}ter, Hannah M and Tan, Jeremy and Hou, Benjamin and Kainz, Bernhard},
  booktitle={European Conference on Computer Vision},
  pages={474--489},
  year={2022},
  organization={Springer}
}

@article{tao2022unsupervised,
  title={Unsupervised anomaly detection for surface defects with dual-siamese network},
  author={Tao, Xian and Zhang, Dapeng and Ma, Wenzhi and Hou, Zhanxin and Lu, ZhenFeng and Adak, Chandranath},
  journal={IEEE Transactions on Industrial Informatics},
  volume={18},
  number={11},
  pages={7707--7717},
  year={2022},
  publisher={IEEE}
}

@inproceedings{vincent2008extracting,
  title={Extracting and composing robust features with denoising autoencoders},
  author={Vincent, Pascal and Larochelle, Hugo and Bengio, Yoshua and Manzagol, Pierre-Antoine},
  booktitle={Proceedings of the 25th international conference on Machine learning},
  pages={1096--1103},
  year={2008}
}

@inproceedings{wyatt2022anoddpm,
  title={Anoddpm: Anomaly detection with denoising diffusion probabilistic models using simplex noise},
  author={Wyatt, Julian and Leach, Adam and Schmon, Sebastian M and Willcocks, Chris G},
  booktitle={Proceedings of the IEEE/CVF Conference on Computer Vision and Pattern Recognition},
  pages={650--656},
  year={2022}
}

@article{yang2020dfr,
  title={Dfr: Deep feature reconstruction for unsupervised anomaly segmentation},
  author={Yang, Jie and Shi, Yong and Qi, Zhiquan},
  journal={arXiv preprint arXiv:2012.07122},
  year={2020}
}

@article{yu2021fastflow,
  title={Fastflow: Unsupervised anomaly detection and localization via 2d normalizing flows},
  author={Yu, Jiawei and Zheng, Ye and Wang, Xiang and Li, Wei and Wu, Yushuang and Zhao, Rui and Wu, Liwei},
  journal={arXiv preprint arXiv:2111.07677},
  year={2021}
}

@article{yuan2023causality,
  title={Causality-aware Concept Extraction based on Knowledge-guided Prompting},
  author={Yuan, Siyu and Yang, Deqing and Liu, Jinxi and Tian, Shuyu and Liang, Jiaqing and Xiao, Yanghua and Xie, Rui},
  journal={arXiv preprint arXiv:2305.01876},
  year={2023}
}

@inproceedings{zavrtanik2021draem,
  title={Draem-a discriminatively trained reconstruction embedding for surface anomaly detection},
  author={Zavrtanik, Vitjan and Kristan, Matej and Sko{\v{c}}aj, Danijel},
  booktitle={Proceedings of the IEEE/CVF international conference on computer vision},
  pages={8330--8339},
  year={2021}
}

@article{zavrtanik2021reconstruction,
  title={Reconstruction by inpainting for visual anomaly detection},
  author={Zavrtanik, Vitjan and Kristan, Matej and Sko{\v{c}}aj, Danijel},
  journal={Pattern Recognition},
  volume={112},
  pages={107706},
  year={2021},
  publisher={Elsevier}
}

@inproceedings{zhang2023destseg,
  title={Destseg: Segmentation guided denoising student-teacher for anomaly detection},
  author={Zhang, Xuan and Li, Shiyu and Li, Xi and Huang, Ping and Shan, Jiulong and Chen, Ting},
  booktitle={Proceedings of the IEEE/CVF Conference on Computer Vision and Pattern Recognition},
  pages={3914--3923},
  year={2023}
}

@inproceedings{zhang2023prototypical,
  title={Prototypical residual networks for anomaly detection and localization},
  author={Zhang, Hui and Wu, Zuxuan and Wang, Zheng and Chen, Zhineng and Jiang, Yu-Gang},
  booktitle={Proceedings of the IEEE/CVF Conference on Computer Vision and Pattern Recognition},
  pages={16281--16291},
  year={2023}
}

@inproceedings{zhang2024realnet,
  title={RealNet: A feature selection network with realistic synthetic anomaly for anomaly detection},
  author={Zhang, Ximiao and Xu, Min and Zhou, Xiuzhuang},
  booktitle={Proceedings of the IEEE/CVF Conference on Computer Vision and Pattern Recognition},
  pages={16699--16708},
  year={2024}
}

