@article{yin2024masked,
  title={Masked Memory Network for Semi-Supervised Anomaly Detection in Internet of Things},
  author={Yin, Jiaxin and Qiao, Yuanyuan and Dai, Zunkai and Zhou, Zitang and Wang, Xiangchao and Lin, Wenhui and Yang, Jie},
  journal={IEEE Internet of Things Journal},
  year={2024},
  publisher={IEEE}
}

@article{yin2024anomaly,
  title={An anomaly detection model based on deep auto-encoder and capsule graph convolution via sparrow search algorithm in 6G internet-of-everything},
  author={Yin, Shoulin and Li, Hang and Laghari, Asif Ali and Gadekallu, Thippa Reddy and Sampedro, Gabriel Avelino and Almadhor, Ahmad},
  journal={IEEE Internet of Things Journal},
  year={2024},
  publisher={IEEE}
}

@article{wu2024novel,
  title={A Novel Few-shot Deep Transfer Learning Method for Anomaly Detection: Deep Domain-Adversarial Contrastive Network With Time-Frequency Transferability Analytics},
  author={Wu, Jianing and Mao, Wentao and Zhang, Yanna and Fan, Lilin and Zhong, Zhidan},
  journal={IEEE Internet of Things Journal},
  year={2024},
  publisher={IEEE}
}

@article{wu20236g,
  title={6G-enabled anomaly detection for metaverse healthcare analytics in Internet of Things},
  author={Wu, Xiaotong and Yang, Yihong and Bilal, Muhammad and Qi, Lianyong and Xu, Xiaolong},
  journal={IEEE Journal of Biomedical and Health Informatics},
  year={2023},
  publisher={IEEE}
}

@article{yue2024patch,
  title={Patch-Masked Visual Inspection via Parallel Deep Tensor Factorization in Industrial Internet of Things},
  author={Yue, Gang and Sun, Zhuo and Fan, Jinpo and Peng, Di},
  journal={IEEE Internet of Things Journal},
  year={2024},
  publisher={IEEE}
}

@article{chu2021hybrid,
  title={Hybrid-learning-based operational visual quality inspection for edge-computing-enabled IoT system},
  author={Chu, Yinghao and Feng, Daquan and Liu, Zuozhu and Zhao, Zizhou and Wang, Zhenzhong and Xia, Xiang-Gen and Quek, Tony QS},
  journal={IEEE Internet of Things Journal},
  volume={9},
  number={7},
  pages={4958--4972},
  year={2021},
  publisher={IEEE}
}

@article{shen2025long,
  title={Long-Term TalkingFace Generation via Motion-Prior Conditional Diffusion Model},
  author={Shen, Fei and Wang, Cong and Gao, Junyao and Guo, Qin and Dang, Jisheng and Tang, Jinhui and Chua, Tat-Seng},
  journal={arXiv preprint arXiv:2502.09533},
  year={2025}
}

@inproceedings{shen2024imagpose,
  title={IMAGPose: A Unified Conditional Framework for Pose-Guided Person Generation},
  author={Shen, Fei and Tang, Jinhui},
  booktitle={The Thirty-eighth Annual Conference on Neural Information Processing Systems},
  year={2024}
}


@article{dinh2016density,
  title={Density estimation using real nvp},
  author={Dinh, Laurent and Sohl-Dickstein, Jascha and Bengio, Samy},
  journal={arXiv preprint arXiv:1605.08803},
  year={2016}
}

@inproceedings{gong2019memorizing,
  title={Memorizing normality to detect anomaly: Memory-augmented deep autoencoder for unsupervised anomaly detection},
  author={Gong, Dong and Liu, Lingqiao and Le, Vuong and Saha, Budhaditya and Mansour, Moussa Reda and Venkatesh, Svetha and Hengel, Anton van den},
  booktitle={Proceedings of the IEEE/CVF international conference on computer vision},
  pages={1705--1714},
  year={2019}
}

@article{ho2020denoising,
  title={Denoising diffusion probabilistic models},
  author={Ho, Jonathan and Jain, Ajay and Abbeel, Pieter},
  journal={Advances in neural information processing systems},
  volume={33},
  pages={6840--6851},
  year={2020}
}



@article{shen2024boosting,
  title={Boosting Consistency in Story Visualization with Rich-Contextual Conditional Diffusion Models},
  author={Shen, Fei and Ye, Hu and Liu, Sibo and Zhang, Jun and Wang, Cong and Han, Xiao and Yang, Wei},
  journal={arXiv preprint arXiv:2407.02482},
  year={2024}
}

@inproceedings{gao2024exploring,
  title={Exploring Warping-Guided Features via Adaptive Latent Diffusion Model for Virtual try-on},
  author={Gao, Bo and Ren, Junchi and Shen, Fei and Wei, Mengwan and Huang, Zijun},
  booktitle={2024 IEEE International Conference on Multimedia and Expo (ICME)},
  pages={1--6},
  year={2024},
  organization={IEEE}
}

@inproceedings{ren2022balanced,
  title={Balanced mse for imbalanced visual regression},
  author={Ren, Jiawei and Zhang, Mingyuan and Yu, Cunjun and Liu, Ziwei},
  booktitle={Proceedings of the IEEE/CVF Conference on Computer Vision and Pattern Recognition},
  pages={7926--7935},
  year={2022}
}

@article{cao2022informative,
  title={Informative knowledge distillation for image anomaly segmentation},
  author={Cao, Yunkang and Wan, Qian and Shen, Weiming and Gao, Liang},
  journal={Knowledge-Based Systems},
  volume={248},
  pages={108846},
  year={2022},
  publisher={Elsevier}
}

@article{shen2024imagdressing,
  title={IMAGDressing-v1: Customizable Virtual Dressing},
  author={Shen, Fei and Jiang, Xin and He, Xin and Ye, Hu and Wang, Cong and Du, Xiaoyu and Li, Zechao and Tang, Jinghui},
  journal={arXiv preprint arXiv:2407.12705},
  year={2024}
}


@article{shen2023advancing,
  title={Advancing pose-guided image synthesis with progressive conditional diffusion models},
  author={Shen, Fei and Ye, Hu and Zhang, Jun and Wang, Cong and Han, Xiao and Yang, Wei},
  journal={arXiv preprint arXiv:2310.06313},
  year={2023}
}

@inproceedings{bergmann2020uninformed,
  title={Uninformed students: Student-teacher anomaly detection with discriminative latent embeddings},
  author={Bergmann, Paul and Fauser, Michael and Sattlegger, David and Steger, Carsten},
  booktitle={Proceedings of the IEEE/CVF conference on computer vision and pattern recognition},
  pages={4183--4192},
  year={2020}
}

@inproceedings{salehi2021multiresolution,
  title={Multiresolution knowledge distillation for anomaly detection},
  author={Salehi, Mohammadreza and Sadjadi, Niousha and Baselizadeh, Soroosh and Rohban, Mohammad H and Rabiee, Hamid R},
  booktitle={Proceedings of the IEEE/CVF conference on computer vision and pattern recognition},
  pages={14902--14912},
  year={2021}
}

@article{bergmann2018improving,
  title={Improving unsupervised defect segmentation by applying structural similarity to autoencoders},
  author={Bergmann, Paul and L{\"o}we, Sindy and Fauser, Michael and Sattlegger, David and Steger, Carsten},
  journal={arXiv preprint arXiv:1807.02011},
  year={2018}
}

@inproceedings{deng2022anomaly,
  title={Anomaly detection via reverse distillation from one-class embedding},
  author={Deng, Hanqiu and Li, Xingyu},
  booktitle={Proceedings of the IEEE/CVF conference on computer vision and pattern recognition},
  pages={9737--9746},
  year={2022}
}

@article{yang2020dfr,
  title={Dfr: Deep feature reconstruction for unsupervised anomaly segmentation},
  author={Yang, Jie and Shi, Yong and Qi, Zhiquan},
  journal={arXiv preprint arXiv:2012.07122},
  year={2020}
}

@article{zavrtanik2021reconstruction,
  title={Reconstruction by inpainting for visual anomaly detection},
  author={Zavrtanik, Vitjan and Kristan, Matej and Sko{\v{c}}aj, Danijel},
  journal={Pattern Recognition},
  volume={112},
  pages={107706},
  year={2021},
  publisher={Elsevier}
}

@inproceedings{zhang2024realnet,
  title={RealNet: A feature selection network with realistic synthetic anomaly for anomaly detection},
  author={Zhang, Ximiao and Xu, Min and Zhou, Xiuzhuang},
  booktitle={Proceedings of the IEEE/CVF Conference on Computer Vision and Pattern Recognition},
  pages={16699--16708},
  year={2024}
}

@inproceedings{li2021cutpaste,
  title={Cutpaste: Self-supervised learning for anomaly detection and localization},
  author={Li, Chun-Liang and Sohn, Kihyuk and Yoon, Jinsung and Pfister, Tomas},
  booktitle={Proceedings of the IEEE/CVF conference on computer vision and pattern recognition},
  pages={9664--9674},
  year={2021}
}

@inproceedings{zhang2023prototypical,
  title={Prototypical residual networks for anomaly detection and localization},
  author={Zhang, Hui and Wu, Zuxuan and Wang, Zheng and Chen, Zhineng and Jiang, Yu-Gang},
  booktitle={Proceedings of the IEEE/CVF Conference on Computer Vision and Pattern Recognition},
  pages={16281--16291},
  year={2023}
}

@article{goodfellow2014generative,
  title={Generative adversarial nets},
  author={Goodfellow, Ian and Pouget-Abadie, Jean and Mirza, Mehdi and Xu, Bing and Warde-Farley, David and Ozair, Sherjil and Courville, Aaron and Bengio, Yoshua},
  journal={Advances in neural information processing systems},
  volume={27},
  year={2014}
}

@inproceedings{vincent2008extracting,
  title={Extracting and composing robust features with denoising autoencoders},
  author={Vincent, Pascal and Larochelle, Hugo and Bengio, Yoshua and Manzagol, Pierre-Antoine},
  booktitle={Proceedings of the 25th international conference on Machine learning},
  pages={1096--1103},
  year={2008}
}

@inproceedings{schlegl2017unsupervised,
  title={Unsupervised anomaly detection with generative adversarial networks to guide marker discovery},
  author={Schlegl, Thomas and Seeb{\"o}ck, Philipp and Waldstein, Sebastian M and Schmidt-Erfurth, Ursula and Langs, Georg},
  booktitle={International conference on information processing in medical imaging},
  pages={146--157},
  year={2017},
  organization={Springer}
}

@inproceedings{akcay2019ganomaly,
  title={Ganomaly: Semi-supervised anomaly detection via adversarial training},
  author={Akcay, Samet and Atapour-Abarghouei, Amir and Breckon, Toby P},
  booktitle={Computer Vision--ACCV 2018: 14th Asian Conference on Computer Vision, Perth, Australia, December 2--6, 2018, Revised Selected Papers, Part III 14},
  pages={622--637},
  year={2019},
  organization={Springer}
}

@article{kingma2013auto,
  title={Auto-encoding variational bayes},
  author={Kingma, Diederik P},
  journal={arXiv preprint arXiv:1312.6114},
  year={2013}
}

@inproceedings{gudovskiy2022cflow,
  title={Cflow-ad: Real-time unsupervised anomaly detection with localization via conditional normalizing flows},
  author={Gudovskiy, Denis and Ishizaka, Shun and Kozuka, Kazuki},
  booktitle={Proceedings of the IEEE/CVF winter conference on applications of computer vision},
  pages={98--107},
  year={2022}
}

@article{yu2021fastflow,
  title={Fastflow: Unsupervised anomaly detection and localization via 2d normalizing flows},
  author={Yu, Jiawei and Zheng, Ye and Wang, Xiang and Li, Wei and Wu, Yushuang and Zhao, Rui and Wu, Liwei},
  journal={arXiv preprint arXiv:2111.07677},
  year={2021}
}

@inproceedings{wyatt2022anoddpm,
  title={Anoddpm: Anomaly detection with denoising diffusion probabilistic models using simplex noise},
  author={Wyatt, Julian and Leach, Adam and Schmon, Sebastian M and Willcocks, Chris G},
  booktitle={Proceedings of the IEEE/CVF Conference on Computer Vision and Pattern Recognition},
  pages={650--656},
  year={2022}
}

@inproceedings{zavrtanik2021draem,
  title={Draem-a discriminatively trained reconstruction embedding for surface anomaly detection},
  author={Zavrtanik, Vitjan and Kristan, Matej and Sko{\v{c}}aj, Danijel},
  booktitle={Proceedings of the IEEE/CVF international conference on computer vision},
  pages={8330--8339},
  year={2021}
}

@inproceedings{rombach2022high,
  title={High-resolution image synthesis with latent diffusion models},
  author={Rombach, Robin and Blattmann, Andreas and Lorenz, Dominik and Esser, Patrick and Ommer, Bj{\"o}rn},
  booktitle={Proceedings of the IEEE/CVF conference on computer vision and pattern recognition},
  pages={10684--10695},
  year={2022}
}

@inproceedings{lin2017feature,
  title={Feature pyramid networks for object detection},
  author={Lin, Tsung-Yi and Doll{\'a}r, Piotr and Girshick, Ross and He, Kaiming and Hariharan, Bharath and Belongie, Serge},
  booktitle={Proceedings of the IEEE conference on computer vision and pattern recognition},
  pages={2117--2125},
  year={2017}
}

@article{hinton2015distilling,
  title={Distilling the Knowledge in a Neural Network},
  author={Hinton, Geoffrey},
  journal={arXiv preprint arXiv:1503.02531},
  year={2015}
}

@article{cao2023collaborative,
  title={Collaborative discrepancy optimization for reliable image anomaly localization},
  author={Cao, Yunkang and Xu, Xiaohao and Liu, Zhaoge and Shen, Weiming},
  journal={IEEE Transactions on Industrial Informatics},
  volume={19},
  number={11},
  pages={10674--10683},
  year={2023},
  publisher={IEEE}
}

@inproceedings{he2020momentum,
  title={Momentum contrast for unsupervised visual representation learning},
  author={He, Kaiming and Fan, Haoqi and Wu, Yuxin and Xie, Saining and Girshick, Ross},
  booktitle={Proceedings of the IEEE/CVF conference on computer vision and pattern recognition},
  pages={9729--9738},
  year={2020}
}

@article{tao2022unsupervised,
  title={Unsupervised anomaly detection for surface defects with dual-siamese network},
  author={Tao, Xian and Zhang, Dapeng and Ma, Wenzhi and Hou, Zhanxin and Lu, ZhenFeng and Adak, Chandranath},
  journal={IEEE Transactions on Industrial Informatics},
  volume={18},
  number={11},
  pages={7707--7717},
  year={2022},
  publisher={IEEE}
}

@article{yuan2023causality,
  title={Causality-aware Concept Extraction based on Knowledge-guided Prompting},
  author={Yuan, Siyu and Yang, Deqing and Liu, Jinxi and Tian, Shuyu and Liang, Jiaqing and Xiao, Yanghua and Xie, Rui},
  journal={arXiv preprint arXiv:2305.01876},
  year={2023}
}

@inproceedings{schluter2022natural,
  title={Natural synthetic anomalies for self-supervised anomaly detection and localization},
  author={Schl{\"u}ter, Hannah M and Tan, Jeremy and Hou, Benjamin and Kainz, Bernhard},
  booktitle={European Conference on Computer Vision},
  pages={474--489},
  year={2022},
  organization={Springer}
}

@inproceedings{zhang2023destseg,
  title={Destseg: Segmentation guided denoising student-teacher for anomaly detection},
  author={Zhang, Xuan and Li, Shiyu and Li, Xi and Huang, Ping and Shan, Jiulong and Chen, Ting},
  booktitle={Proceedings of the IEEE/CVF Conference on Computer Vision and Pattern Recognition},
  pages={3914--3923},
  year={2023}
}

@article{kang2024anomaly,
  title={Anomaly detection in concrete dam using memory-augmented autoencoder and generative adversarial network (MemAE-GAN)},
  author={Kang, Xinyu and Li, Yanlong and Zhang, Ye and Ma, Ning and Wen, Lifeng},
  journal={Automation in Construction},
  volume={168},
  pages={105794},
  year={2024},
  publisher={Elsevier}
}

@article{kim2021comparing,
  title={Comparing kullback-leibler divergence and mean squared error loss in knowledge distillation},
  author={Kim, Taehyeon and Oh, Jaehoon and Kim, NakYil and Cho, Sangwook and Yun, Se-Young},
  journal={arXiv preprint arXiv:2105.08919},
  year={2021}
}

@article{kingma2021variational,
  title={Variational diffusion models},
  author={Kingma, Diederik and Salimans, Tim and Poole, Ben and Ho, Jonathan},
  journal={Advances in neural information processing systems},
  volume={34},
  pages={21696--21707},
  year={2021}
}

@article{cheng2021per,
  title={Per-pixel classification is not all you need for semantic segmentation},
  author={Cheng, Bowen and Schwing, Alex and Kirillov, Alexander},
  journal={Advances in neural information processing systems},
  volume={34},
  pages={17864--17875},
  year={2021}
}

@inproceedings{li2019learning,
  title={Learning linear transformations for fast image and video style transfer},
  author={Li, Xueting and Liu, Sifei and Kautz, Jan and Yang, Ming-Hsuan},
  booktitle={Proceedings of the IEEE/CVF Conference on Computer Vision and Pattern Recognition},
  pages={3809--3817},
  year={2019}
}

@article{agarap2018deep,
  title={Deep learning using rectified linear units (relu)},
  author={Agarap, AF},
  journal={arXiv preprint arXiv:1803.08375},
  year={2018}
}

@article{ioffe2015batch,
  title={Batch normalization: Accelerating deep network training by reducing internal covariate shift},
  author={Ioffe, Sergey},
  journal={arXiv preprint arXiv:1502.03167},
  year={2015}
}

@inproceedings{bergmann2019mvtec,
  title={MVTec AD--A comprehensive real-world dataset for unsupervised anomaly detection},
  author={Bergmann, Paul and Fauser, Michael and Sattlegger, David and Steger, Carsten},
  booktitle={Proceedings of the IEEE/CVF conference on computer vision and pattern recognition},
  pages={9592--9600},
  year={2019}
}

@inproceedings{jezek2021deep,
  title={Deep learning-based defect detection of metal parts: evaluating current methods in complex conditions},
  author={Jezek, Stepan and Jonak, Martin and Burget, Radim and Dvorak, Pavel and Skotak, Milos},
  booktitle={2021 13th International congress on ultra modern telecommunications and control systems and workshops (ICUMT)},
  pages={66--71},
  year={2021},
  organization={IEEE}
}

@inproceedings{cimpoi2014describing,
  title={Describing textures in the wild},
  author={Cimpoi, Mircea and Maji, Subhransu and Kokkinos, Iasonas and Mohamed, Sammy and Vedaldi, Andrea},
  booktitle={Proceedings of the IEEE conference on computer vision and pattern recognition},
  pages={3606--3613},
  year={2014}
}

@inproceedings{roth2022towards,
  title={Towards total recall in industrial anomaly detection},
  author={Roth, Karsten and Pemula, Latha and Zepeda, Joaquin and Sch{\"o}lkopf, Bernhard and Brox, Thomas and Gehler, Peter},
  booktitle={Proceedings of the IEEE/CVF conference on computer vision and pattern recognition},
  pages={14318--14328},
  year={2022}
}

@inproceedings{liu2023simplenet,
  title={Simplenet: A simple network for image anomaly detection and localization},
  author={Liu, Zhikang and Zhou, Yiming and Xu, Yuansheng and Wang, Zilei},
  booktitle={Proceedings of the IEEE/CVF Conference on Computer Vision and Pattern Recognition},
  pages={20402--20411},
  year={2023}
}

@inproceedings{zavrtanik2022dsr,
  title={Dsr--a dual subspace re-projection network for surface anomaly detection},
  author={Zavrtanik, Vitjan and Kristan, Matej and Sko{\v{c}}aj, Danijel},
  booktitle={European conference on computer vision},
  pages={539--554},
  year={2022},
  organization={Springer}
}

@article{you2022unified,
  title={A unified model for multi-class anomaly detection},
  author={You, Zhiyuan and Cui, Lei and Shen, Yujun and Yang, Kai and Lu, Xin and Zheng, Yu and Le, Xinyi},
  journal={Advances in Neural Information Processing Systems},
  volume={35},
  pages={4571--4584},
  year={2022}
}

@inproceedings{tien2023revisiting,
  title={Revisiting reverse distillation for anomaly detection},
  author={Tien, Tran Dinh and Nguyen, Anh Tuan and Tran, Nguyen Hoang and Huy, Ta Duc and Duong, Soan and Nguyen, Chanh D Tr and Truong, Steven QH},
  booktitle={Proceedings of the IEEE/CVF conference on computer vision and pattern recognition},
  pages={24511--24520},
  year={2023}
}

@inproceedings{zhang2023unsupervised,
  title={Unsupervised surface anomaly detection with diffusion probabilistic model},
  author={Zhang, Xinyi and Li, Naiqi and Li, Jiawei and Dai, Tao and Jiang, Yong and Xia, Shu-Tao},
  booktitle={Proceedings of the IEEE/CVF International Conference on Computer Vision},
  pages={6782--6791},
  year={2023}
}

@inproceedings{defard2021padim,
  title={Padim: a patch distribution modeling framework for anomaly detection and localization},
  author={Defard, Thomas and Setkov, Aleksandr and Loesch, Angelique and Audigier, Romaric},
  booktitle={International Conference on Pattern Recognition},
  pages={475--489},
  year={2021},
  organization={Springer}
}

@article{cohen2020sub,
  title={Sub-image anomaly detection with deep pyramid correspondences},
  author={Cohen, Niv and Hoshen, Yedid},
  journal={arXiv preprint arXiv:2005.02357},
  year={2020}
}

@inproceedings{li2023your,
  title={Your diffusion model is secretly a zero-shot classifier},
  author={Li, Alexander C and Prabhudesai, Mihir and Duggal, Shivam and Brown, Ellis and Pathak, Deepak},
  booktitle={Proceedings of the IEEE/CVF International Conference on Computer Vision},
  pages={2206--2217},
  year={2023}
}

@article{mukhopadhyay2023diffusion,
  title={Diffusion models beat gans on image classification},
  author={Mukhopadhyay, Soumik and Gwilliam, Matthew and Agarwal, Vatsal and Padmanabhan, Namitha and Swaminathan, Archana and Hegde, Srinidhi and Zhou, Tianyi and Shrivastava, Abhinav},
  journal={arXiv preprint arXiv:2307.08702},
  year={2023}
}

@article{tang2020anomaly,
  title={Anomaly detection neural network with dual auto-encoders GAN and its industrial inspection applications},
  author={Tang, Ta-Wei and Kuo, Wei-Han and Lan, Jauh-Hsiang and Ding, Chien-Fang and Hsu, Hakiem and Young, Hong-Tsu},
  journal={Sensors},
  volume={20},
  number={12},
  pages={3336},
  year={2020},
  publisher={MDPI}
}

@inproceedings{akccay2019skip,
  title={Skip-ganomaly: Skip connected and adversarially trained encoder-decoder anomaly detection},
  author={Ak{\c{c}}ay, Samet and Atapour-Abarghouei, Amir and Breckon, Toby P},
  booktitle={2019 International Joint Conference on Neural Networks (IJCNN)},
  pages={1--8},
  year={2019},
  organization={IEEE}
}

