@inproceedings{daiNormExplicitQuantizationImproving2020,
  title = {Norm-Explicit Quantization: Improving Vector Quantization for Maximum Inner Product Search},
  booktitle = {The Thirty-Fourth AAAI Conference on Artificial Intelligence, AAAI 2020, The Thirty-Second Innovative Applications of Artificial Intelligence Conference, IAAI 2020, The Tenth AAAI Symposium on Educational Advances in Artificial Intelligence, EAAI 2020, New York, NY, USA, February 7-12, 2020},
  author = {Dai, Xinyan and Yan, Xiao and Ng, Kelvin Kai Wing and Liu, Jiu and Cheng, James},
  year = {2020},
  pages = {51--58},
}

@inproceedings{DBLP:conf/kdd/RamS19,
  title = {Revisiting Kd-Tree for Nearest Neighbor Search},
  booktitle = {Proceedings of the 25th ACM SIGKDD International Conference on Knowledge Discovery \& Data Mining, KDD 2019, Anchorage, AK, USA, August 4-8, 2019},
  author = {Ram, Parikshit and Sinha, Kaushik},
  editor = {Teredesai, Ankur and Kumar, Vipin and Li, Ying and Rosales, R{\'o}mer and Terzi, Evimaria and Karypis, George},
  year = {2019},
  pages = {1378--1388},
}

@article{DBLP:journals/pami/MujaL14,
  title = {Scalable Nearest Neighbor Algorithms for High Dimensional Data},
  author = {Muja, Marius and Lowe, David G.},
  year = {2014},
  journal = {IEEE Trans. Pattern Anal. Mach. Intell.},
  volume = {36},
  number = {11},
  pages = {2227--2240},
}

@article{DBLP:journals/pvldb/EchihabiPZ21,
  title = {New Trends in High-d Vector Similarity Search: AI-Driven, Progressive, and Distributed},
  author = {Echihabi, Karima and Palpanas, Themis and Zoumpatianos, Kostas},
  year = {2021},
  journal = {Proc. VLDB Endow.},
  volume = {14},
  number = {12},
  pages = {3198--3201},
}

@article{dobson2023scaling,
  title = {Scaling Graph-Based ANNS Algorithms to Billion-Size Datasets: A Comparative Analysis},
  author = {Dobson, Magdalen and Shen, Zheqi and Blelloch, Guy E. and Dhulipala, Laxman and Gu, Yan and Simhadri, Harsha Vardhan and Sun, Yihan},
  year = {2023},
  journal = {CoRR},
  volume = {abs/2305.04359}
}
@article{wang2021comprehensive,
  title = {A Comprehensive Survey and Experimental Comparison of Graph-Based Approximate Nearest Neighbor Search},
  author = {Wang, Mengzhao and Xu, Xiaoliang and Yue, Qiang and Wang, Yuxiang},
  year = {2021},
  journal = {Proceedings of the VLDB Endowment},
  volume = {14},
  number = {11},
  pages = {1964--1978}
}
@article{rng,
  author       = {Godfried T. Toussaint},
  title        = {The relative neighbourhood graph of a finite planar set},
  journal      = {Pattern Recognit.},
  volume       = {12},
  number       = {4},
  pages        = {261--268},
  year         = {1980},
}
@inproceedings{ANNForIR,
  author       = {Chun Jiang Zhu and
                  Tan Zhu and
                  Haining Li and
                  Jinbo Bi and
                  Minghu Song},
  title        = {Accelerating Large-Scale Molecular Similarity Search through Exploiting High Performance Computing},
  booktitle    = {2019 {IEEE} International Conference on Bioinformatics and Biomedicine,
                  {BIBM} 2019, San Diego, CA, USA, November 18-21, 2019},
  pages        = {330--333},
  year         = {2019},
}
@article{ANNForDPR,
  author       = {Wayne Xin Zhao and
                  Jing Liu and
                  Ruiyang Ren and
                  Ji{-}Rong Wen},
  title        = {Dense Text Retrieval based on Pretrained Language Models: {A} Survey},
  journal      = {CoRR},
  volume       = {abs/2211.14876},
  year         = {2022},
}
@inproceedings{ANNForRS,
  author       = {J. Ben Schafer and
                  Dan Frankowski and
                  Jonathan L. Herlocker and
                  Shilad Sen},
  title        = {Collaborative Filtering Recommender Systems},
  booktitle    = {The Adaptive Web, Methods and Strategies of Web Personalization},
  series       = {Lecture Notes in Computer Science},
  volume       = {4321},
  pages        = {291--324},
  year         = {2007},
}
@article{ANNForDM,
  author       = {Thomas M. Cover and
                  Peter E. Hart},
  title        = {Nearest neighbor pattern classification},
  journal      = {{IEEE} Trans. Inf. Theory},
  volume       = {13},
  number       = {1},
  pages        = {21--27},
  year         = {1967},
}
@article{fu2019fast,
  title = {Fast Approximate Nearest Neighbor Search with the Navigating Spreading-out Graph},
  author = {Fu, Cong and Xiang, Chao and Wang, Changxu and Cai, Deng},
  year = {2019},
  journal = {Proceedings of the VLDB Endowment},
  volume = {12},
  number = {5},
  pages = {461--474},
}

@article{gao2023highdimensional,
  author       = {Jianyang Gao and
                  Cheng Long},
  title        = {High-Dimensional Approximate Nearest Neighbor Search: with Reliable
                  and Efficient Distance Comparison Operations},
  journal      = {Proc. {ACM} Manag. Data},
  volume       = {1},
  number       = {2},
  pages        = {137:1--137:27},
  year         = {2023},
}


@article{johnsonBillionscaleSimilaritySearch2019,
  title = {Billion-Scale Similarity Search with GPUs},
  author = {Johnson, Jeff and Douze, Matthijs and J{\'e}gou, Herv{\'e}},
  year = {2019},
  journal = {IEEE Transactions on Big Data},
  volume = {7},
  number = {3},
  pages = {535--547},
}

@article{liApproximateNearestNeighbor2020,
  title = {Approximate Nearest Neighbor Search on High Dimensional Data --- Experiments, Analyses, and Improvement},
  author = {Li, Wen and Zhang, Ying and Sun, Yifang and Wang, Wei and Li, Mingjie and Zhang, Wenjie and Lin, Xuemin},
  year = {2020},
  journal = {IEEE Transactions on Knowledge and Data Engineering},
  volume = {32},
  number = {8},
  pages = {1475--1488},
}

@article{ite_matsui_2018,
    title={A Survey of Product Quantization},
    author={Yusuke Matsui and Yusuke Uchida and Herv\'{e} J\'{e}gou and Shin'ichi Satoh},
    journal={ITE Transactions on Media Technology and Applications},
    volume={6},
    number={1},
    pages={2--10},
    year={2018},
}
@inproceedings{wu2005multi,
  title={Multi-level fusion of audio and visual features for speaker identification},
  author={Wu, Zhiyong and Cai, Lianhong and Meng, Helen},
  booktitle={Advances in Biometrics: International Conference, ICB 2006, Hong Kong, China, January 5-7, 2006. Proceedings},
  pages={493--499},
  year={2005},
  organization={Springer}
}
@article{malkovEfficientRobustApproximate2020,
  title = {Efficient and Robust Approximate Nearest Neighbor Search Using Hierarchical Navigable Small World Graphs},
  author = {Malkov, Yu A. and Yashunin, D. A.},
  year = {2020},
  journal = {IEEE Transactions on Pattern Analysis and Machine Intelligence},
  volume = {42},
  number = {4},
  pages = {824--836},
}
@inproceedings{miech19howto100m,
   title={How{T}o100{M}: {L}earning a {T}ext-{V}ideo {E}mbedding by {W}atching {H}undred {M}illion {N}arrated {V}ideo {C}lips},
   author={Miech, Antoine and Zhukov, Dimitri and Alayrac, Jean-Baptiste and Tapaswi, Makarand and Laptev, Ivan and Sivic, Josef},
   booktitle={ICCV},
   year={2019},
}

@article{gray1998quantization,
  title={Quantization},
  author={Gray, Robert M. and Neuhoff, David L.},
  journal={IEEE transactions on information theory},
  volume={44},
  number={6},
  pages={2325--2383},
  year={1998},
}
@article{munoz2019hierarchical,
  title = {Hierarchical Clustering-Based Graphs for Large Scale Approximate Nearest Neighbor Search},
  author = {Mu{\~n}oz, Javier Alvaro Vargas and Gon{\c c}alves, Marcos Andr{\'e} and Dias, Zanoni and {da Silva Torres}, Ricardo},
  year = {2019},
  journal = {Pattern Recognition},
  volume = {96}
}

@article{iwasaki2015neighborhood,
  title={Neighborhood Graph and Tree for Indexing Highdimensional Data},
  author={Iwasaki, Masajiro},
  journal={Yahoo Japan Corporation. Retrieved August},
  volume={22},
  pages={2020},
  year={2015}
}
@misc{chen2018sptag,
  title={SPTAG: A library for fast approximate nearest neighbor search},
  author={Chen, Qi and Wang, Haidong and Li, Mingqin and Ren, Gang and Li, Scarlett and Zhu, Jeffery and Li, Jason and Liu, Chuanjie and Zhang, Lintao and Wang, Jingdong},
  year={2018},
  publisher={GitHub}
}
@inproceedings{harwood2016fanng,
  title={Fanng: Fast approximate nearest neighbour graphs},
  author={Harwood, Ben and Drummond, Tom},
  booktitle={Proceedings of the IEEE Conference on Computer Vision and Pattern Recognition},
  pages={5713--5722},
  year={2016}
}
@inproceedings{neyshaburSymmetricAsymmetricLSHs2015,
  title = {On Symmetric and Asymmetric LSHs for Inner Product Search},
  booktitle = {Proceedings of the 32nd International Conference on Machine Learning, ICML 2015, Lille, France, 6-11 July 2015},
  author = {Neyshabur, Behnam and Srebro, Nathan},
  year = {2015},
  series = {JMLR Workshop and Conference Proceedings},
  volume = {37},
  pages = {1926--1934},
}
@article{Jagadishidistance2005,
  author       = {H. V. Jagadish and
                  Beng Chin Ooi and
                  Kian{-}Lee Tan and
                  Cui Yu and
                  Rui Zhang},
  title        = {iDistance: An adaptive B\({}^{\mbox{+}}\)-tree based indexing method
                  for nearest neighbor search},
  journal      = {{ACM} Trans. Database Syst.},
  volume       = {30},
  number       = {2},
  pages        = {364--397},
  year         = {2005},
}
@inproceedings{beckmann1990r,
  title={The R*-tree: An efficient and robust access method for points and rectangles},
  author={Beckmann, Norbert and Kriegel, Hans-Peter and Schneider, Ralf and Seeger, Bernhard},
  booktitle={Proceedings of the 1990 ACM SIGMOD international conference on Management of data},
  pages={322--331},
  year={1990}
}
@inproceedings{fagin2001optimal,
  title={Optimal aggregation algorithms for middleware},
  author={Fagin, Ronald and Lotem, Amnon and Naor, Moni},
  booktitle={Proceedings of the twentieth ACM SIGMOD-SIGACT-SIGART symposium on Principles of database systems},
  pages={102--113},
  year={2001}
}
@inproceedings{franzke2016indexing,
  title = {Indexing Multi-Metric Data},
  booktitle = {2016 IEEE 32nd International Conference on Data Engineering (ICDE)},
  author = {Franzke, Maximilian and Emrich, Tobias and Zufle, Andreas and Renz, Matthias},
  year = {2016},
  pages = {1122--1133}
}

@inproceedings{pan2024vector,
  title = {Vector Database Management Techniques and Systems},
  booktitle = {Companion of the 2024 International Conference on Management of Data},
  author = {Pan, James Jie and Wang, Jianguo and Li, Guoliang},
  year = {2024},
  pages = {597--604},
  address = {Santiago AA Chile},
  isbn = {9798400704222}
}
@article{wangSurveyLearningHash2018,
  title = {A Survey on Learning to Hash},
  author = {Wang, Jingdong and Zhang, Ting and Song, Jingkuan and Sebe, Nicu and Shen, Heng Tao},
  year = {2018},
  journal = {IEEE Trans. Pattern Anal. Mach. Intell.},
  volume = {40},
  number = {4},
  pages = {769--790}
}
@inproceedings{OpenImagesLocNarr,
  author    = {Jordi Pont-Tuset and Jasper Uijlings and Soravit Changpinyo and Radu Soricut and Vittorio Ferrari},
  title     = {Connecting Vision and Language with Localized Narratives},
  booktitle = {ECCV},
  year      = {2020}
}
@inproceedings{sharma2018conceptual,
  title = {Conceptual Captions: A Cleaned, Hypernymed, Image Alt-text Dataset For Automatic Image Captioning},
  author = {Sharma, Piyush and Ding, Nan and Goodman, Sebastian and Soricut, Radu},
  booktitle = {Proceedings of ACL},
  year = {2018},
}
@inproceedings{LSHDatarIIM04,
  author       = {Mayur Datar and
                  Nicole Immorlica and
                  Piotr Indyk and
                  Vahab S. Mirrokni},
  editor       = {Jack Snoeyink and
                  Jean{-}Daniel Boissonnat},
  title        = {Locality-sensitive hashing scheme based on p-stable distributions},
  booktitle    = {Proceedings of the 20th {ACM} Symposium on Computational Geometry,
                  Brooklyn, New York, USA, June 8-11, 2004},
  pages        = {253--262},
  year         = {2004},
}
@article{dosovitskiy2020image,
  title={An image is worth 16x16 words: Transformers for image recognition at scale},
  author={Dosovitskiy, Alexey and Beyer, Lucas and Kolesnikov, Alexander and Weissenborn, Dirk and Zhai, Xiaohua and Unterthiner, Thomas and Dehghani, Mostafa and Minderer, Matthias and Heigold, Georg and Gelly, Sylvain and others},
  journal={arXiv preprint arXiv:2010.11929},
  year={2020}
}
@article{devlin2018bert,
  title={Bert: Pre-training of deep bidirectional transformers for language understanding},
  author={Devlin, Jacob and Chang, Ming-Wei and Lee, Kenton and Toutanova, Kristina},
  journal={arXiv preprint arXiv:1810.04805},
  year={2018}
}
@article{hash2014survey,
  author       = {Jingdong Wang and
                  Heng Tao Shen and
                  Jingkuan Song and
                  Jianqiu Ji},
  title        = {Hashing for Similarity Search: {A} Survey},
  journal      = {CoRR},
  volume       = {abs/1408.2927},
  year         = {2014}
}
@article{DBLP:journals/pami/HeoLHCY15,
  author       = {Jae{-}Pil Heo and
                  Youngwoon Lee and
                  Junfeng He and
                  Shih{-}Fu Chang and
                  Sung{-}Eui Yoon},
  title        = {Spherical Hashing: Binary Code Embedding with Hyperspheres},
  journal      = {{IEEE} Trans. Pattern Anal. Mach. Intell.},
  volume       = {37},
  number       = {11},
  pages        = {2304--2316},
  year         = {2015},
}
@article{peng2023efficient,
  title = {Efficient Approximate Nearest Neighbor Search in Multi-Dimensional Databases},
  author = {Peng, Yun and Choi, Byron and Chan, Tsz Nam and Yang, Jianye and Xu, Jianliang},
  year = {2023},
  journal = {Proc. ACM Manag. Data},
  volume = {1},
  number = {1},
  pages = {54:1--54:27},
}
@inproceedings{curse1,
  author       = {Roger Weber and
                  Hans{-}J{\"{o}}rg Schek and
                  Stephen Blott},
  editor       = {Ashish Gupta and
                  Oded Shmueli and
                  Jennifer Widom},
  title        = {A Quantitative Analysis and Performance Study for Similarity-Search
                  Methods in High-Dimensional Spaces},
  booktitle    = {VLDB'98, Proceedings of 24rd International Conference on Very Large
                  Data Bases, August 24-27, 1998, New York City, New York, {USA}},
  pages        = {194--205},
  year         = {1998},
}
@inproceedings{curse2,
  author       = {Piotr Indyk and
                  Rajeev Motwani},
  title        = {Approximate Nearest Neighbors: Towards Removing the Curse of Dimensionality},
  booktitle    = {Proceedings of the Thirtieth Annual {ACM} Symposium on the Theory
                  of Computing, Dallas, Texas, USA, May 23-26, 1998},
  pages        = {604--613},
  year         = {1998},
}
@article{marin2019learning,
  title = {Recipe1M+: A Dataset for Learning Cross-Modal Embeddings for Cooking Recipes and Food Images},
  author = {Marin, Javier and Biswas, Aritro and Ofli, Ferda and Hynes, Nicholas and 
  Salvador, Amaia and Aytar, Yusuf and Weber, Ingmar and Torralba, Antonio},
  journal = {{IEEE} Trans. Pattern Anal. Mach. Intell.},
  year = {2019}
}
@article{wei2020analyticdbv,
  title = {AnalyticDB-V: A Hybrid Analytical Engine towards Query Fusion for Structured and Unstructured Data},
  author = {Wei, Chuangxian and Wu, Bin and Wang, Sheng and Lou, Renjie and Zhan, Chaoqun and Li, Feifei and Cai, Yuanzhe},
  year = {2020},
  journal = {Proceedings of the VLDB Endowment},
  volume = {13},
  number = {12},
  pages = {3152--3165},
}

@inproceedings{yanNormRangingLSHMaximum2018,
  title = {Norm-Ranging LSH for Maximum Inner Product Search},
  booktitle = {Advances in Neural Information Processing Systems 31: Annual Conference on Neural Information Processing Systems 2018, NeurIPS 2018, December 3-8, 2018, Montr{\'e}al, Canada},
  author = {Yan, Xiao and Li, Jinfeng and Dai, Xinyan and Chen, Hongzhi and Cheng, James},
  editor = {Bengio, Samy and Wallach, Hanna M. and Larochelle, Hugo and Grauman, Kristen and {Cesa-Bianchi}, Nicol{\`o} and Garnett, Roman},
  year = {2018},
  pages = {2956--2965}
}

@inproceedings{zhang2019grip,
  title = {GRIP: Multi-Store Capacity-Optimized High-Performance Nearest Neighbor Search for Vector Search Engine},
  booktitle = {Proceedings of the 28th ACM International Conference on Information and Knowledge Management},
  author = {Zhang, Minjia and He, Yuxiong},
  year = {2019},
  pages = {1673--1682},
}
@article{DBLP:journals/pami/GeHK014,
  title = {Optimized Product Quantization},
  author = {Ge, Tiezheng and He, Kaiming and Ke, Qifa and Sun, Jian},
  year = {2014},
  journal = {IEEE Trans. Pattern Anal. Mach. Intell.},
  volume = {36},
  number = {4},
  pages = {744--755}
}

@article{gongIterativeQuantizationProcrustean2013,
  title = {Iterative Quantization: A Procrustean Approach to Learning Binary Codes for Large-Scale Image Retrieval},
  author = {Gong, Yunchao and Lazebnik, Svetlana and Gordo, Albert and Perronnin, Florent},
  year = {2013},
  journal = {IEEE Transactions on Pattern Analysis and Machine Intelligence},
  volume = {35},
  number = {12},
  pages = {2916--2929}
}

@article{jegouProductQuantizationNearest2011,
  title = {Product Quantization for Nearest Neighbor Search},
  author = {J{\'e}gou, H and Douze, M and Schmid, C},
  year = {2011},
  journal = {IEEE Transactions on Pattern Analysis and Machine Intelligence},
  volume = {33},
  number = {1},
  pages = {117--128}
}

@inproceedings{zhangAnisotropicAdditiveQuantization2022,
  title = {Anisotropic Additive Quantization for Fast Inner Product Search},
  booktitle = {Thirty-Sixth AAAI Conference on Artificial Intelligence, AAAI 2022, Thirty-Fourth Conference on Innovative Applications of Artificial Intelligence, IAAI 2022, The Twelveth Symposium on Educational Advances in Artificial Intelligence, EAAI 2022 Virtual Event, February 22 - March 1, 2022},
  author = {Zhang, Jin and Liu, Qi and Lian, Defu and Liu, Zheng and Wu, Le and Chen, Enhong},
  year = {2022},
  pages = {4354--4362},
}

@misc{zhao2024retrievalaugmented,
  title = {Retrieval-Augmented Generation for AI-Generated Content: A Survey},
  author = {Zhao, Penghao and Zhang, Hailin and Yu, Qinhan and Wang, Zhengren and Geng, Yunteng and Fu, Fangcheng and Yang, Ling and Zhang, Wentao and Cui, Bin},
  year = {2024},
  volume = {abs/2402.19473},
  journal = {CoRR},
}

@inproceedings{milvus2021,
  title = {Milvus: A Purpose-Built Vector Data Management System},
  booktitle = {SIGMOD '21: International Conference on Management of Data, Virtual Event, China, June 20-25, 2021},
  author = {Wang, Jianguo and Yi, Xiaomeng and Guo, Rentong and Jin, Hai and Xu, Peng and Li, Shengjun and Wang, Xiangyu and Guo, Xiangzhou and Li, Chengming and Xu, Xiaohai and Yu, Kun and Yuan, Yuxing and Zou, Yinghao and Long, Jiquan and Cai, Yudong and Li, Zhenxiang and Zhang, Zhifeng and Mo, Yihua and Gu, Jun and Jiang, Ruiyi and Wei, Yi and Xie, Charles},
  year = {2021},
  pages = {2614--2627}
}

@article{guo2022manu,
  title = {Manu: A Cloud Native Vector Database Management System},
  author = {Guo, Rentong and Luan, Xiaofan and Xiang, Long and Yan, Xiao and Yi, Xiaomeng and Luo, Jigao and Cheng, Qianya and Xu, Weizhi and Luo, Jiarui and Liu, Frank and Cao, Zhenshan and Qiao, Yanliang and Wang, Ting and Tang, Bo and Xie, Charles},
  year = {2022},
  journal = {Proceedings of the VLDB Endowment},
  volume = {15},
  number = {12},
  pages = {3548--3561}
}
@article{arora2018hdindex,
  title = {HD-Index: Pushing the Scalability-Accuracy Boundary for Approximate kNN Search in High-Dimensional Spaces},
  author = {Arora, Akhil and Sinha, Sakshi and Kumar, Piyush and Bhattacharya, Arnab},
  year = {2018},
  journal = {Proceedings of the VLDB Endowment},
  volume = {11},
  number = {8},
  pages = {906--919}
}

@inproceedings{BeygelzimerKL06Covertree,
  title = {Cover Trees for Nearest Neighbor},
  booktitle = {Machine Learning, Proceedings of the Twenty-Third International Conference (ICML 2006), Pittsburgh, Pennsylvania, USA, June 25-29, 2006},
  author = {Beygelzimer, Alina and Kakade, Sham M. and Langford, John},
  year = {2006},
  series = {ACM International Conference Proceeding Series},
  volume = {148},
  pages = {97--104}
}

@inproceedings{RamS19kdtree,
  title = {Revisiting Kd-Tree for Nearest Neighbor Search},
  booktitle = {Proceedings of the 25th ACM SIGKDD International Conference on Knowledge Discovery \& Data Mining, KDD 2019, Anchorage, AK, USA, August 4-8, 2019},
  author = {Ram, Parikshit and Sinha, Kaushik},
  year = {2019},
  pages = {1378--1388}
}



@inproceedings{DBLP:conf/compgeom/DatarIIM04,
  title = {Locality-Sensitive Hashing Scheme Based on p-Stable Distributions},
  booktitle = {Proceedings of the 20th ACM Symposium on Computational Geometry, Brooklyn, New York, USA, June 8-11, 2004},
  author = {Datar, Mayur and Immorlica, Nicole and Indyk, Piotr and Mirrokni, Vahab S.},
  year = {2004},
  pages = {253--262}
}

@inproceedings{DBLP:conf/mm/TuncelFR02,
  title = {VQ-Index: An Index Structure for Similarity Searching in Multimedia Databases},
  booktitle = {Proceedings of the 10th ACM International Conference on Multimedia 2002, Juan Les Pins, France, December 1-6, 2002},
  author = {Tuncel, Ertem and Ferhatosmanoglu, Hakan and Rose, Kenneth},
  year = {2002},
  pages = {543--552}
}


@article{liu2023,
  author       = {Shang Liu and
                  Gao Cong and
                  Kaiyu Feng and
                  Wanli Gu and
                  Fuzheng Zhang},
  title        = {Effectiveness Perspectives and a Deep Relevance Model for Spatial
                  Keyword Queries},
  journal      = {Proc. {ACM} Manag. Data},
  volume       = {1},
  number       = {1},
  pages        = {11:1--11:25},
  year         = {2023},
}


@inproceedings{DBLP:conf/sigmod/GanFFN12,
  title = {Locality-Sensitive Hashing Scheme Based on Dynamic Collision Counting},
  booktitle = {Proceedings of the ACM SIGMOD International Conference on Management of Data, SIGMOD 2012, Scottsdale, AZ, USA, May 20-24, 2012},
  author = {Gan, Junhao and Feng, Jianlin and Fang, Qiong and Ng, Wilfred},
  year = {2012},
  pages = {541--552}
}
@inproceedings{DBLP:conf/www/DongCL11,
  author       = {Wei Dong and
                  Moses Charikar and
                  Kai Li},
  title        = {Efficient k-nearest neighbor graph construction for generic similarity
                  measures},
  booktitle    = {Proceedings of the 20th International Conference on World Wide Web,
                  {WWW} 2011, Hyderabad, India, March 28 - April 1, 2011},
  pages        = {577--586},
  year         = {2011},
}
@inproceedings{DBLP:conf/sigmod/LeiHKT20,
  title = {Locality-Sensitive Hashing Scheme Based on Longest Circular Co-Substring},
  booktitle = {Proceedings of the 2020 International Conference on Management of Data, SIGMOD Conference 2020, Online Conference [Portland, or, USA], June 14-19, 2020},
  author = {Lei, Yifan and Huang, Qiang and Kankanhalli, Mohan S. and Tung, Anthony K. H.},
  year = {2020},
  pages = {2589--2599}
}

@inproceedings{DBLP:conf/sigmod/LiYZXCLNC18,
  title = {A General and Efficient Querying Method for Learning to Hash},
  booktitle = {Proceedings of the 2018 International Conference on Management of Data, SIGMOD Conference 2018, Houston, TX, USA, June 10-15, 2018},
  author = {Li, Jinfeng and Yan, Xiao and Zhang, Jie and Xu, An and Cheng, James and Liu, Jie and Ng, Kelvin Kai Wing and Cheng, Ti-Chung},
  year = {2018},
  pages = {1333--1347}
}

@article{DBLP:journals/pvldb/GongWOX20,
  title = {iDEC: Indexable Distance Estimating Codes for Approximate Nearest Neighbor Search},
  author = {Gong, Long and Wang, Huayi and Ogihara, Mitsunori and Xu, Jun},
  year = {2020},
  journal = {Proc. VLDB Endow.},
  volume = {13},
  number = {9},
  pages = {1483--1497}
}

@article{DBLP:journals/pvldb/HuangFZFN15,
  title = {Query-Aware Locality-Sensitive Hashing for Approximate Nearest Neighbor Search},
  author = {Huang, Qiang and Feng, Jianlin and Zhang, Yikai and Fang, Qiong and Ng, Wilfred},
  year = {2015},
  journal = {Proc. VLDB Endow.},
  volume = {9},
  number = {1},
  pages = {1--12}
}

@article{DBLP:journals/pvldb/LuWWK20,
  title = {VHP: Approximate Nearest Neighbor Search via Virtual Hypersphere Partitioning},
  author = {Lu, Kejing and Wang, Hongya and Wang, Wei and Kudo, Mineichi},
  year = {2020},
  journal = {Proc. VLDB Endow.},
  volume = {13},
  number = {9},
  pages = {1443--1455}
}

@article{DBLP:journals/tkde/TianZZ24,
  title = {DB-LSH 2.0: Locality-Sensitive Hashing with Query-Based Dynamic Bucketing},
  author = {Tian, Yao and Zhao, Xi and Zhou, Xiaofang},
  year = {2024},
  journal = {IEEE Transactions on Knowledge and Data Engineering},
  volume = {36},
  number = {3},
  pages = {1000--1015}
}

@article{DBLP:journals/tods/TaoYSK10,
  title = {Efficient and Accurate Nearest Neighbor and Closest Pair Search in High-Dimensional Space},
  author = {Tao, Yufei and Yi, Ke and Sheng, Cheng and Kalnis, Panos},
  year = {2010},
  journal = {ACM Transactions on Database Systems},
  volume = {35},
  number = {3},
  pages = {20:1--20:46}
}

@article{DBLP:journals/vldb/ZhengZWNLJ22,
  title = {PM-LSH: A Fast and Accurate in-Memory Framework for High-Dimensional Approximate NN and Closest Pair Search},
  author = {Zheng, Bolong and Zhao, Xi and Weng, Lianggui and Nguyen, Quoc Viet Hung and Liu, Hang and Jensen, Christian S.},
  year = {2022},
  journal = {Vldb Journal},
  volume = {31},
  number = {6},
  pages = {1339--1363}
}

@article{liuSKLSHEfficientIndex2014,
  title = {SK-LSH: An Efficient Index Structure for Approximate Nearest Neighbor Search},
  author = {Liu, Yingfan and Cui, Jiangtao and Huang, Zi and Li, Hui and Shen, Heng Tao},
  year = {2014},
  journal = {Proc. VLDB Endow.},
  volume = {7},
  number = {9},
  pages = {745--756}
}
@article{van2009probing,
  title={Probing the Pareto frontier for basis pursuit solutions},
  author={Van Den Berg, Ewout and Friedlander, Michael P},
  journal={Siam journal on scientific computing},
  volume={31},
  number={2},
  pages={890--912},
  year={2009},
}
@inproceedings{ma2020efficient,
  title={Efficient continuous pareto exploration in multi-task learning},
  author={Ma, Pingchuan and Du, Tao and Matusik, Wojciech},
  booktitle={International Conference on Machine Learning},
  pages={6522--6531},
  year={2020},
  organization={PMLR}
}

@inproceedings{miech2020end,
  title={End-to-end learning of visual representations from uncurated instructional videos},
  author={Miech, Antoine and Alayrac, Jean-Baptiste and Smaira, Lucas and Laptev, Ivan and Sivic, Josef and Zisserman, Andrew},
  booktitle={Proceedings of the IEEE/CVF conference on computer vision and pattern recognition},
  pages={9879--9889},
  year={2020}
}
@article{gao2024rabitq,
  title = {RaBitQ: Quantizing High-Dimensional Vectors with a Theoretical Error Bound for Approximate Nearest Neighbor Search},
  author = {Gao, Jianyang and Long, Cheng},
  year = {2024},
  journal = {Proceedings of the ACM on Management of Data},
  volume = {2},
  number = {3},
  pages = {1--27}
}

@article{gong2013iterative,
  title = {Iterative Quantization: A Procrustean Approach to Learning Binary Codes for Large-Scale Image Retrieval},
  author = {Gong, Yunchao and Lazebnik, Svetlana and Gordo, Albert and Perronnin, Florent},
  year = {2013},
  journal = {IEEE Transactions on Pattern Analysis and Machine Intelligence},
  volume = {35},
  number = {12},
  pages = {2916--2929}
}

@inproceedings{DBLP:conf/cvpr/HarwoodD16,
  title = {FANNG: Fast Approximate Nearest Neighbour Graphs},
  booktitle = {2016 IEEE Conference on Computer Vision and Pattern Recognition, CVPR 2016, Las Vegas, NV, USA, June 27-30, 2016},
  author = {Harwood, Ben and Drummond, Tom},
  year = {2016},
  pages = {5713--5722}
}

@article{DBLP:journals/is/MalkovPLK14,
  title = {Approximate Nearest Neighbor Algorithm Based on Navigable Small World Graphs},
  author = {Malkov, Yury and Ponomarenko, Alexander and Logvinov, Andrey and Krylov, Vladimir},
  year = {2014},
  volume = {45},
  pages = {61--68}
}

@article{DBLP:journals/pami/FuWC22,
  title = {High Dimensional Similarity Search with Satellite System Graph: Efficiency, Scalability, and Unindexed Query Compatibility},
  author = {Fu, Cong and Wang, Changxu and Cai, Deng},
  year = {2022},
  journal = {IEEE Transactions on Pattern Analysis and Machine Intelligence},
  volume = {44},
  number = {8},
  pages = {4139--4150}
}


@inproceedings{li2020improving,
  title = {Improving Approximate Nearest Neighbor Search through Learned Adaptive Early Termination},
  booktitle = {Proceedings of the 2020 ACM SIGMOD International Conference on Management of Data},
  author = {Li, Conglong and Zhang, Minjia and Andersen, David G. and He, Yuxiong},
  year = {2020},
  pages = {2539--2554},
}
@article{kalyvas2017survey,
  title={A survey of skyline query processing},
  author={Kalyvas, Christos and Tzouramanis, Theodoros},
  journal={arXiv preprint arXiv:1704.01788},
  year={2017}
}
@article{chenLocationKeywordbasedQuerying2021,
  title = {Location- and Keyword-Based Querying of Geo-Textual Data: A Survey},
  author = {Chen, Zhida and Chen, Lisi and Cong, Gao and Jensen, Christian S.},
  year = {2021},
  journal = {The VLDB Journal},
  volume = {30},
  number = {4},
  pages = {603--640}
}

@inproceedings{salvador2017learning,
  title={Learning cross-modal embeddings for cooking recipes and food images},
  author={Salvador, Amaia and Hynes, Nicholas and Aytar, Yusuf and Marin, Javier and Ofli, Ferda and Weber, Ingmar and Torralba, Antonio},
  booktitle={Proceedings of the IEEE conference on computer vision and pattern recognition},
  pages={3020--3028},
  year={2017}
}
@article{baltruvsaitis2018multimodal,
  title={Multimodal machine learning: A survey and taxonomy},
  author={Baltru{\v{s}}aitis, Tadas and Ahuja, Chaitanya and Morency, Louis-Philippe},
  journal={IEEE transactions on pattern analysis and machine intelligence},
  volume={41},
  number={2},
  pages={423--443},
  year={2018},
}
@article{munoz2019hierarchical,
  title = {Hierarchical Clustering-Based Graphs for Large Scale Approximate Nearest Neighbor Search},
  author = {Mu{\~n}oz, Javier Alvaro Vargas and Gon{\c c}alves, Marcos Andr{\'e} and Dias, Zanoni and {da Silva Torres}, Ricardo},
  year = {2019},
  journal = {Pattern Recognition},
  volume = {96}
}

@inproceedings{knngraph,
  title = {Using the {{{\emph{k}}}}-Nearest Neighbor Graph for Proximity Searching in Metric Spaces},
  booktitle = {String Processing and Information Retrieval, 12th International Conference, SPIRE 2005, Buenos Aires, Argentina, November 2-4, 2005, Proceedings},
  author = {Paredes, Rodrigo and Ch{\'a}vez, Edgar},
  year = {2005},
  series = {Lecture Notes in Computer Science},
  volume = {3772},
  pages = {127--138}
}

@incollection{dgraph,
  title = {Voronoi Diagrams and Delaunay Triangulations},
  booktitle = {Handbook of Discrete and Computational Geometry, Second Edition},
  author = {Fortune, Steven},
  year = {2004},
  pages = {513--528}
}

@article{mst,
  title = {On the Shortest Spanning Subtree of a Graph and the Traveling Salesman Problem},
  author = {Kruskal, Joseph B},
  year = {1956},
  journal = {Proceedings of the American Mathematical society},
  volume = {7},
  number = {1},
  pages = {48--50}
}

@article{finkelQuadTreesData1974,
  title = {Quad Trees a Data Structure for Retrieval on Composite Keys},
  author = {Finkel, R. A. and Bentley, J. L.},
  year = {1974},
  journal = {Acta Informatica},
  volume = {4},
  number = {1},
  pages = {1--9}
}


@article{chenS2RtreePivotbasedIndexing2020,
  title = {S2R-Tree: A Pivot-Based Indexing Structure for Semantic-Aware Spatial Keyword Search},
  author = {Chen, Xinyu and Xu, Jiajie and Zhou, Rui and Zhao, Pengpeng and Liu, Chengfei and Fang, Junhua and Zhao, Lei},
  year = {2020},
  journal = {GeoInformatica},
  volume = {24},
  number = {1},
  pages = {3--25}
}

@inproceedings{DBLP:conf/edbt/TheodoropoulosN24,
  title = {Efficient Semantic Similarity Search over Spatio-Textual Data},
  booktitle = {Proceedings 27th International Conference on Extending Database Technology, EDBT 2024, Paestum, Italy, March 25 - March 28},
  author = {Theodoropoulos, George S. and N{\o}rv{\aa}g, Kjetil and Doulkeridis, Christos},
  year = {2024},
  pages = {268--280}
}
@article{budikova2013towards,
  title={Towards Large-Scale Multi-Modal Image Search},
  author={Bud{\i}kov{\'a}, Petra},
  year={2013}
}
@article{qianSemanticawareTopkSpatial2018,
  title = {Semantic-Aware Top-k Spatial Keyword Queries},
  author = {Qian, Zhihu and Xu, Jiajie and Zheng, Kai and Zhao, Pengpeng and Zhou, Xiaofang},
  year = {2018},
  journal = {World Wide Web},
  volume = {21},
  number = {3},
  pages = {573--594}
}
@inproceedings{borzsony2001skyline,
  title = {The Skyline Operator},
  booktitle = {Proceedings 17th International Conference on Data Engineering},
  author = {Borzsony, S. and Kossmann, D. and Stocker, K.},
  year = {2001},
  pages = {421--430},
  address = {Heidelberg, Germany},
  isbn = {978-0-7695-1001-9}
}

@inproceedings{khalefa2008skyline,
  title = {Skyline Query Processing for Incomplete Data},
  booktitle = {2008 IEEE 24th International Conference on Data Engineering},
  author = {Khalefa, Mohamed E. and Mokbel, Mohamed F. and Levandoski, Justin J.},
  year = {2008},
  pages = {556--565},
  address = {Cancun, Mexico},
  isbn = {978-1-4244-1836-7 978-1-4244-1837-4}
}

@article{papadias2005progressive,
  title = {Progressive Skyline Computation in Database Systems},
  author = {Papadias, Dimitris and Tao, Yufei and Fu, Greg and Seeger, Bernhard},
  year = {2005},
  journal = {ACM Transactions on Database Systems},
  volume = {30},
  number = {1},
  pages = {41--82}
}
@article{jaromczyk1991constructing,
  title={Constructing the relative neighborhood graph in 3-dimensional Euclidean space},
  author={Jaromczyk, Jerzy W and Kowaluk, Miros{\l}aw},
  journal={Discrete Applied Mathematics},
  volume={31},
  number={2},
  pages={181--191},
  year={1991},
}
@article{zhiyonghuang2006continuous,
  title = {Continuous Skyline Queries for Moving Objects},
  author = {{Zhiyong Huang} and {Hua Lu} and {Beng Chin Ooi} and Tung, A.K.H.},
  year = {2006},
  journal = {IEEE Transactions on Knowledge and Data Engineering},
  volume = {18},
  number = {12},
  pages = {1645--1658},
  copyright = {https://ieeexplore.ieee.org/Xplorehelp/downloads/license-information/IEEE.html}
}
