@article{ambrosio2019,
author = {Luigi Ambrosio and Federico Glaudo and Dario Trevisan},
title = {On the optimal map in the $2$-dimensional random matching problem},
journal = {Discrete and Continuous Dynamical Systems},
volume = {39},
number = {12},
pages = {7291-7308},
year = {2019},  
}

@article{berman2021convergence,
  title={Convergence rates for discretized {{Monge--Amp{\`e}re}} equations and quantitative stability of optimal transport},
  author={Berman, Robert J},
  journal={Foundations of Computational Mathematics},
  volume={21},
  number={4},
  pages={1099--1140},
  year={2021},
  publisher={Springer}
}

@article{cai2020linearized,
  title={Linearized optimal transport for collider events},
  author={Cai, Tianji and Cheng, Junyi and Craig, Nathaniel and Craig, Katy},
  journal={Physical Review D},
  volume={102},
  number={11},
  pages={116019},
  year={2020},
  publisher={APS}
}

@article{deb2021,
	archiveprefix = {arXiv},
	author = {Deb, Nabarun and Ghosal, Promit and Sen, Bodhisattva},
	date-added = {2024-05-20 15:20:51 -0400},
	date-modified = {2024-05-20 15:20:51 -0400},
	eprinttype = {arxiv},
	journal = {Advances in Neural Information Processing Systems 34},
	title = {Rates of {{Estimation}} of {{Optimal Transport Maps}} Using {{Plug}}-in {{Estimators}} via {{Barycentric Projections}}},
	year = {2021}}

@article{delalande2023,
  title={Quantitative stability of optimal transport maps under variations of the target measure},
  author={Delalande, Alex and Merigot, Quentin},
  journal={Duke Mathematical Journal},
  volume={172},
  number={17},
  pages={3321--3357},
  year={2023},
  publisher={Duke University Press}
}

@article{gallouet2022strong,
  title={Strong $c$-concavity and stability in optimal transport},
  author={Gallou{\"e}t, Anatole and M{\'e}rigot, Quentin and Thibert, Boris},
  journal={arXiv preprint arXiv:2207.11042},
  year={2022}
}

@article{ghosal2022,
	archiveprefix = {arXiv},
	author = {Ghosal, Promit and Sen, Bodhisattva},
	date-added = {2024-05-20 15:20:51 -0400},
	date-modified = {2024-05-20 15:20:51 -0400},
	eprinttype = {arxiv},
	journal = {The Annals of Statistics},
	pages = {1012--4037},
	shorttitle = {Multivariate {{Ranks}} and {{Quantiles}} Using {{Optimal Transport}}},
	title = {Multivariate {{Ranks}} and {{Quantiles}} Using {{Optimal Transport}}: {{Consistency}}, {{Rates}}, and {{Nonparametric Testing}}},
	volume = {50},
	year = {2022}}

@article{gigli2011,
	author = {Gigli, Nicola},
	date-added = {2024-05-20 15:20:51 -0400},
	date-modified = {2024-05-20 15:20:51 -0400},
	journal = {Proceedings of the Edinburgh Mathematical Society},
	pages = {401--409},
	title = {On {{H\"older}} Continuity-in-Time of the Optimal Transport Map towards Measures along a Curve},
	volume = {54},
	year = {2011}}

@article{hutter2021,
	author = {H{\"u}tter, Jan-Christian and Rigollet, Philippe},
	date-added = {2024-05-20 15:20:51 -0400},
	date-modified = {2024-05-20 15:20:51 -0400},
	journal = {The Annals of Statistics},
	pages = {1166--1194},
	title = {Minimax Rates of Estimation for Smooth Optimal Transport Maps},
	volume = {49},
	year = {2021}}

@article{letrouit2024,
  title={Gluing methods for quantitative stability of optimal transport maps},
  author={Letrouit, Cyril and M{\'e}rigot, Quentin},
  journal={arXiv preprint arXiv:2411.04908},
  year={2024}
}

@article{li2021quantitative,
  title={Quantitative stability and error estimates for optimal transport plans},
  author={Li, Wenbo and Nochetto, Ricardo H},
  journal={IMA Journal of Numerical Analysis},
  volume={41},
  number={3},
  pages={1941--1965},
  year={2021},
  publisher={Oxford University Press}
}

@inproceedings{makkuva2020,
	author = {Makkuva, Ashok and Taghvaei, Amirhossein and Oh, Sewoong and Lee, Jason},
	booktitle = {International {{Conference}} on {{Machine Learning}}},
	date-added = {2024-05-20 15:20:51 -0400},
	date-modified = {2024-05-20 15:20:51 -0400},
	pages = {6672--6681},
	publisher = {{PMLR}},
	title = {Optimal Transport Mapping via Input Convex Neural Networks},
	year = {2020}}

@article{manole2024plugin,
	 title={Plugin estimation of smooth optimal transport maps},
  author={Manole, Tudor and Balakrishnan, Sivaraman and Niles-Weed, Jonathan and Wasserman, Larry},
  journal={The Annals of Statistics},
  volume={52},
  number={3},
  pages={966--998},
  year={2024},
  publisher={Institute of Mathematical Statistics}
}

@inproceedings{merigot2020,
  title={Quantitative stability of optimal transport maps and linearization of the 2-{W}asserstein space},
  author={M{\'e}rigot, Quentin and Delalande, Alex and Chazal, Frederic},
  booktitle={International Conference on Artificial Intelligence and Statistics},
  pages={3186--3196},
  year={2020},
  organization={PMLR}
}

@article{muzellec2021,
	author = {Muzellec, Boris and Vacher, Adrien and Bach, Francis and Vialard, Fran{\c c}ois-Xavier and Rudi, Alessandro},
	date-added = {2024-05-20 15:20:51 -0400},
	date-modified = {2024-05-20 15:20:51 -0400},
	journal = {arXiv preprint arXiv:2112.01907},
	publisher = {{arXiv}},
	title = {Near-Optimal Estimation of Smooth Transport Maps with Kernel Sums-of-Squares},
	urldate = {2024-03-05},
	year = {2021}}

@book{panaretos2020,
  title={An invitation to statistics in Wasserstein space},
  author={Panaretos, Victor M and Zemel, Yoav},
  year={2020},
  publisher={Springer Nature}
}

@article{segers2022,
  title={Graphical and uniform consistency of estimated optimal transport plans},
  author={Segers, Johan},
  journal={arXiv preprint arXiv:2208.02508},
  year={2022}
}

@article{vacher2021convex,
	archiveprefix = {arXiv},
	author = {Adrien Vacher and Fran{\c c}ois-Xavier Vialard},
	eprint = {2112.07275},
	journal = {Advances in Neural Information Processing Systems 36},
	primaryclass = {math.ST},
	title = {Convex transport potential selection with semi-dual criterion},
	year = {2022}}

@book{villani2003,
	author = {Villani, C{\'e}dric},
	language = {en},
	publisher = {{American Mathematical Soc.}},
	title = {Topics in {{Optimal Transportation}}},
	year = {2003}}

@article{wang2013linear,
  title={A linear optimal transportation framework for quantifying and visualizing variations in sets of images},
  author={Wang, Wei and Slep{\v{c}}ev, Dejan and Basu, Saurav and Ozolek, John A and Rohde, Gustavo K},
  journal={International Journal of Computer Vision},
  volume={101},
  pages={254--269},
  year={2013},
  publisher={Springer}
}

