@article{CNN,
	title = {Imagenet classification with deep convolutional neural networks},
	volume = {25},
	pages = {1097--1105},
	journaltitle = {Advances in neural information processing systems},
	author = {Krizhevsky, Alex and Sutskever, Ilya and Hinton, Geoffrey E.},
	year = {2012},
}

@inproceedings{bert4rec,
  title={BERT4Rec: Sequential recommendation with bidirectional encoder representations from transformer},
  author={Sun, Fei and Liu, Jun and Wu, Jian and Pei, Changhua and Lin, Xiao and Ou, Wenwu and Jiang, Peng},
  booktitle={Proceedings of the 28th ACM International Conference on Information and Knowledge Management},
  pages={1441--1450},
  year={2019}
}

@inproceedings{caser,
  title={Personalized top-n sequential recommendation via convolutional sequence embedding},
  author={Tang, Jiaxi and Wang, Ke},
	booktitle={WWW},
  pages={565--573},
  year={2018}
}

@inproceedings{gru4rec,
  title={Session-based recommendations with recurrent neural networks},
  author={Hidasi, Bal{\'a}zs and Karatzoglou, Alexandros and Baltrunas, Linas and Tikk, Domonkos},
	booktitle={ICLR},
  year={2016}
}

@article{jegou2010product,
  title={Product quantization for nearest neighbor search},
  author={Jegou, Herve and Douze, Matthijs and Schmid, Cordelia},
  journal={IEEE transactions on pattern analysis and machine intelligence},
  volume={33},
  number={1},
  pages={117--128},
  year={2010},
  publisher={IEEE}
}

@article{rajput2024recommender,
  title={Recommender systems with generative retrieval},
  author={Rajput, Shashank and Mehta, Nikhil and Singh, Anima and Hulikal Keshavan, Raghunandan and Vu, Trung and Heldt, Lukasz and Hong, Lichan and Tay, Yi and Tran, Vinh and Samost, Jonah and others},
  journal={Advances in Neural Information Processing Systems},
  volume={36},
  year={2024}
}

@INPROCEEDINGS{sasrec,
  author={Kang, Wang-Cheng and McAuley, Julian},
  booktitle={2018 IEEE International Conference on Data Mining (ICDM)}, 
  title={Self-Attentive Sequential Recommendation}, 
  year={2018},
  volume={},
  number={},
  pages={197-206},
  keywords={Adaptation models;Context modeling;Task analysis;Recommender systems;Markov processes;Recurrent neural networks;Predictive models;Sequential Recommendation;Collaborative Filtering},
  doi={10.1109/ICDM.2018.00035}}

@article{singh2023better,
  title={Better Generalization with Semantic IDs: A Case Study in Ranking for Recommendations},
  author={Singh, Anima and Vu, Trung and Mehta, Nikhil and Keshavan, Raghunandan and Sathiamoorthy, Maheswaran and Zheng, Yilin and Hong, Lichan and Heldt, Lukasz and Wei, Li and Tandon, Devansh and others},
  journal={arXiv preprint arXiv:2306.08121},
  year={2023}
}

@inproceedings{vaswani2017attention,
  title={Attention is all you need},
  author={Vaswani, Ashish and Shazeer, Noam and Parmar, Niki and Uszkoreit, Jakob and Jones, Llion and Gomez, Aidan N and Kaiser, {\L}ukasz and Polosukhin, Illia},
  booktitle = {NeurIPS},
  pages={5998--6008},
  year={2017}
}

@inproceedings{vqrec,
  title={Learning vector-quantized item representation for transferable sequential recommenders},
  author={Hou, Yupeng and He, Zhankui and McAuley, Julian and Zhao, Wayne Xin},
  booktitle={Proceedings of the ACM Web Conference 2023},
  pages={1162--1171},
  year={2023}
}

