@article{Cummings2019Describing,
  title={Describing the Cookie Theft picture: Sources of breakdown in Alzheimer's dementia},
  author={Cummings, Louise},
  journal={Pragmatics and Society},
  volume={10},
  number={},
  pages={151-174},
  year={2019},
  publisher={Pragmatics and Society}
}

@book{Goodglass:1972:Book,
  author = {Goodglass, Harold and Kaplan, Edith},
  title = {The assessment of aphasia and related disorders},
  series = {},
  volume = {},
  publisher = {Philadelphia, Boston: Lea \& Febiger},
  year = {1972}
}

@article{Guarino2019Aging,
  title={Executive Functions in Alzheimer Disease: A Systematic Review},
  author={Guarino, Angela and Favieri, Francesca and Boncompagni, Ilaria and Agostini, Francesca  and Cantone, Micaela and Casagrande, Maria},
  journal={Front Aging Neurosci},  
  year={2019},
}

@INPROCEEDINGS{Tamm2023Cross-Lingual,
  author={Tamm, Bastiaan and Vandenberghe, Rik and Van Hamme, Hugo},
  booktitle={ICASSP 2023 - 2023 IEEE International Conference on Acoustics, Speech and Signal Processing (ICASSP)}, 
  title={Cross-Lingual Transfer Learning for Alzheimer’s Detection from Spontaneous Speech}, 
  year={2023},
  volume={},
  number={},
  pages={1-2},
  keywords={Technological innovation;Transfer learning;Sociology;Signal processing;Aging;Feature extraction;Alzheimer's disease;Alzheimer’s disease;cross-lingual},
  doi={10.1109/ICASSP49357.2023.10096770}}

@book{Wechsler:2009:Book,
  author = {David, Wechsler},
  title = {WMS-IV: Wechsler memory scale},
  series = {Fourth edition},
  volume = {},
  publisher = {Pearson/PsychCorp, Pearson, San Antonio, Tex},
  year = {2009}
}

@article{becker1994dementia,
  title={Dementia bank dataset. English Pitt Corpus},
  author={Becker, JT and Boller, F and Lopez, OL and Saxton, J and McGonigle, KL},
  journal={The natural history of Alzheimer’s disease. Description of study cohort and accuracy of diagnosis. Arch Neurol},
  volume={51},
  pages={585--94},
  year={1994}
}

@inproceedings{chen2023cross,
  title={Cross-lingual Alzheimer’s disease detection based on paralinguistic and pre-trained features},
  author={Chen, Xuchu and Pu, Yu and Li, Jinpeng and Zhang, Wei-Qiang},
  booktitle={ICASSP 2023-2023 IEEE International Conference on Acoustics, Speech and Signal Processing (ICASSP)},
  pages={1--2},
  year={2023},
  organization={IEEE}
}

@inproceedings{duan2024pre,
  title={Pre-trained Feature Fusion and Matching for Mild Cognitive Impairment Detection},
  author={Duan, Junwen and Wei, Fangyuan and Li, Hong-Dong and Liu, Jin},
  booktitle={Proc. Interspeech 2024},
  pages={962--966},
  year={2024}
}

@article{fraser2019multilingual,
  title={Multilingual word embeddings for the assessment of narrative speech in mild cognitive impairment},
  author={Fraser, Kathleen C and Fors, Kristina Lundholm and Kokkinakis, Dimitrios},
  journal={Computer Speech \& Language},
  volume={53},
  pages={121--139},
  year={2019},
  publisher={Elsevier}
}

@book{goodglass2001bdae,
  title={BDAE: The Boston diagnostic aphasia examination},
  author={Goodglass, Harold and Kaplan, Edith and Weintraub, Sandra},
  year={2001},
  publisher={Lippincott Williams \& Wilkins Philadelphia, PA}
}

@article{herd2014cohort,
  title={Cohort profile: Wisconsin longitudinal study (WLS)},
  author={Herd, Pamela and Carr, Deborah and Roan, Carol},
  journal={International journal of epidemiology},
  volume={43},
  number={1},
  pages={34--41},
  year={2014},
  publisher={Oxford University Press}
}

@article{hobson2015montreal,
  title={The montreal cognitive assessment (MoCA)},
  author={Hobson, John},
  journal={Occupational Medicine},
  volume={65},
  number={9},
  pages={764--765},
  year={2015},
  publisher={Oxford University Press UK}
}

@article{ivanova2022discriminating,
  title={Discriminating speech traits of Alzheimer's disease assessed through a corpus of reading task for Spanish language},
  author={Ivanova, Olga and Meil{\'a}n, Juan Jos{\'e} G and Mart{\'\i}nez-S{\'a}nchez, Francisco and Mart{\'\i}nez-Nicol{\'a}s, Israel and Llorente, Thide E and Gonz{\'a}lez, Nuria Carcavilla},
  journal={Computer Speech \& Language},
  volume={73},
  pages={101341},
  year={2022},
  publisher={Elsevier}
}

@inproceedings{jain2021exploring,
  title={Exploring the Effects of Different Embedding Algorithms and Neural Architectures on Early Detection of Alzheimer's Disease.},
  author={Jain, Minni and Doshi, Rishabh and Sehra, Vibhu and Sethia, Divyashikha},
  booktitle={ISIC},
  pages={376--383},
  year={2021}
}

@article{johnston2023spectral,
  title={Spectral slowing in chronic stroke reflects abnormalities in both periodic and aperiodic neural dynamics},
  author={Johnston, Phillip R and McIntosh, Anthony R and Meltzer, Jed A},
  journal={NeuroImage: Clinical},
  volume={37},
  pages={103277},
  year={2023},
  publisher={Elsevier}
}

@article{kempler1987syntactic,
  title={Syntactic preservation in Alzheimer's disease},
  author={Kempler, Daniel and Curtiss, Susan and Jackson, Catherine},
  journal={Journal of Speech, Language, and Hearing Research},
  volume={30},
  number={3},
  pages={343--350},
  year={1987},
  publisher={ASHA}
}

@inproceedings{kurtz2023early,
  title={Early detection of cognitive decline using voice assistant commands},
  author={Kurtz, Eli and Zhu, Youxiang and Driesse, Tiffany and Tran, Bang and Batsis, John A and Roth, Robert M and Liang, Xiaohui},
  booktitle={ICASSP 2023-2023 IEEE International Conference on Acoustics, Speech and Signal Processing (ICASSP)},
  pages={1--5},
  year={2023},
  organization={IEEE}
}

@article{lanzi2023dementiabank,
  title={DementiaBank: Theoretical rationale, protocol, and illustrative analyses},
  author={Lanzi, Alyssa M and Saylor, Anna K and Fromm, Davida and Liu, Houjun and MacWhinney, Brian and Cohen, Matthew L},
  journal={American Journal of Speech-Language Pathology},
  volume={32},
  number={2},
  pages={426--438},
  year={2023},
  publisher={ASHA}
}

@book{lezak2004neuropsychological,
  title={Neuropsychological assessment},
  author={Lezak, Muriel Deutsch},
  year={2004},
  publisher={Oxford University Press, USA}
}

@article{liang2022evaluating,
  title={Evaluating voice-assistant commands for dementia detection},
  author={Liang, Xiaohui and Batsis, John A and Zhu, Youxiang and Driesse, Tiffany M and Roth, Robert M and Kotz, David and MacWhinney, Brian},
  journal={Computer Speech \& Language},
  volume={72},
  pages={101297},
  year={2022},
  publisher={Elsevier}
}

@article{liu2021spontaneous,
  title={Spontaneous language analysis in Alzheimer’s disease: evaluation of natural language processing technique for analyzing lexical performance},
  author={Liu, Ning and Yuan, Zhenming},
  journal={Journal of Shanghai Jiaotong University (Science)},
  pages={1--8},
  year={2021},
  publisher={Springer}
}

@article{liu2022improving,
  title={Improving Alzheimer's disease detection for speech based on feature purification network},
  author={Liu, Ning and Yuan, Zhenming and Tang, Qingfeng},
  journal={Frontiers in Public Health},
  volume={9},
  pages={835960},
  year={2022},
  publisher={Frontiers}
}

@inproceedings{luz2023multilingual,
  title={Multilingual alzheimer’s dementia recognition through spontaneous speech: a signal processing grand challenge},
  author={Luz, Saturnino and Haider, Fasih and Fromm, Davida and Lazarou, Ioulietta and Kompatsiaris, Ioannis and MacWhinney, Brian},
  booktitle={ICASSP 2023-2023 IEEE International Conference on Acoustics, Speech and Signal Processing (ICASSP)},
  pages={1--2},
  year={2023},
  organization={IEEE}
}

@article{luz2024connected,
  title={Connected Speech-Based Cognitive Assessment in Chinese and English},
  author={Luz, Saturnino and Garcia, Sofia De La Fuente and Haider, Fasih and Fromm, Davida and MacWhinney, Brian and Lanzi, Alyssa and Chang, Ya-Ning and Chou, Chia-Ju and Liu, Yi-Chien},
  year={2024}
}

@article{macwhinney2011aphasiabank,
  title={AphasiaBank: Methods for studying discourse},
  author={MacWhinney, Brian and Fromm, Davida and Forbes, Margaret and Holland, Audrey},
  journal={Aphasiology},
  volume={25},
  number={11},
  pages={1286--1307},
  year={2011},
  publisher={Taylor \& Francis}
}

@article{orozco2024automatic,
  title={An automatic Alzheimer’s disease classifier based on reading task for Spanish language},
  author={Orozco-Chavez, Isabel and Mart{\'\i}nez-Estrada, Mois{\'e}s and Itz{\'a}-Ortiz, Benjam{\'\i}n A},
  journal={The European Physical Journal Special Topics},
  pages={1--15},
  year={2024},
  publisher={Springer}
}

@article{ortiz2024deep,
  title={Deep Insights into Cognitive Decline: A Survey of Leveraging Non-Intrusive Modalities with Deep Learning Techniques},
  author={Ortiz-Perez, David and Benavent-Lledo, Manuel and Garcia-Rodriguez, Jose and Tom{\'a}s, David and Vizcaya-Moreno, M Flores},
  journal={arXiv preprint arXiv:2410.18972},
  year={2024}
}

@article{qi2023noninvasive,
  title={Noninvasive automatic detection of Alzheimer's disease from spontaneous speech: a review},
  author={Qi, Xiaoke and Zhou, Qing and Dong, Jian and Bao, Wei},
  journal={Frontiers in Aging Neuroscience},
  volume={15},
  pages={1224723},
  year={2023},
  publisher={Frontiers Media SA}
}

@article{sadeghian2021towards,
  title={Towards an automatic speech-based diagnostic test for Alzheimer’s disease},
  author={Sadeghian, Roozbeh and Schaffer, J David and Zahorian, Stephen A},
  journal={Frontiers in Computer Science},
  volume={3},
  pages={624594},
  year={2021},
  publisher={Frontiers Media SA}
}

@article{shakeri2025natural,
  title={Natural language processing in Alzheimer's disease research: Systematic review of methods, data, and efficacy},
  author={Shakeri, Arezo and Farmanbar, Mina},
  journal={Alzheimer's \& Dementia: Diagnosis, Assessment \& Disease Monitoring},
  volume={17},
  number={1},
  pages={e70082},
  year={2025}
}

@article{suarez2024alzheimer,
  title={Is Alzheimer’s Disease a Cross-Linguistic Issue? Comparing Corpora from a Role and Reference Grammar Perspective},
  author={Su{\'a}rez Rodr{\'\i}guez, Alejandro},
  journal={C{\'\i}rculo de ling{\"u}{\'\i}stica aplicada a la comunicaci{\'o}n},
  year={2024}
}

@article{wen2023revealing,
  title={Revealing the Roles of Part-of-Speech Taggers in Alzheimer Disease Detection: Scientific Discovery Using One-Intervention Causal Explanation},
  author={Wen, Bingyang and Wang, Ning and Subbalakshmi, Koduvayur and Chandramouli, Rajarathnam and others},
  journal={JMIR Formative Research},
  volume={7},
  number={1},
  pages={e36590},
  year={2023},
  publisher={JMIR Publications Inc., Toronto, Canada}
}

@article{ying2023multimodal,
  title={Multimodal fusion for alzheimer’s disease recognition},
  author={Ying, Yangwei and Yang, Tao and Zhou, Hong},
  journal={Applied Intelligence},
  volume={53},
  number={12},
  pages={16029--16040},
  year={2023},
  publisher={Springer}
}

