@misc{AlzheimersAssociation,
  author = {Alzheimer's Association},
  title = {What is Dementia?},
  year = {},
  url = {https://www.alz.org/alzheimers-dementia/what-is-dementia},
  note = {Accessed: 2024-12-20}
}

@misc{WorldHealthOrganization,
  author = {World Health Organization},
  title = {Alzheimer's Disease Fact Sheet},
  year = {2023},
  url = {https://www.nia.nih.gov/health/alzheimers-and-dementia/alzheimers-disease-fact-sheet},
  note = {Accessed: 2024-12-20}
}

@article{Bondi,
  author = {Bondi, Mark W. and Edmonds, Emily C. and Salmon, David P.},
  title = {Alzheimer's Disease: Past, Present, and Future},
  journal = {Journal of the International Neuropsychological Society: JINS},
  volume = {23},
  number = {9-10},
  pages = {818--831},
  year = {2017}
}

@article{Beltrami,
  author = {Beltrami, Daniela and Gagliardi, Gloria and Rossini Favretti, Rema and Ghidoni, Enrico and Tamburini, Fabio and Calzà, Laura},
  title = {Speech Analysis by Natural Language Processing Techniques: A Possible Tool for Very Early Detection of Cognitive Decline?},
  journal = {Frontiers in Aging Neuroscience},
  volume = {10},
  number = {},
  pages = {},
  year = {2018}
}

@misc{National,
  author = {National Institute on Aging},
  title = {How Is Alzheimer's Disease Treated?},
  year = {2023},
  url = {https://www.nia.nih.gov/health/alzheimers-treatment/how-alzheimers-disease-treated},
  note = {Accessed: 2024-12-20}
}



@article{boustani2005implementing,
  title={Implementing a screening and diagnosis program for dementia in primary care},
  author={Boustani, Malaz and Callahan, Christopher M and Unverzagt, Frederick W and Austrom, Mary G and Perkins, Anthony J and Fultz, Bridget A and Hui, Siu L and Hendrie, Hugh C},
  journal={Journal of general internal medicine},
  volume={20},
  number={7},
  pages={572--577},
  year={2005},
  publisher={Wiley Online Library}
}
@article{grasset2018evolution,
  title={Evolution of dementia diagnosis over time (1988--2013): Evidence from French and English cohorts. Implication for secular trends analyses},
  author={Grasset, Leslie and Matthews, Fiona E and P{\'e}res, Karine and Foubert-Samier, Alexandra and Helmer, Catherine and Dartigues, Jean-Fran{\c{c}}ois and Brayne, Carol},
  journal={Alzheimer's \& Dementia: Diagnosis, Assessment \& Disease Monitoring},
  volume={10},
  pages={490--497},
  year={2018},
  publisher={Elsevier}
}

@article{guo2024trajectory,
  title={Trajectory of multimorbidity before dementia: A 24-year follow-up study},
  author={Guo, Jing and Gao, Bin and Huang, Yun and Song, Suhang},
  journal={Alzheimer's \& Dementia: Diagnosis, Assessment \& Disease Monitoring},
  volume={16},
  number={1},
  pages={e12523},
  year={2024},
  publisher={Wiley Online Library}
}

@article{johnsen2023incidence,
  title={Incidence of dementia over a period of 20 years in a Norwegian population},
  author={Johnsen, Bente and Martinaityte, Ieva and Wilsgaard, Tom and Schirmer, Henrik},
  journal={Alzheimer's \& Dementia: Diagnosis, Assessment \& Disease Monitoring},
  volume={15},
  number={4},
  pages={e12479},
  year={2023},
  publisher={Wiley Online Library}
}

@article{lane2018alzheimer,
  title={Alzheimer's disease},
  author={Lane, Christopher A and Hardy, John and Schott, Jonathan M},
  journal={European journal of neurology},
  volume={25},
  number={1},
  pages={59--70},
  year={2018},
  publisher={Wiley Online Library}
}

@article{yang2022deep,
  title={Deep learning-based speech analysis for Alzheimer’s disease detection: a literature review},
  author={Yang, Qin and Li, Xin and Ding, Xinyun and Xu, Feiyang and Ling, Zhenhua},
  journal={Alzheimer's Research \& Therapy},
  volume={14},
  number={1},
  pages={186},
  year={2022},
  publisher={Springer}
}
@article{petti2020systematic,
  title={A systematic literature review of automatic Alzheimer’s disease detection from speech and language},
  author={Petti, Ulla and Baker, Simon and Korhonen, Anna},
  journal={Journal of the American Medical Informatics Association},
  volume={27},
  number={11},
  pages={1784--1797},
  year={2020},
  publisher={Oxford University Press}
}
@article{laguarta2021longitudinal,
  title={Longitudinal speech biomarkers for automated alzheimer's detection},
  author={Laguarta, Jordi and Subirana, Brian},
  journal={frontiers in Computer Science},
  volume={3},
  pages={624694},
  year={2021},
  publisher={Frontiers Media SA}
}
@article{wen2023revealing,
  title={Revealing the Roles of Part-of-Speech Taggers in Alzheimer Disease Detection: Scientific Discovery Using One-Intervention Causal Explanation},
  author={Wen, Bingyang and Wang, Ning and Subbalakshmi, Koduvayur and Chandramouli, Rajarathnam and others},
  journal={JMIR Formative Research},
  volume={7},
  number={1},
  pages={e36590},
  year={2023},
  publisher={JMIR Publications Inc., Toronto, Canada}
}

@article{sadeghian2021towards,
  title={Towards an automatic speech-based diagnostic test for Alzheimer’s disease},
  author={Sadeghian, Roozbeh and Schaffer, J David and Zahorian, Stephen A},
  journal={Frontiers in Computer Science},
  volume={3},
  pages={624594},
  year={2021},
  publisher={Frontiers Media SA}
}

@article{liu2022improving,
  title={Improving Alzheimer's disease detection for speech based on feature purification network},
  author={Liu, Ning and Yuan, Zhenming and Tang, Qingfeng},
  journal={Frontiers in Public Health},
  volume={9},
  pages={835960},
  year={2022},
  publisher={Frontiers}
}

@article{lindsay2021language,
  title={Language impairment in alzheimer’s disease—Robust and explainable evidence for ad-related deterioration of spontaneous speech through multilingual machine learning},
  author={Lindsay, Hali and Tr{\"o}ger, Johannes and K{\"o}nig, Alexandra},
  journal={Frontiers in aging neuroscience},
  volume={13},
  pages={642033},
  year={2021},
  publisher={Frontiers}
}
@inproceedings{perez2022alzheimer,
  title={Alzheimer's Detection from English to Spanish Using Acoustic and Linguistic Embeddings.},
  author={P{\'e}rez-Toro, Paula Andrea and Klumpp, Philipp and Hernandez, Abner and Arias, Tomas and Lillo, Patricia and Slachevsky, Andrea and Garc{\'\i}a, Adolfo Mart{\'\i}n and Schuster, Maria and Maier, Andreas K and Noeth, Elmar and others},
  booktitle={Interspeech},
  pages={2483--2487},
  year={2022}
}

@inproceedings{luz2023multilingual,
  title={Multilingual alzheimer’s dementia recognition through spontaneous speech: a signal processing grand challenge},
  author={Luz, Saturnino and Haider, Fasih and Fromm, Davida and Lazarou, Ioulietta and Kompatsiaris, Ioannis and MacWhinney, Brian},
  booktitle={ICASSP 2023-2023 IEEE International Conference on Acoustics, Speech and Signal Processing (ICASSP)},
  pages={1--2},
  year={2023},
  organization={IEEE}
}

@article{becker1994dementia,
  title={Dementia bank dataset. English Pitt Corpus},
  author={Becker, JT and Boller, F and Lopez, OL and Saxton, J and McGonigle, KL},
  journal={The natural history of Alzheimer’s disease. Description of study cohort and accuracy of diagnosis. Arch Neurol},
  volume={51},
  pages={585--94},
  year={1994}
}

@article{lanzi2023dementiabank,
  title={DementiaBank: Theoretical rationale, protocol, and illustrative analyses},
  author={Lanzi, Alyssa M and Saylor, Anna K and Fromm, Davida and Liu, Houjun and MacWhinney, Brian and Cohen, Matthew L},
  journal={American Journal of Speech-Language Pathology},
  volume={32},
  number={2},
  pages={426--438},
  year={2023},
  publisher={ASHA}
}
@article{liang2022evaluating,
  title={Evaluating voice-assistant commands for dementia detection},
  author={Liang, Xiaohui and Batsis, John A and Zhu, Youxiang and Driesse, Tiffany M and Roth, Robert M and Kotz, David and MacWhinney, Brian},
  journal={Computer Speech \& Language},
  volume={72},
  pages={101297},
  year={2022},
  publisher={Elsevier}
}
@article{johnston2023spectral,
  title={Spectral slowing in chronic stroke reflects abnormalities in both periodic and aperiodic neural dynamics},
  author={Johnston, Phillip R and McIntosh, Anthony R and Meltzer, Jed A},
  journal={NeuroImage: Clinical},
  volume={37},
  pages={103277},
  year={2023},
  publisher={Elsevier}
}

@article{kempler1987syntactic,
  title={Syntactic preservation in Alzheimer's disease},
  author={Kempler, Daniel and Curtiss, Susan and Jackson, Catherine},
  journal={Journal of Speech, Language, and Hearing Research},
  volume={30},
  number={3},
  pages={343--350},
  year={1987},
  publisher={ASHA}
}
@article{herd2014cohort,
  title={Cohort profile: Wisconsin longitudinal study (WLS)},
  author={Herd, Pamela and Carr, Deborah and Roan, Carol},
  journal={International journal of epidemiology},
  volume={43},
  number={1},
  pages={34--41},
  year={2014},
  publisher={Oxford University Press}
}

@misc{NCMMSC2021,
  author = {},
  title = {NCMMSC AD2021: Alzheimer’s disease recognition
evaluation 2021},
  year = {2021},
  url = {https://github.com/THUsatlab/AD2021},
  note = {}
}






@INPROCEEDINGS{Tamm2023Cross-Lingual,
  author={Tamm, Bastiaan and Vandenberghe, Rik and Van Hamme, Hugo},
  booktitle={ICASSP 2023 - 2023 IEEE International Conference on Acoustics, Speech and Signal Processing (ICASSP)}, 
  title={Cross-Lingual Transfer Learning for Alzheimer’s Detection from Spontaneous Speech}, 
  year={2023},
  volume={},
  number={},
  pages={1-2},
  keywords={Technological innovation;Transfer learning;Sociology;Signal processing;Aging;Feature extraction;Alzheimer's disease;Alzheimer’s disease;cross-lingual},
  doi={10.1109/ICASSP49357.2023.10096770}}
@article{ivanova2022discriminating,
  title={Discriminating speech traits of Alzheimer's disease assessed through a corpus of reading task for Spanish language},
  author={Ivanova, Olga and Meil{\'a}n, Juan Jos{\'e} G and Mart{\'\i}nez-S{\'a}nchez, Francisco and Mart{\'\i}nez-Nicol{\'a}s, Israel and Llorente, Thide E and Gonz{\'a}lez, Nuria Carcavilla},
  journal={Computer Speech \& Language},
  volume={73},
  pages={101341},
  year={2022},
  publisher={Elsevier}
}
@article{perez2012deficit,
  title={El d{\'e}ficit ling{\"u}{\'\i}stico en personas con demencia de tipo alzh{\'e}imer: breve estado de la cuesti{\'o}n},
  author={P{\'e}rez Mantero, Jos{\'e} Luis and others},
  year={2012},
  publisher={C{\'a}diz: Universidad de C{\'a}diz, Servicio de Publicaciones}
}
@article{suarez2024alzheimer,
  title={Is Alzheimer’s Disease a Cross-Linguistic Issue? Comparing Corpora from a Role and Reference Grammar Perspective},
  author={Su{\'a}rez Rodr{\'\i}guez, Alejandro},
  journal={C{\'\i}rculo de ling{\"u}{\'\i}stica aplicada a la comunicaci{\'o}n},
  year={2024}
}


@article{Cummings2019Describing,
  title={Describing the Cookie Theft picture: Sources of breakdown in Alzheimer's dementia},
  author={Cummings, Louise},
  journal={Pragmatics and Society},
  volume={10},
  number={},
  pages={151-174},
  year={2019},
  publisher={Pragmatics and Society}
}

@article{qi2023noninvasive,
  title={Noninvasive automatic detection of Alzheimer's disease from spontaneous speech: a review},
  author={Qi, Xiaoke and Zhou, Qing and Dong, Jian and Bao, Wei},
  journal={Frontiers in Aging Neuroscience},
  volume={15},
  pages={1224723},
  year={2023},
  publisher={Frontiers Media SA}
}

@article{macwhinney2011aphasiabank,
  title={AphasiaBank: Methods for studying discourse},
  author={MacWhinney, Brian and Fromm, Davida and Forbes, Margaret and Holland, Audrey},
  journal={Aphasiology},
  volume={25},
  number={11},
  pages={1286--1307},
  year={2011},
  publisher={Taylor \& Francis}
}


@article{luz2024connected,
  title={Connected Speech-Based Cognitive Assessment in Chinese and English},
  author={Luz, Saturnino and Garcia, Sofia De La Fuente and Haider, Fasih and Fromm, Davida and MacWhinney, Brian and Lanzi, Alyssa and Chang, Ya-Ning and Chou, Chia-Ju and Liu, Yi-Chien},
  year={2024}
}
@article{ortiz2024deep,
  title={Deep Insights into Cognitive Decline: A Survey of Leveraging Non-Intrusive Modalities with Deep Learning Techniques},
  author={Ortiz-Perez, David and Benavent-Lledo, Manuel and Garcia-Rodriguez, Jose and Tom{\'a}s, David and Vizcaya-Moreno, M Flores},
  journal={arXiv preprint arXiv:2410.18972},
  year={2024}
}
@article{liu2021spontaneous,
  title={Spontaneous language analysis in Alzheimer’s disease: evaluation of natural language processing technique for analyzing lexical performance},
  author={Liu, Ning and Yuan, Zhenming},
  journal={Journal of Shanghai Jiaotong University (Science)},
  pages={1--8},
  year={2021},
  publisher={Springer}
}

@article{karakostas2016care,
  title={The dem@ care experiments and datasets: a technical report},
  author={Karakostas, Anastasios and Briassouli, Alexia and Avgerinakis, Konstantinos and Kompatsiaris, Ioannis and Tsolaki, Magda},
  journal={arXiv preprint arXiv:1701.01142},
  year={2016}
}
@inproceedings{radford2023robust,
  title={Robust speech recognition via large-scale weak supervision},
  author={Radford, Alec and Kim, Jong Wook and Xu, Tao and Brockman, Greg and McLeavey, Christine and Sutskever, Ilya},
  booktitle={International conference on machine learning},
  pages={28492--28518},
  year={2023},
  organization={PMLR}
}

@book{Goodglass:1972:Book,
  author = {Goodglass, Harold and Kaplan, Edith},
  title = {The assessment of aphasia and related disorders},
  series = {},
  volume = {},
  publisher = {Philadelphia, Boston: Lea \& Febiger},
  year = {1972}
}

@book{Wechsler:2009:Book,
  author = {David, Wechsler},
  title = {WMS-IV: Wechsler memory scale},
  series = {Fourth edition},
  volume = {},
  publisher = {Pearson/PsychCorp, Pearson, San Antonio, Tex},
  year = {2009}
}


@book{lezak2004neuropsychological,
  title={Neuropsychological assessment},
  author={Lezak, Muriel Deutsch},
  year={2004},
  publisher={Oxford University Press, USA}
}

@article{Riverta2019Linguistics,
  title={A Study Conception about Language Similarities},
  author={Laffita Riverta Joel},
  journal={Open Journal of Modern Linguistics},
volume = {9},
pages={47-58},
  year={2019}
}
@article{orozco2024automatic,
  title={An automatic Alzheimer’s disease classifier based on reading task for Spanish language},
  author={Orozco-Chavez, Isabel and Mart{\'\i}nez-Estrada, Mois{\'e}s and Itz{\'a}-Ortiz, Benjam{\'\i}n A},
  journal={The European Physical Journal Special Topics},
  pages={1--15},
  year={2024},
  publisher={Springer}
}

@inproceedings{kurtz2023early,
  title={Early detection of cognitive decline using voice assistant commands},
  author={Kurtz, Eli and Zhu, Youxiang and Driesse, Tiffany and Tran, Bang and Batsis, John A and Roth, Robert M and Liang, Xiaohui},
  booktitle={ICASSP 2023-2023 IEEE International Conference on Acoustics, Speech and Signal Processing (ICASSP)},
  pages={1--5},
  year={2023},
  organization={IEEE}
}

@article{ying2023multimodal,
  title={Multimodal fusion for alzheimer’s disease recognition},
  author={Ying, Yangwei and Yang, Tao and Zhou, Hong},
  journal={Applied Intelligence},
  volume={53},
  number={12},
  pages={16029--16040},
  year={2023},
  publisher={Springer}
}


@inproceedings{chen2023cross,
  title={Cross-lingual Alzheimer’s disease detection based on paralinguistic and pre-trained features},
  author={Chen, Xuchu and Pu, Yu and Li, Jinpeng and Zhang, Wei-Qiang},
  booktitle={ICASSP 2023-2023 IEEE International Conference on Acoustics, Speech and Signal Processing (ICASSP)},
  pages={1--2},
  year={2023},
  organization={IEEE}
}

@article{mao2024towards,
  title={Towards Integrating Federated Learning with Split Learning via Spatio-temporal Graph Framework for Brain Disease Prediction},
  author={Mao, Junbin and Liu, Jin and Tian, Xu and Pan, Yi and Trucco, Emanuele and Lin, Hanhe},
  journal={IEEE Transactions on Medical Imaging},
  year={2024},
  publisher={IEEE}
}
@inproceedings{jain2021exploring,
  title={Exploring the Effects of Different Embedding Algorithms and Neural Architectures on Early Detection of Alzheimer's Disease.},
  author={Jain, Minni and Doshi, Rishabh and Sehra, Vibhu and Sethia, Divyashikha},
  booktitle={ISIC},
  pages={376--383},
  year={2021}
}



@article{fraser2019multilingual,
  title={Multilingual word embeddings for the assessment of narrative speech in mild cognitive impairment},
  author={Fraser, Kathleen C and Fors, Kristina Lundholm and Kokkinakis, Dimitrios},
  journal={Computer Speech \& Language},
  volume={53},
  pages={121--139},
  year={2019},
  publisher={Elsevier}
}

@inproceedings{fraser2019multilingual_french,
  title={Multilingual prediction of Alzheimer’s disease through domain adaptation and concept-based language modelling},
  author={Fraser, Kathleen C and Linz, Nicklas and Li, Bai and Fors, Kristina Lundholm and Rudzicz, Frank and K{\"o}nig, Alexandra and Alexandersson, Jan and Robert, Philippe and Kokkinakis, Dimitrios},
  booktitle={Proceedings of the 2019 Conference of the North American Chapter of the Association for Computational Linguistics: Human Language Technologies, Volume 1 (Long and Short Papers)},
  pages={3659--3670},
  year={2019}
}

@article{hobson2015montreal,
  title={The montreal cognitive assessment (MoCA)},
  author={Hobson, John},
  journal={Occupational Medicine},
  volume={65},
  number={9},
  pages={764--765},
  year={2015},
  publisher={Oxford University Press UK}
}


@book{goodglass2001bdae,
  title={BDAE: The Boston diagnostic aphasia examination},
  author={Goodglass, Harold and Kaplan, Edith and Weintraub, Sandra},
  year={2001},
  publisher={Lippincott Williams \& Wilkins Philadelphia, PA}
}
@article{guo2021crossing,
  title={Crossing the “Cookie Theft” corpus chasm: applying what BERT learns from outside data to the ADReSS challenge dementia detection task},
  author={Guo, Yue and Li, Changye and Roan, Carol and Pakhomov, Serguei and Cohen, Trevor},
  journal={Frontiers in Computer Science},
  volume={3},
  pages={642517},
  year={2021},
  publisher={Frontiers Media SA}
}

@article{wang2024multilingual,
  title={Multilingual E5 Text Embeddings: A Technical Report},
  author={Wang, Liang and Yang, Nan and Huang, Xiaolong and Yang, Linjun and Majumder, Rangan and Wei, Furu},
  journal={arXiv preprint arXiv:2402.05672},
  year={2024}
}

@article{shakeri2025natural,
  title={Natural language processing in Alzheimer's disease research: Systematic review of methods, data, and efficacy},
  author={Shakeri, Arezo and Farmanbar, Mina},
  journal={Alzheimer's \& Dementia: Diagnosis, Assessment \& Disease Monitoring},
  volume={17},
  number={1},
  pages={e70082},
  year={2025}
}

@article{adhikari2022exploiting,
  title={Exploiting linguistic information from Nepali transcripts for early detection of Alzheimer's disease using natural language processing and machine learning techniques},
  author={Adhikari, Surabhi and Thapa, Surendrabikram and Naseem, Usman and Singh, Priyanka and Huo, Huan and Bharathy, Gnana and Prasad, Mukesh},
  journal={International Journal of Human-Computer Studies},
  volume={160},
  pages={102761},
  year={2022},
  publisher={Elsevier}
}

@article{searle2020comparing,
  title={Comparing natural language processing techniques for Alzheimer's dementia prediction in spontaneous speech},
  author={Searle, Thomas and Ibrahim, Zina and Dobson, Richard},
  journal={arXiv preprint arXiv:2006.07358},
  year={2020}
}

@inproceedings{martinc2020tackling,
  title={Tackling the ADReSS Challenge: A Multimodal Approach to the Automated Recognition of Alzheimer's Dementia.},
  author={Martinc, Matej and Pollak, Senja},
  booktitle={Interspeech},
  pages={2157--2161},
  year={2020}
}

@article{akobeng2016understanding,
  title={Understanding type I and type II errors, statistical power and sample size},
  author={Akobeng, Anthony K},
  journal={Acta Paediatrica},
  volume={105},
  number={6},
  pages={605--609},
  year={2016},
  publisher={Wiley Online Library}
}

@article{woodward2005mini,
  title={Mini-mental state examination (MMSE)},
  author={Woodward, Michael and Galea, M},
  journal={Aust J Physiother},
  volume={51},
  number={3},
  pages={198},
  year={2005}
}



@article{nasreddine2005montreal,
  title={The Montreal Cognitive Assessment, MoCA: a brief screening tool for mild cognitive impairment},
  author={Nasreddine, Ziad S and Phillips, Natalie A and B{\'e}dirian, Val{\'e}rie and Charbonneau, Simon and Whitehead, Victor and Collin, Isabelle and Cummings, Jeffrey L and Chertkow, Howard},
  journal={Journal of the American Geriatrics Society},
  volume={53},
  number={4},
  pages={695--699},
  year={2005},
  publisher={Wiley Online Library}
}

@article{macwhinney2017tools,
  title={Tools for analyzing talk part 1: The chat transcription format},
  author={MacWhinney, Brian},
  journal={Carnegie.[Google Scholar]},
  volume={16},
  year={2017}
}

@inproceedings{duan2024pre,
  title={Pre-trained Feature Fusion and Matching for Mild Cognitive Impairment Detection},
  author={Duan, Junwen and Wei, Fangyuan and Li, Hong-Dong and Liu, Jin},
  booktitle={Proc. Interspeech 2024},
  pages={962--966},
  year={2024}
}

@article{Language2024,
  title={Language Markers of Dementia and Their Role in Early Diagnosis of Alzheimer's Disease: Exploring Grammatical and Syntactic Competence via Sentence Repetition},
  author={Kaltsa, Maria and Anthoula, Tsolaki and  Lazarou, Ioulietta and Mittas, Ilias and  Papageorgiou, Mairi and Papadopoulou, Despina and Maria Tsimpli, Ianthi and Tsolaki, Magda},
  journal={Journal of Alzheimer's disease reports},
  volume={8},
  year={2024},
  page = {1115-1132}
}

@article{Agbavor2022plos,
  title={Predicting dementia from spontaneous speech using large language models},
  author={Agbavor, Felix and Liang, Hualou },
  journal={PLOS Digit Health},
  volume={1},
  year={2022},
}


@article{Benjamin2024,
  title={The Interspeech 2024 TAUKADIAL Challenge: Multilingual Mild Cognitive Impairment Detection with Multimodal Approach},
  author={Benjamin, Barrera-Altuna and Daeun, Lee and Zaima, Zarnaz and Jinyoung, Han and Seungbae, Kim},
  journal={Proc. Interspeech 2024},
  pages={967-971},
  year={2024},
}

@INPROCEEDINGS{Shakeri2024ICAPAI,
  author={Shakeri, Arezo and Freja, Shaima Ahmad and Hallaj, Yeganeh and Farmanbar, Mina},
  booktitle={2024 4th International Conference on Applied Artificial Intelligence (ICAPAI)}, 
  title={Uncovering Linguistic Patterns: A Machine Learning Exploration for Early Dementia Detection in Speech Transcripts}, 
  year={2024},
  pages={1-8},
  }

@INPROCEEDINGS{fraseretal2019multilingual,
    title = {Multilingual prediction of {A}lzheimer`s disease through domain adaptation and concept-based language modelling},
    author = {Fraser, Kathleen C. and Linz, Nicklas and Li, Bai and Lundholm Fors, Kristina  and
      Rudzicz, Frank and K{\"o}nig, Alexandra and Alexandersson, Jan and Robert, Philippe and
      Kokkinakis, Dimitrios},   
    year = {2019},
   booktitle = {Proceedings of the 2019 Conference of the North {A}merican Chapter of the Association for Computational Linguistics: Human Language Technologies, Volume 1 (Long and Short Papers)},
    publisher = {Association for Computational Linguistics},
    pages = {3659-3670},
   }


@article{Knopman2014mayo,
  title={Mild cognitive impairment and mild dementia: a clinical perspective},
  author={Knopman David S. and Petersen Ronald C.},
  journal={Mayo Clinic proceedings},
  pages={1452–1459},
  year={2014},
}
Guarino A, Favieri F, Boncompagni I, Agostini F, Cantone M, Casagrande M. . Front Aging Neurosci. 2019 Jan 15;10:437. doi: 10.3389/fnagi.2018.00437. PMID: 30697157; PMCID: PMC6341024.


@article{Guarino2019Aging,
  title={Executive Functions in Alzheimer Disease: A Systematic Review},
  author={Guarino, Angela and Favieri, Francesca and Boncompagni, Ilaria and Agostini, Francesca  and Cantone, Micaela and Casagrande, Maria},
  journal={Front Aging Neurosci},  
  year={2019},
}