@inproceedings{burns2007sampling,
  title={Sampling-based motion planning with sensing uncertainty},
  author={Burns, Brendan and Brock, Oliver},
  booktitle={Proceedings 2007 IEEE International Conference on Robotics and Automation},
  pages={3313--3318},
  year={2007},
  organization={IEEE}
}

@inproceedings{dawson2020provably,
  title={Provably safe trajectory optimization in the presence of uncertain convex obstacles},
  author={Dawson, Charles and Jasour, Ashkan and Hofmann, Andreas and Williams, Brian},
  booktitle={2020 IEEE/RSJ International Conference on Intelligent Robots and Systems (IROS)},
  pages={6237--6244},
  year={2020},
  organization={IEEE}
}

@article{du2011probabilistic,
  title={Probabilistic collision checking with chance constraints},
  author={Du Toit, Noel E and Burdick, Joel W},
  journal={IEEE Transactions on Robotics},
  volume={27},
  number={4},
  pages={809--815},
  year={2011},
  publisher={IEEE}
}

@inproceedings{lambert2008fast,
  title={A fast monte carlo algorithm for collision probability estimation},
  author={Lambert, Alain and Gruyer, Dominique and Saint Pierre, Guillaume},
  booktitle={2008 10th International Conference on Control, Automation, Robotics and Vision},
  pages={406--411},
  year={2008},
  organization={IEEE}
}

@inproceedings{pan2017probabilistic,
  title={Probabilistic collision detection between noisy point clouds using robust classification},
  author={Pan, Jia and Chitta, Sachin and Manocha, Dinesh},
  booktitle={Robotics Research: The 15th International Symposium ISRR},
  pages={77--94},
  year={2017},
  organization={Springer}
}

@article{park2018fast,
  title={Fast and bounded probabilistic collision detection for high-DOF trajectory planning in dynamic environments},
  author={Park, Chonhyon and Park, Jae S and Manocha, Dinesh},
  journal={IEEE Transactions on Automation Science and Engineering},
  volume={15},
  number={3},
  pages={980--991},
  year={2018},
  publisher={IEEE}
}

@article{park2020efficient,
  title={Efficient probabilistic collision detection for non-gaussian noise distributions},
  author={Park, Jae Sung and Manocha, Dinesh},
  journal={IEEE Robotics and Automation Letters},
  volume={5},
  number={2},
  pages={1024--1031},
  year={2020},
  publisher={IEEE}
}

@inproceedings{quintero2024stochastic,
  title={Stochastic Implicit Neural Signed Distance Functions for Safe Motion Planning under Sensing Uncertainty},
  author={Quintero-Pena, Carlos and Thomason, Wil and Kingston, Zachary and Kyrillidis, Anastasios and Kavraki, Lydia E},
  booktitle={2024 IEEE International Conference on Robotics and Automation (ICRA)},
  pages={2360--2367},
  year={2024},
  organization={IEEE}
}

@article{zhu2019chance,
  title={Chance-constrained collision avoidance for mavs in dynamic environments},
  author={Zhu, Hai and Alonso-Mora, Javier},
  journal={IEEE Robotics and Automation Letters},
  volume={4},
  number={2},
  pages={776--783},
  year={2019},
  publisher={IEEE}
}

