@inproceedings{kalakrishnan2011stomp,
  title={STOMP: Stochastic trajectory optimization for motion planning},
  author={Kalakrishnan, Mrinal and Chitta, Sachin and Theodorou, Evangelos and Pastor, Peter and Schaal, Stefan},
  booktitle={2011 IEEE international conference on robotics and automation},
  pages={4569--4574},
  year={2011},
  organization={IEEE}
}

@article{coleman2014reducing,
  title={Reducing the barrier to entry of complex robotic software: a moveit! case study},
  author={Coleman, David and Sucan, Ioan and Chitta, Sachin and Correll, Nikolaus},
  journal={arXiv preprint arXiv:1404.3785},
  year={2014}
}

@article{wu2023learning,
  title={Learning-Free Grasping of Unknown Objects Using Hidden Superquadrics},
  author={Wu, Yuwei and Liu, Weixiao and Liu, Zhiyang and Chirikjian, Gregory S},
  journal={arXiv preprint arXiv:2305.06591},
  year={2023}
}

@article{opencv_library,
    author = {Bradski, G.},
    citeulike-article-id = {2236121},
    journal = {Dr. Dobb's Journal of Software Tools},
    keywords = {bibtex-import},
    posted-at = {2008-01-15 19:21:54},
    priority = {4},
    title = {{The OpenCV Library}},
    year = {2000}
}

@inproceedings{liu2023marching,
  title={Marching-primitives: Shape abstraction from signed distance function},
  author={Liu, Weixiao and Wu, Yuwei and Ruan, Sipu and Chirikjian, Gregory S},
  booktitle={Proceedings of the IEEE/CVF Conference on Computer Vision and Pattern Recognition},
  pages={8771--8780},
  year={2023}
}

@misc{Lopes2024ellip,
  author = {Daniel Lopes},
  title = {Are Two Ellipsoids in Contact? Algebraic Separation Condition for Ellipsoids},
  year = {2024},
  howpublished = {\url{https://www.mathworks.com/matlabcentral/fileexchange/32172-are-two-ellipsoids-in-contact-algebraic-separation-condition-for-ellipsoids}},
  note = {MATLAB Central File Exchange, Retrieved August 4, 2024}
}

@inproceedings{quintero2024stochastic,
  title={Stochastic Implicit Neural Signed Distance Functions for Safe Motion Planning under Sensing Uncertainty},
  author={Quintero-Pena, Carlos and Thomason, Wil and Kingston, Zachary and Kyrillidis, Anastasios and Kavraki, Lydia E},
  booktitle={2024 IEEE International Conference on Robotics and Automation (ICRA)},
  pages={2360--2367},
  year={2024},
  organization={IEEE}
}

@inproceedings{mustafa2023probabilistic,
  title={Probabilistic risk assessment for chance-constrained collision avoidance in uncertain dynamic environments},
  author={Mustafa, Khaled A and de Groot, Oscar and Wang, Xinwei and Kober, Jens and Alonso-Mora, Javier},
  booktitle={2023 IEEE International Conference on Robotics and Automation (ICRA)},
  pages={3628--3634},
  year={2023},
  organization={IEEE}
}

@article{thomas2022safe,
  title={Safe motion planning with environment uncertainty},
  author={Thomas, Antony and Mastrogiovanni, Fulvio and Baglietto, Marco},
  journal={Robotics and Autonomous Systems},
  volume={156},
  pages={104203},
  year={2022},
  publisher={Elsevier}
}

@inproceedings{genevois2023probabilistic,
  title={From Probabilistic Occupancy Grids to versatile Collision Avoidance using Predictive Collision Detection},
  author={Genevois, Thomas and Rummelhard, Lukas and Spalanzani, Anne and Laugier, Christian},
  booktitle={2023 IEEE 26th International Conference on Intelligent Transportation Systems (ITSC)},
  pages={79--85},
  year={2023},
  organization={IEEE}
}

@article{paiola2023evaluation,
  title={On the evaluation of collision probability along a path},
  author={Paiola, Lorenzo and Grioli, Giorgio and Bicchi, Antonio},
  journal={arXiv preprint arXiv:2311.08204},
  year={2023}
}

@inproceedings{xu2024quadcopter,
  title={Quadcopter Trajectory Time Minimization and Robust Collision Avoidance via Optimal Time Allocation},
  author={Xu, Zhefan and Shimada, Kenji},
  booktitle={2024 IEEE International Conference on Robotics and Automation (ICRA)},
  pages={16531--16537},
  year={2024},
  organization={IEEE}
}

@inproceedings{xu2023vision,
  title={Vision-aided UAV navigation and dynamic obstacle avoidance using gradient-based B-spline trajectory optimization},
  author={Xu, Zhefan and Xiu, Yumeng and Zhan, Xiaoyang and Chen, Baihan and Shimada, Kenji},
  booktitle={2023 IEEE International Conference on Robotics and Automation (ICRA)},
  pages={1214--1220},
  year={2023},
  organization={IEEE}
}

@article{benders2024embedded,
  title={Embedded Hierarchical MPC for Autonomous Navigation},
  author={Benders, Dennis and K{\"o}hler, Johannes and Niesten, Thijs and Babu{\v{s}}ka, Robert and Alonso-Mora, Javier and Ferranti, Laura},
  journal={arXiv preprint arXiv:2406.11506},
  year={2024}
}

@article{chirikjian2021applications,
  title={Applications of convex geometry to Minkowski sums of m ellipsoids in $\IR^N$: Closed-form parametric equations and volume bounds},
  author={Chirikjian, Gregory S and Shiffman, Bernard},
  journal={International Journal of Mathematics},
  volume={32},
  number={12},
  pages={2140009},
  year={2021},
  publisher={World Scientific}
}

@inproceedings{halder2018parameterized,
  title={On the parameterized computation of minimum volume outer ellipsoid of Minkowski sum of ellipsoids},
  author={Halder, Abhishek},
  booktitle={2018 IEEE Conference on Decision and Control (CDC)},
  pages={4040--4045},
  year={2018},
  organization={IEEE}
}

@article{thomas2021exact,
  title={Exact and Bounded Collision Probability for Motion Planning Under Gaussian Uncertainty},
  author={Thomas, Antony and Mastrogiovanni, Fulvio and Baglietto, Marco},
  journal={IEEE Robotics and Automation Letters},
  volume={7},
  number={1},
  pages={167--174},
  year={2021},
  publisher={IEEE}
}

@article{thomas2021integrated,
  title={An integrated localization, motion planning and obstacle avoidance algorithm in belief space},
  author={Thomas, Antony and Mastrogiovanni, Fulvio and Baglietto, Marco},
  journal={Intelligent Service Robotics},
  volume={14},
  pages={235--250},
  year={2021},
  publisher={Springer}
}
@inproceedings{yan2011gaussian,
  title={A Gaussian packing model for phasing in macromolecular crystallography},
  author={Yan, Yan and Chirikjian, Gregory S},
  booktitle={Proceedings of the International Conference on Bioinformatics \& Computational Biology (BIOCOMP)},
  pages={1},
  year={2011},
  organization={The Steering Committee of The World Congress in Computer Science, Computer~â€¦}
}

@article{john2014extremum,
  title={Extremum problems with inequalities as subsidiary conditions},
  author={John, Fritz},
  journal={Traces and emergence of nonlinear programming},
  pages={197--215},
  year={2014},
  publisher={Springer}
}

@book{kurzhanski1997ellipsoidal,
  title={Ellipsoidal calculus for estimation and control},
  author={Kurzhanski, Alexander and V{\'a}lyi, Istv{\'a}n},
  year={1997},
  publisher={Springer}
}

@article{du2011probabilistic,
  title={Probabilistic collision checking with chance constraints},
  author={Du Toit, Noel E and Burdick, Joel W},
  journal={IEEE Transactions on Robotics},
  volume={27},
  number={4},
  pages={809--815},
  year={2011},
  publisher={IEEE}
}

@article{xiang2017posecnn,
  title={Posecnn: A convolutional neural network for 6d object pose estimation in cluttered scenes},
  author={Xiang, Yu and Schmidt, Tanner and Narayanan, Venkatraman and Fox, Dieter},
  journal={arXiv preprint arXiv:1711.00199},
  year={2017}
}

@article{Zhou2018,
  author    = {Qian-Yi Zhou and Jaesik Park and Vladlen Koltun},
  title     = {Open3D: {A} Modern Library for {3D} Data Processing},
  journal   = {arXiv preprint arXiv:1801.09847},
  year      = {2018},
}


@misc
{  slm,
   author={John D'Errico}, 
   title={SLM - Shape Language Modeling}, 
   year=2023,
   howpublished = "\url{https://www.mathworks.com/matlabcentral/fileexchange/24443-slm-shape-language-modeling}",
   note = "[Online; accessed September 12, 2023]"
}

@inproceedings{kuffner2000rrt,
  title={RRT-connect: An efficient approach to single-query path planning},
  author={Kuffner, James J and LaValle, Steven M},
  booktitle={Proceedings 2000 ICRA. Millennium Conference. IEEE International Conference on Robotics and Automation. Symposia Proceedings (Cat. No. 00CH37065)},
  volume={2},
  pages={995--1001},
  year={2000},
  organization={IEEE}
}

@inproceedings{liu2022robust,
  title={Robust and accurate superquadric recovery: A probabilistic approach},
  author={Liu, Weixiao and Wu, Yuwei and Ruan, Sipu and Chirikjian, Gregory S},
  booktitle={Proceedings of the IEEE/CVF Conference on Computer Vision and Pattern Recognition},
  pages={2676--2685},
  year={2022}
}

@article{liu2023tight,
  title={Tight Collision Probability for UAV Motion Planning in Uncertain Environment},
  author={Liu, Tianyu and Zhang, Fu and Gao, Fei and Pan, Jia},
  journal={2023 IEEE/RSJ International Conference on Intelligent Robots and Systems (IROS)},
  year={2023}
}

@article{zhu2019chance,
  title={Chance-constrained collision avoidance for mavs in dynamic environments},
  author={Zhu, Hai and Alonso-Mora, Javier},
  journal={IEEE Robotics and Automation Letters},
  volume={4},
  number={2},
  pages={776--783},
  year={2019},
  publisher={IEEE}
}

@misc{harding199310,
  title={10. Quadratic Forms in Random Variables: Theory and Applications},
  author={Harding, EF},
  year={1993},
  publisher={Wiley Online Library}
}

@inproceedings{dai2019chance,
  title={Chance constrained motion planning for high-dimensional robots},
  author={Dai, Siyu and Schaffert, Shawn and Jasour, Ashkan and Hofmann, Andreas and Williams, Brian},
  booktitle={2019 International Conference on Robotics and Automation (ICRA)},
  pages={8805--8811},
  year={2019},
  organization={IEEE}
}

@article{blackmore2011chance,
  title={Chance-constrained optimal path planning with obstacles},
  author={Blackmore, Lars and Ono, Masahiro and Williams, Brian C},
  journal={IEEE Transactions on Robotics},
  volume={27},
  number={6},
  pages={1080--1094},
  year={2011},
  publisher={IEEE}
}

@article{ruan2022collision,
  title={Collision detection for unions of convex bodies with smooth boundaries using closed-form contact space parameterization},
  author={Ruan, Sipu and Wang, Xiaoli and Chirikjian, Gregory S},
  journal={IEEE Robotics and Automation Letters},
  volume={7},
  number={4},
  pages={9485--9492},
  year={2022},
  publisher={IEEE}
}

@article{sucan2012the-open-motion-planning-library,
    Author = {Ioan A. {\c{S}}ucan and Mark Moll and Lydia E. Kavraki},
    Doi = {10.1109/MRA.2012.2205651},
    Journal = {{IEEE} Robotics \& Automation Magazine},
    Month = {12},
    Number = {4},
    Pages = {72--82},
    Title = {The {O}pen {M}otion {P}lanning {L}ibrary},
    Note = {\url{https://ompl.kavrakilab.org}},
    Volume = {19},
    Year = {2012}
}

@inproceedings{wu2022put,
  title={Put the Bear on the Chair! Intelligent Robot Interaction with Previously Unseen Chairs via Robot Imagination},
  author={Wu, Hongtao and Meng, Xin and Ruan, Sipu and Chirikjian, Gregory S},
  booktitle={2022 International Conference on Robotics and Automation (ICRA)},
  pages={6276--6282},
  year={2022},
  organization={IEEE}
}

@inproceedings{lambert2008fast,
  title={A fast monte carlo algorithm for collision probability estimation},
  author={Lambert, Alain and Gruyer, Dominique and Saint Pierre, Guillaume},
  booktitle={2008 10th International Conference on Control, Automation, Robotics and Vision},
  pages={406--411},
  year={2008},
  organization={IEEE}
}

@article{park2018fast,
  title={Fast and bounded probabilistic collision detection for high-DOF trajectory planning in dynamic environments},
  author={Park, Chonhyon and Park, Jae S and Manocha, Dinesh},
  journal={IEEE Transactions on Automation Science and Engineering},
  volume={15},
  number={3},
  pages={980--991},
  year={2018},
  publisher={IEEE}
}

@article{park2020efficient,
  title={Efficient probabilistic collision detection for non-gaussian noise distributions},
  author={Park, Jae Sung and Manocha, Dinesh},
  journal={IEEE Robotics and Automation Letters},
  volume={5},
  number={2},
  pages={1024--1031},
  year={2020},
  publisher={IEEE}
}

@inproceedings{park2017efficient,
  title={Efficient probabilistic collision detection for non-convex shapes},
  author={Park, Jae Sung and Park, Chonhyon and Manocha, Dinesh},
  booktitle={2017 IEEE International Conference on Robotics and Automation (ICRA)},
  pages={1944--1951},
  year={2017},
  organization={IEEE}
}

@article{xu2023quadcopter,
  title={Quadcopter Trajectory Time Minimization and Robust Collision Avoidance via Optimal Time Allocation},
  author={Xu, Zhefan and Shimada, Kenji},
  journal={arXiv preprint arXiv:2309.08544},
  year={2023}
}

@inproceedings{quintero2021robust,
  title={Robust optimization-based motion planning for high-DOF robots under sensing uncertainty},
  author={Quintero-Pena, Carlos and Kyrillidis, Anastasios and Kavraki, Lydia E},
  booktitle={2021 IEEE International Conference on Robotics and Automation (ICRA)},
  pages={9724--9730},
  year={2021},
  organization={IEEE}
}

@article{golchoubian2024uncertainty,
  title={Uncertainty-Aware DRL for Autonomous Vehicle Crowd Navigation in Shared Space},
  author={Golchoubian, Mahsa and Ghafurian, Moojan and Dautenhahn, Kerstin and Azad, Nasser Lashgarian},
  journal={IEEE Transactions on Intelligent Vehicles},
  year={2024},
  publisher={IEEE}
}

@article{dawson2023chance,
  title={Chance-Constrained Trajectory Optimization for High-DOF Robots in Uncertain Environments},
  author={Dawson, Charles and Jasour, Ashkan and Hofmann, Andreas and Williams, Brian},
  journal={arXiv preprint arXiv:2302.00122},
  year={2023}
}

@inproceedings{dawson2020provably,
  title={Provably safe trajectory optimization in the presence of uncertain convex obstacles},
  author={Dawson, Charles and Jasour, Ashkan and Hofmann, Andreas and Williams, Brian},
  booktitle={2020 IEEE/RSJ International Conference on Intelligent Robots and Systems (IROS)},
  pages={6237--6244},
  year={2020},
  organization={IEEE}
}

@inproceedings{kamel2017robust,
  title={Robust collision avoidance for multiple micro aerial vehicles using nonlinear model predictive control},
  author={Kamel, Mina and Alonso-Mora, Javier and Siegwart, Roland and Nieto, Juan},
  booktitle={2017 IEEE/RSJ International Conference on Intelligent Robots and Systems (IROS)},
  pages={236--243},
  year={2017},
  organization={IEEE}
}

@article{ruan2022efficient,
  title={Efficient path planning in narrow passages for robots with ellipsoidal components},
  author={Ruan, Sipu and Poblete, Karen L and Wu, Hongtao and Ma, Qianli and Chirikjian, Gregory S},
  journal={IEEE Transactions on Robotics},
  volume={39},
  number={1},
  pages={110--127},
  year={2022},
  publisher={IEEE}
}

@inproceedings{burns2007sampling,
  title={Sampling-based motion planning with sensing uncertainty},
  author={Burns, Brendan and Brock, Oliver},
  booktitle={Proceedings 2007 IEEE International Conference on Robotics and Automation},
  pages={3313--3318},
  year={2007},
  organization={IEEE}
}

@inproceedings{ackerman2013probabilistic,
  title={A probabilistic solution to the AX= XB problem: Sensor calibration without correspondence},
  author={Ackerman, M Kendal and Chirikjian, Gregory S},
  booktitle={Geometric Science of Information: First International Conference, GSI 2013, Paris, France, August 28-30, 2013. Proceedings},
  pages={693--701},
  year={2013},
  organization={Springer}
}

@inproceedings{pan2017probabilistic,
  title={Probabilistic collision detection between noisy point clouds using robust classification},
  author={Pan, Jia and Chitta, Sachin and Manocha, Dinesh},
  booktitle={Robotics Research: The 15th International Symposium ISRR},
  pages={77--94},
  year={2017},
  organization={Springer}
}

@article{ruan2022closed,
  title={Closed-form Minkowski sums of convex bodies with smooth positively curved boundaries},
  author={Ruan, Sipu and Chirikjian, Gregory S},
  journal={Computer-Aided Design},
  volume={143},
  pages={103133},
  year={2022},
  publisher={Elsevier}
}

@online{NimaMinVolEllip,
  title="Minimum Volume Enclosing Ellipsoid",
  author="Nima Moshtagh (2009)",
  url  = "https://www.mathworks.com/matlabcentral/fileexchange/9542-minimum-volume-enclosing-ellipsoid",
  addendum  = "Retrieved: January 30, 2024"
}

@INPROCEEDINGS{6225337,
  author={Pan, Jia and Chitta, Sachin and Manocha, Dinesh},
  booktitle={2012 IEEE International Conference on Robotics and Automation}, 
  title={FCL: A general purpose library for collision and proximity queries}, 
  year={2012},
  volume={},
  number={},
  pages={3859-3866},
  keywords={Deformable models;Computational modeling;Robots;Collision avoidance;Libraries;Shape;Charge coupled devices},
  doi={10.1109/ICRA.2012.6225337}}