@article{coutinho2021low,
  title={Low-complexity three-dimensional discrete Hartley transform approximations for medical image compression},
  author={Coutinho, V{\'\i}tor A and Cintra, Renato J and Bayer, F{\'a}bio M},
  journal={Computers in Biology and Medicine},
  volume={139},
  pages={105018},
  year={2021},
  publisher={Elsevier}
}

@article{dettmers2024qlora,
  title={Qlora: Efficient finetuning of quantized llms},
  author={Dettmers, Tim and Pagnoni, Artidoro and Holtzman, Ari and Zettlemoyer, Luke},
  journal={Advances in Neural Information Processing Systems},
  volume={36},
  year={2024}
}

@article{gao2024parameter,
  title={Parameter-Efficient Fine-Tuning with Discrete Fourier Transform},
  author={Gao, Ziqi and Wang, Qichao and Chen, Aochuan and Liu, Zijing and Wu, Bingzhe and Chen, Liang and Li, Jia},
  journal={arXiv preprint arXiv:2405.03003},
  year={2024}
}

@article{he2021towards,
  title={Towards a unified view of parameter-efficient transfer learning},
  author={He, Junxian and Zhou, Chunting and Ma, Xuezhe and Berg-Kirkpatrick, Taylor and Neubig, Graham},
  journal={arXiv preprint arXiv:2110.04366},
  year={2021}
}

@article{hu2022lora,
  title={Lora: Low-rank adaptation of large language models},
  author={Hu, Edward J and Shen, Yelong and Wallis, Phillip and Allen-Zhu, Zeyuan and Li, Yuanzhi and Wang, Shean and Wang, Lu and Chen, Weizhu},
  journal={International Conference on Learning Representations},
  year={2022}
}

@article{kopiczko2023vera,
  title={Vera: Vector-based random matrix adaptation},
  author={Kopiczko, Dawid Jan and Blankevoort, Tijmen and Asano, Yuki Markus},
  journal={arXiv preprint arXiv:2310.11454},
  year={2023}
}

@article{liao2023make,
  title={Make Pre-trained Model Reversible: From Parameter to Memory Efficient Fine-Tuning},
  author={Liao, Baohao and Tan, Shaomu and Monz, Christof},
  journal={Advances in Neural Information Processing Systems},
  volume={36},
  year={2023}
}

@article{liao2023parameter,
  title={Parameter-efficient fine-tuning without introducing new latency},
  author={Liao, Baohao and Meng, Yan and Monz, Christof},
  journal={arXiv preprint arXiv:2305.16742},
  year={2023}
}

@article{lin2020exploring,
  title={Exploring versatile generative language model via parameter-efficient transfer learning},
  author={Lin, Zhaojiang and Madotto, Andrea and Fung, Pascale},
  journal={arXiv preprint arXiv:2004.03829},
  year={2020}
}

@article{liu2024dora,
  title={DoRA: Weight-Decomposed Low-Rank Adaptation},
  author={Liu, Shih-Yang and Wang, Chien-Yi and Yin, Hongxu and Molchanov, Pavlo and Wang, Yu-Chiang Frank and Cheng, Kwang-Ting and Chen, Min-Hung},
  journal={International Conference on Machine Learning},
  year={2024}
}

@article{ma2021high,
  title={High-efficiency single-pixel imaging using discrete Hartley transform},
  author={Ma, Mengchao and Sun, Qianzhen and Gao, Xicheng and Wang, Guan and Deng, Huaxia and Zhang, Yi and Guan, Qingtian and Zhong, Xiang},
  journal={AIP Advances},
  volume={11},
  number={7},
  year={2021},
  publisher={AIP Publishing}
}

@article{pfeiffer2020adapterfusion,
  title={Adapterfusion: Non-destructive task composition for transfer learning},
  author={Pfeiffer, Jonas and Kamath, Aishwarya and R{\"u}ckl{\'e}, Andreas and Cho, Kyunghyun and Gurevych, Iryna},
  journal={arXiv preprint arXiv:2005.00247},
  year={2020}
}

@article{rani2024content,
  title={Content-based medical image retrieval using fractional Hartley transform with hybrid features},
  author={Rani, K Vijila and Prince, M Eugine and Therese, P Sujatha and Shermila, P Josephin and Devi, E Anna},
  journal={Multimedia Tools and Applications},
  volume={83},
  number={9},
  pages={27217--27242},
  year={2024},
  publisher={Springer}
}

@inproceedings{tang2022rethinking,
  title={Rethinking graph neural networks for anomaly detection},
  author={Tang, Jianheng and Li, Jiajin and Gao, Ziqi and Li, Jia},
  booktitle={International Conference on Machine Learning},
  pages={21076--21089},
  year={2022},
  organization={PMLR}
}

@inproceedings{xu2020learning,
  title={Learning in the frequency domain},
  author={Xu, Kai and Qin, Minghai and Sun, Fei and Wang, Yuhao and Chen, Yen-Kuang and Ren, Fengbo},
  booktitle={Proceedings of the IEEE/CVF conference on computer vision and pattern recognition},
  pages={1740--1749},
  year={2020}
}

@article{yang2016exact,
  title={Exact joint sparse frequency recovery via optimization methods},
  author={Yang, Zai and Xie, Lihua},
  journal={IEEE Transactions on Signal Processing},
  volume={64},
  number={19},
  pages={5145--5157},
  year={2016},
  publisher={IEEE}
}

@article{zhang2303adaptive,
  title={Adaptive budget allocation for parameter-efficient fine-tuning. Preprint (2023)},
  author={Zhang, Q and Chen, M and Bukharin, A and He, P and Cheng, Y and Chen, W and Zhao, T},
  journal={arXiv preprint arXiv:2303.10512},
  year={2023}
}

