@inproceedings{ref_moa,
  title={Moa: Massive online analysis, a framework for stream classification and clustering},
  author={Bifet, Albert and Holmes, Geoff and Pfahringer, Bernhard and Kranen, Philipp and Kremer, Hardy and Jansen, Timm and Seidl, Thomas},
  booktitle={Proceedings of the first workshop on applications of pattern analysis},
  pages={44--50},
  year={2010},
  organization={PMLR}
}

@article{ref_river,
  title={River: machine learning for streaming data in python},
  author={Montiel, Jacob and Halford, Max and Mastelini, Saulo Martiello and Bolmier, Geoffrey and Sourty, Raphael and Vaysse, Robin and Zouitine, Adil and Gomes, Heitor Murilo and Read, Jesse and Abdessalem, Talel and others},
  journal={Journal of Machine Learning Research},
  volume={22},
  number={110},
  pages={1--8},
  year={2021}
}

@article{ref_skmf,
  title={Scikit-multiflow: A multi-output streaming framework},
  author={Montiel, Jacob and Read, Jesse and Bifet, Albert and Abdessalem, Talel},
  journal={JMLR},
  volume={19},
  number={72},
  year={2018}
}

