
@inproceedings{bahri2021survey,
  title={Survey on feature transformation techniques for data streams},
  author={Bahri, Maroua and Bifet, Albert and Maniu, Silviu and Gomes, Heitor Murilo},
  booktitle={Proceedings of the Twenty-Ninth International Conference on International Joint Conferences on Artificial Intelligence},
  pages={4796--4802},
  year={2021}
}

@article{gomes2019machine,
  title={Machine learning for streaming data: state of the art, challenges, and opportunities},
  author={Gomes, Heitor Murilo and Read, Jesse and Bifet, Albert and Barddal, Jean Paul and Gama, Jo{\~a}o},
  journal={ACM SIGKDD Explorations Newsletter},
  volume={21},
  number={2},
  pages={6--22},
  year={2019},
  publisher={ACM New York, NY, USA}
}


@inproceedings{ref_moa,
  title={Moa: Massive online analysis, a framework for stream classification and clustering},
  author={Bifet, Albert and Holmes, Geoff and Pfahringer, Bernhard and Kranen, Philipp and Kremer, Hardy and Jansen, Timm and Seidl, Thomas},
  booktitle={Proceedings of the first workshop on applications of pattern analysis},
  pages={44--50},
  year={2010},
  organization={PMLR}
}

@article{ref_skmf,
  title={Scikit-multiflow: A multi-output streaming framework},
  author={Montiel, Jacob and Read, Jesse and Bifet, Albert and Abdessalem, Talel},
  journal={JMLR},
  volume={19},
  number={72},
  year={2018}
}
@article{ref_river,
  title={River: machine learning for streaming data in python},
  author={Montiel, Jacob and Halford, Max and Mastelini, Saulo Martiello and Bolmier, Geoffrey and Sourty, Raphael and Vaysse, Robin and Zouitine, Adil and Gomes, Heitor Murilo and Read, Jesse and Abdessalem, Talel and others},
  journal={Journal of Machine Learning Research},
  volume={22},
  number={110},
  pages={1--8},
  year={2021}
}

@article{cassales2021improving,
  title={Improving the performance of bagging ensembles for data streams through mini-batching},
  author={Cassales, Guilherme and Gomes, Heitor and Bifet, Albert and Pfahringer, Bernhard and Senger, Hermes},
  journal={Information Sciences},
  volume={580},
  pages={260--282},
  year={2021},
  publisher={Elsevier}
}


@inproceedings{ref_ht,
  title={Mining time-changing data streams},
  author={Hulten, Geoff and Spencer, Laurie and Domingos, Pedro},
  booktitle={Proceedings of the seventh ACM SIGKDD international conference on Knowledge discovery and data mining},
  pages={97--106},
  year={2001}
}

@article{ref_arf,
  title={Adaptive random forests for evolving data stream classification},
  author={Gomes, Heitor M and Bifet, Albert and Read, Jesse and Barddal, Jean Paul and Enembreck, Fabr{\'\i}cio and Pfahringer, Bernhard and Holmes, Geoff and Abdessalem, Talel},
  journal={Machine Learning},
  volume={106},
  pages={1469--1495},
  year={2017},
  publisher={Springer}
}

@inproceedings{ref_srp,
  title={Streaming random patches for evolving data stream classification},
  author={Gomes, Heitor Murilo and Read, Jesse and Bifet, Albert},
  booktitle={2019 IEEE international conference on data mining (ICDM)},
  pages={240--249},
  year={2019},
  organization={IEEE}
}

@inproceedings{ref_efdt,
  title={Extremely fast decision tree},
  author={Manapragada, Chaitanya and Webb, Geoffrey I and Salehi, Mahsa},
  booktitle={Proceedings of the 24th ACM SIGKDD International Conference on Knowledge Discovery \& Data Mining},
  pages={1953--1962},
  year={2018}
}

@inproceedings{ref_oza,
  title={Online bagging and boosting},
  author={Oza, Nikunj C and Russell, Stuart J},
  booktitle={International workshop on artificial intelligence and statistics},
  pages={229--236},
  year={2001},
  organization={PMLR}
}

@article{iglesias2024temporal,
  title={Temporal silhouette: validation of stream clustering robust to concept drift},
  author={Iglesias V{\'a}zquez, F{\'e}lix and Zseby, Tanja},
  journal={Machine Learning},
  volume={113},
  number={4},
  pages={2067--2091},
  year={2024},
  publisher={Springer}
}

@inproceedings{cao2006density,
  title={Density-based clustering over an evolving data stream with noise},
  author={Cao, Feng and Estert, Martin and Qian, Weining and Zhou, Aoying},
  booktitle={2006 SIAM international conference on data mining},
  original={Proceedings of the 2006 SIAM international conference on data mining},
  pages={328--339},
  year={2006},
  organizationasb={SIAM}
}