@String(PAMI = {IEEE Trans. Pattern Anal. Mach. Intell.})
@String(IJCV = {Int. J. Comput. Vis.})
@String(CVPR= {IEEE Conf. Comput. Vis. Pattern Recog.})
@String(ICCV= {Int. Conf. Comput. Vis.})
@String(ECCV= {Eur. Conf. Comput. Vis.})
@String(NIPS= {Adv. Neural Inform. Process. Syst.})
@String(ICPR = {Int. Conf. Pattern Recog.})
@String(BMVC= {Brit. Mach. Vis. Conf.})
@String(TOG= {ACM Trans. Graph.})
@String(TIP  = {IEEE Trans. Image Process.})
@String(TVCG  = {IEEE Trans. Vis. Comput. Graph.})
@String(TMM  = {IEEE Trans. Multimedia})
@String(ACMMM= {ACM Int. Conf. Multimedia})
@String(ICME = {Int. Conf. Multimedia and Expo})
@String(ICASSP=	{ICASSP})
@String(ICIP = {IEEE Int. Conf. Image Process.})
@String(ACCV  = {ACCV})
@String(ICLR = {Int. Conf. Learn. Represent.})
@String(IJCAI = {IJCAI})
@String(PR   = {Pattern Recognition})
@String(AAAI = {AAAI})
@String(CVPRW= {IEEE Conf. Comput. Vis. Pattern Recog. Worksh.})
@String(CSVT = {IEEE Trans. Circuit Syst. Video Technol.})

@String(SPL	= {IEEE Sign. Process. Letters})
@String(VR   = {Vis. Res.})
@String(JOV	 = {J. Vis.})
@String(TVC  = {The Vis. Comput.})
@String(JCST  = {J. Comput. Sci. Tech.})
@String(CGF  = {Comput. Graph. Forum})
@String(CVM = {Computational Visual Media})
@String(ICML = {International Conference on Machine Learning})

@String(PAMI  = {IEEE TPAMI})
@String(IJCV  = {IJCV})
@String(CVPR  = {CVPR})
@String(ICCV  = {ICCV})
@String(ECCV  = {ECCV})
@String(NIPS  = {NeurIPS})
@String(ICPR  = {ICPR})
@String(BMVC  =	{BMVC})
@String(TOG   = {ACM TOG})
@String(TIP   = {IEEE TIP})
@String(TVCG  = {IEEE TVCG})
@String(TCSVT = {IEEE TCSVT})
@String(TMM   =	{IEEE TMM})
@String(ACMMM = {ACM MM})
@String(ICME  =	{ICME})
@String(ICASSP=	{ICASSP})
@String(ICIP  = {ICIP})
@String(ACCV  = {ACCV})
@String(ICLR  = {ICLR})
@String(IJCAI = {IJCAI})
@String(PR = {PR})
@String(AAAI = {AAAI})
@String(CVPRW= {CVPRW})
@String(CSVT = {IEEE TCSVT})



@inproceedings{transformer,
	title={Attention is all you need},
	author={Vaswani, Ashish and Shazeer, Noam and Parmar, Niki and Uszkoreit, Jakob and Jones, Llion and Gomez, Aidan N and Kaiser, {\L}ukasz and Polosukhin, Illia},
	booktitle={NIPS},
	pages={5998--6008},
	year={2017}
}


@inproceedings{FPN,
	title={Feature pyramid networks for object detection},
	author={Lin, Tsung-Yi and Doll{\'a}r, Piotr and Girshick, Ross and He, Kaiming and Hariharan, Bharath and Belongie, Serge},
	booktitle={CVPR},
	pages={2117--2125},
	year={2017}
}

@inproceedings{ResNet,
	title={Deep residual learning for image recognition},
	author={He, Kaiming and Zhang, Xiangyu and Ren, Shaoqing and Sun, Jian},
	booktitle={CVPR},
	pages={770--778},
	year={2016}
}
@inproceedings{zhang2018unsupervised,
  title={Unsupervised discovery of object landmarks as structural representations},
  author={Zhang, Yuting and Guo, Yijie and Jin, Yixin and Luo, Yijun and He, Zhiyuan and Lee, Honglak},
  booktitle={CVPR},
  year={2018}
}

@article{jakab2018unsupervised,
  title={Unsupervised learning of object landmarks through conditional image generation},
  author={Jakab, Tomas and Gupta, Ankush and Bilen, Hakan and Vedaldi, Andrea},
  journal={NIPS},
  year={2018}
}
@inproceedings{sun2018beyond,
	title={Beyond part models: Person retrieval with refined part pooling (and a strong convolutional baseline)},
	author={Sun, Yifan and Zheng, Liang and Yang, Yi and Tian, Qi and Wang, Shengjin},
	booktitle={ECCV},
	year={2018}
}
@inproceedings{arnab2021vivit,
  title={Vivit: A video vision transformer},
  author={Arnab, Anurag and Dehghani, Mostafa and Heigold, Georg and Sun, Chen and Lu{\v{c}}i{\'c}, Mario and Schmid, Cordelia},
  booktitle={ICCV},
  year={2021}
}
@article{zhao2020deep,
  title={Deep fusion feature representation learning with hard mining center-triplet loss for person re-identification},
  author={Zhao, Cairong and Lv, Xinbi and Zhang, Zhang and Zuo, Wangmeng and Wu, Jun and Miao, Duoqian},
  journal={IEEE Transactions on Multimedia},
  volume={22},
  number={12},
  pages={3180--3195},
  year={2020},
  publisher={IEEE}
}

@inproceedings{wang2018learning,
	title={Learning discriminative features with multiple granularities for person re-identification},
	author={Wang, Guanshuo and Yuan, Yufeng and Chen, Xiong and Li, Jiwei and Zhou, Xi},
	booktitle={ACMMM},
	pages={274--282},
	year={2018}
}

@inproceedings{he2018deep,
	title={Deep spatial feature reconstruction for partial person re-identification: Alignment-free approach},
	author={He, Lingxiao and Liang, Jian and Li, Haiqing and Sun, Zhenan},
	booktitle={CVPR},
	pages={7073--7082},
	year={2018}
}

@article{ge2018fd,
	title={Fd-gan: Pose-guided feature distilling gan for robust person re-identification},
	author={Ge, Yixiao and Li, Zhuowan and Zhao, Haiyu and Yin, Guojun and Yi, Shuai and Wang, Xiaogang and Li, Hongsheng},
	journal={arXiv preprint arXiv:1810.02936 },
	year={2018}
}

@article{zhang2017alignedreid,
	title={Alignedreid: Surpassing human-level performance in person re-identification},
	author={Zhang, Xuan and Luo, Hao and Fan, Xing and Xiang, Weilai and Sun, Yixiao and Xiao, Qiqi and Jiang, Wei and Zhang, Chi and Sun, Jian},
	journal={arXiv preprint arXiv:1711.08184 },
	year={2017}
}

@article{kiran2021flow,
  title={Flow guided mutual attention for person re-identification},
  author={Kiran, Madhu and Bhuiyan, Amran and Blais-Morin, Louis-Antoine and Ayed, Ismail Ben and Granger, Eric and others},
  journal={Image and Vision Computing},
  year={2021},
}

@article{yin2020fine,
  title={Fine-grained person re-identification},
  author={Yin, Jiahang and Wu, Ancong and Zheng, Wei-Shi},
  journal={IJCV},
  year={2020},
}

@inproceedings{zheng2019pyramidal,
	title={Pyramidal person re-identification via multi-loss dynamic training},
	author={Zheng, Feng and Deng, Cheng and Sun, Xing and Jiang, Xinyang and Guo, Xiaowei and Yu, Zongqiao and Huang, Feiyue and Ji, Rongrong},
	booktitle={CVPR},
	pages={8514--8522},
	year={2019}
}

@inproceedings{li2017learning,
	title={Learning deep context-aware features over body and latent parts for person re-identification},
	author={Li, Dangwei and Chen, Xiaotang and Zhang, Zhang and Huang, Kaiqi},
	booktitle={CVPR},
	pages={384--393},
	year={2017}
}

@article{yao2019deep,
	title={Deep representation learning with part loss for person re-identification},
	author={Yao, Hantao and Zhang, Shiliang and Hong, Richang and Zhang, Yongdong and Xu, Changsheng and Tian, Qi},
	journal={TIP},
	volume={28},
	number={6},
	pages={2860--2871},
	year={2019},
	publisher={IEEE}
}

@inproceedings{zhao2017deeply,
	title={Deeply-learned part-aligned representations for person re-identification},
	author={Zhao, Liming and Li, Xi and Zhuang, Yueting and Wang, Jingdong},
	booktitle={ICCV},
	pages={3219--3228},
	year={2017}
}

@inproceedings{chen2019mixed,
	title={Mixed high-order attention network for person re-identification},
	author={Chen, Binghui and Deng, Weihong and Hu, Jiani},
	booktitle={ICCV},
	pages={371--381},
	year={2019}
}

@inproceedings{li2018harmonious,
	title={Harmonious attention network for person re-identification},
	author={Li, Wei and Zhu, Xiatian and Gong, Shaogang},
	booktitle={CVPR},
	pages={2285--2294},
	year={2018}
}

@inproceedings{yang2019towards,
	title={Towards rich feature discovery with class activation maps augmentation for person re-identification},
	author={Yang, Wenjie and Huang, Houjing and Zhang, Zhang and Chen, Xiaotang and Huang, Kaiqi and Zhang, Shu},
	booktitle={CVPR},
	pages={1389--1398},
	year={2019}
}

@inproceedings{zheng2019re,
	title={Re-identification with consistent attentive siamese networks},
	author={Zheng, Meng and Karanam, Srikrishna and Wu, Ziyan and Radke, Richard J},
	booktitle={CVPR},
	pages={5735--5744},
	year={2019}
}

@inproceedings{kalayeh2018human,
	title={Human semantic parsing for person re-identification},
	author={Kalayeh, Mahdi M and Basaran, Emrah and G{\"o}kmen, Muhittin and Kamasak, Mustafa E and Shah, Mubarak},
	booktitle=CVPR},
	pages={1062--1071},
	year={2018}
}

@inproceedings{zhang2019densely,
	title={Densely semantically aligned person re-identification},
	author={Zhang, Zhizheng and Lan, Cuiling and Zeng, Wenjun and Chen, Zhibo},
	booktitle={CVPR},
	pages={667--676},
	year={2019}
}


@inproceedings{song2018mask,
	title={Mask-guided contrastive attention model for person re-identification},
	author={Song, Chunfeng and Huang, Yan and Ouyang, Wanli and Wang, Liang},
	booktitle={CVPR},
	pages={1179--1188},
	year={2018}
}


@inproceedings{zhao2017spindle,
	title={Spindle net: Person re-identification with human body region guided feature decomposition and fusion},
	author={Zhao, Haiyu and Tian, Maoqing and Sun, Shuyang and Shao, Jing and Yan, Junjie and Yi, Shuai and Wang, Xiaogang and Tang, Xiaoou},
	booktitle={CVPR},
	pages={1077--1085},
	year={2017}
}

@inproceedings{xiong2014person,
	title={Person re-identification using kernel-based metric learning methods},
	author={Xiong, Fei and Gou, Mengran and Camps, Octavia and Sznaier, Mario},
	booktitle={ECCV},
	pages={1--16},
	year={2014},
	organization={Springer}
}


@inproceedings{su2017pose,
	title={Pose-driven deep convolutional model for person re-identification},
	author={Su, Chi and Li, Jianing and Zhang, Shiliang and Xing, Junliang and Gao, Wen and Tian, Qi},
	booktitle={ICCV},
	pages={3960--3969},
	year={2017}
}

@inproceedings{koestinger2012large,
	title={Large scale metric learning from equivalence constraints},
	author={Koestinger, Martin and Hirzer, Martin and Wohlhart, Paul and Roth, Peter M and Bischof, Horst},
	booktitle={CVPR},
	pages={2288--2295},
	year={2012},
	organization={IEEE}
}

@inproceedings{liao2015efficient,
	title={Efficient psd constrained asymmetric metric learning for person re-identification},
	author={Liao, Shengcai and Li, Stan Z},
	booktitle={ICCV},
	pages={3685--3693},
	year={2015}
}

@inproceedings{liao2015person,
	title={Person re-identification by local maximal occurrence representation and metric learning},
	author={Liao, Shengcai and Hu, Yang and Zhu, Xiangyu and Li, Stan Z},
	booktitle={CVPR},
	year={2015}
}




@inproceedings{yi2014deep,
	title={Deep metric learning for person re-identification},
	author={Yi, Dong and Lei, Zhen and Liao, Shengcai and Li, Stan Z},
	booktitle={ICPR},
	pages={34--39},
	year={2014},
	organization={IEEE}
}

@inproceedings{fu2019horizontal,
	title={Horizontal pyramid matching for person re-identification},
	author={Fu, Yang and Wei, Yunchao and Zhou, Yuqian and Shi, Honghui and Huang, Gao and Wang, Xinchao and Yao, Zhiqiang and Huang, Thomas},
	booktitle={AAAI},
	volume={33},
	number={01},
	pages={8295--8302},
	year={2019}
}

@inproceedings{guo2019beyond,
	title={Beyond human parts: Dual part-aligned representations for person re-identification},
	author={Guo, Jianyuan and Yuan, Yuhui and Huang, Lang and Zhang, Chao and Yao, Jin-Ge and Han, Kai},
	booktitle={ICCV},
	pages={3642--3651},
	year={2019}
}

@inproceedings{zhu2020identity,
	title={Identity-guided human semantic parsing for person re-identification},
	author={Zhu, Kuan and Guo, Haiyun and Liu, Zhiwei and Tang, Ming and Wang, Jinqiao},
	booktitle={ECCV},
	year={2020},
}

@inproceedings{DETR,
	title={End-to-end object detection with transformers},
	author={Carion, Nicolas and Massa, Francisco and Synnaeve, Gabriel and Usunier, Nicolas and Kirillov, Alexander and Zagoruyko, Sergey},
	booktitle={ECCV},
	pages={213--229},
	year={2020},
	organization={Springer}
}

@inproceedings{DynamicDETR,
	title={Dynamic detr: End-to-end object detection with dynamic attention},
	author={Dai, Xiyang and Chen, Yinpeng and Yang, Jianwei and Zhang, Pengchuan and Yuan, Lu and Zhang, Lei},
	booktitle={ICCV},
	pages={2988--2997},
	year={2021}
}

@inproceedings{swin-transformer,
	title={Swin transformer: Hierarchical vision transformer using shifted windows},
	author={Liu, Ze and Lin, Yutong and Cao, Yue and Hu, Han and Wei, Yixuan and Zhang, Zheng and Lin, Stephen and Guo, Baining},
	booktitle={ICCV},
	pages={10012--10022},
	year={2021}
}

@inproceedings{li2021diverse,
	title={Diverse Part Discovery: Occluded Person Re-Identification With Part-Aware Transformer},
	author={Li, Yulin and He, Jianfeng and Zhang, Tianzhu and Liu, Xiang and Zhang, Yongdong and Wu, Feng},
	booktitle={CVPR},
	year={2021}
}

@inproceedings{gao2021fast,
	title={Fast convergence of detr with spatially modulated co-attention},
	author={Gao, Peng and Zheng, Minghang and Wang, Xiaogang and Dai, Jifeng and Li, Hongsheng},
	booktitle={ICCV},
	pages={3621--3630},
	year={2021}
}

@inproceedings{sun2021rethinking,
	title={Rethinking transformer-based set prediction for object detection},
	author={Sun, Zhiqing and Cao, Shengcao and Yang, Yiming and Kitani, Kris M},
	booktitle={ICCV},
	pages={3611--3620},
	year={2021}
}

@article{mask2former,
	title={Masked-attention mask transformer for universal image segmentation},
	author={Cheng, Bowen and Misra, Ishan and Schwing, Alexander G and Kirillov, Alexander and Girdhar, Rohit},
	journal={arXiv preprint arXiv:2112.01527},
	year={2021}
}

@inproceedings{touvron2021training,
	title={Training data-efficient image transformers \& distillation through attention},
	author={Touvron, Hugo and Cord, Matthieu and Douze, Matthijs and Massa, Francisco and Sablayrolles, Alexandre and J{\'e}gou, Herv{\'e}},
	booktitle={ICML},
	pages={10347--10357},
	year={2021},
	organization={PMLR}
}

@inproceedings{vaswani2017attention,
	title={Attention is all you need},
	author={Vaswani, Ashish and Shazeer, Noam and Parmar, Niki and Uszkoreit, Jakob and Jones, Llion and Gomez, Aidan N and Kaiser, {\L}ukasz and Polosukhin, Illia},
	booktitle={NIPS},
	pages={5998--6008},
	year={2017}
}

@inproceedings{yang2014salient,
	title={Salient color names for person re-identification},
	author={Yang, Yang and Yang, Jimei and Yan, Junjie and Liao, Shengcai and Yi, Dong and Li, Stan Z},
	booktitle={ECCV},
	year={2014},
}


@inproceedings{wang2020unsupervised,
	title={Unsupervised person re-identification via multi-label classification},
	author={Wang, Dongkai and Zhang, Shiliang},
	booktitle={CVPR},
	pages={10981--10990},
	year={2020}
}

@inproceedings{yang2020spatial,
	title={Spatial-temporal graph convolutional network for video-based person re-identification},
	author={Yang, Jinrui and Zheng, Wei-Shi and Yang, Qize and Chen, Ying-Cong and Tian, Qi},
	booktitle={CVPR},
	pages={3289--3299},
	year={2020}
}

@inproceedings{zheng2019joint,
	title={Joint discriminative and generative learning for person re-identification},
	author={Zheng, Zhedong and Yang, Xiaodong and Yu, Zhiding and Zheng, Liang and Yang, Yi and Kautz, Jan},
	booktitle={CVPR},
	pages={2138--2147},
	year={2019}
}

@inproceedings{zheng2015partial,
	title={Partial person re-identification},
	author={Zheng, Wei-Shi and Li, Xiang and Xiang, Tao and Liao, Shengcai and Lai, Jianhuang and Gong, Shaogang},
	booktitle={ICCV},
	year={2015}
}

@inproceedings{fan2018scpnet,
	title={Scpnet: Spatial-channel parallelism network for joint holistic and partial person re-identification},
	author={Fan, Xing and Luo, Hao and Zhang, Xuan and He, Lingxiao and Zhang, Chi and Jiang, Wei},
	booktitle={ACCV},
	pages={19--34},
	year={2018},
	organization={Springer}
}

@inproceedings{zhang2020relation,
	title={Relation-aware global attention for person re-identification},
	author={Zhang, Zhizheng and Lan, Cuiling and Zeng, Wenjun and Jin, Xin and Chen, Zhibo},
	booktitle={CVPR},
	pages={3186--3195},
	year={2020}
}

@inproceedings{chen2019abd,
	title={Abd-net: Attentive but diverse person re-identification},
	author={Chen, Tianlong and Ding, Shaojin and Xie, Jingyi and Yuan, Ye and Chen, Wuyang and Yang, Yang and Ren, Zhou and Wang, Zhangyang},
	booktitle={ICCV},
	pages={8351--8361},
	year={2019}
}
@inproceedings{chen2020salience,
	title={Salience-guided cascaded suppression network for person re-identification},
	author={Chen, Xuesong and Fu, Canmiao and Zhao, Yong and Zheng, Feng and Song, Jingkuan and Ji, Rongrong and Yang, Yi},
	booktitle={CVPR},
	pages={3300--3310},
	year={2020}
}
@inproceedings{lin2022cat,
  title={Cat: Cross attention in vision transformer},
  author={Lin, Hezheng and Cheng, Xing and Wu, Xiangyu and Shen, Dong},
  booktitle={ICME},
  year={2022},
}
 
@inproceedings{siarohin2019animating,
	title={Animating arbitrary objects via deep motion transfer},
	author={Siarohin, Aliaksandr and Lathuili{\`e}re, St{\'e}phane and Tulyakov, Sergey and Ricci, Elisa and Sebe, Nicu},
	booktitle={CVPR},
	pages={2377--2386},
	year={2019}
}

@inproceedings{ronneberger2015u,
	title={U-net: Convolutional networks for biomedical image segmentation},
	author={Ronneberger, Olaf and Fischer, Philipp and Brox, Thomas},
	booktitle={International Conference on Medical image computing and computer-assisted intervention},
	pages={234--241},
	year={2015},
	organization={Springer}
}


@inproceedings{schroff2015facenet,
	title={Facenet: A unified embedding for face recognition and clustering},
	author={Schroff, Florian and Kalenichenko, Dmitry and Philbin, James},
	booktitle={CVPR},
	year={2015}
}

@inproceedings{zheng2011person,
	title={Person re-identification by probabilistic relative distance comparison},
	author={Zheng, Wei-Shi and Gong, Shaogang and Xiang, Tao},
	booktitle={CVPR},
	year={2011},
}

@inproceedings{zheng2015scalable,
	title={Scalable person re-identification: A benchmark},
	author={Zheng, Liang and Shen, Liyue and Tian, Lu and Wang, Shengjin and Wang, Jingdong and Tian, Qi},
	booktitle={ICCV},
	year={2015}
}

@inproceedings{ristani2016performance,
	title={Performance measures and a data set for multi-target, multi-camera tracking},
	author={Ristani, Ergys and Solera, Francesco and Zou, Roger and Cucchiara, Rita and Tomasi, Carlo},
	booktitle={ECCV},
	pages={17--35},
	year={2016},
	organization={Springer}
}

@inproceedings{wei2018person,
	title={Person transfer gan to bridge domain gap for person re-identification},
	author={Wei, Longhui and Zhang, Shiliang and Gao, Wen and Tian, Qi},
	booktitle={CVPR},
	pages={79--88},
	year={2018}
}


@inproceedings{suh2018part,
	title={Part-aligned bilinear representations for person re-identification},
	author={Suh, Yumin and Wang, Jingdong and Tang, Siyu and Mei, Tao and Lee, Kyoung Mu},
	booktitle={ECCV},
	pages={402--419},
	year={2018}
}

@inproceedings{huang2018adversarially,
	title={Adversarially occluded samples for person re-identification},
	author={Huang, Houjing and Li, Dangwei and Zhang, Zhang and Chen, Xiaotang and Huang, Kaiqi},
	booktitle={CVPR},
	pages={5098--5107},
	year={2018}
}
@inproceedings{he2019foreground,
	title={Foreground-aware pyramid reconstruction for alignment-free occluded person re-identification},
	author={He, Lingxiao and Wang, Yinggang and Liu, Wu and Zhao, He and Sun, Zhenan and Feng, Jiashi},
	booktitle={ICCV},
	year={2019}
}
@inproceedings{gao2020pose,
	title={Pose-guided visible part matching for occluded person ReID},
	author={Gao, Shang and Wang, Jingya and Lu, Huchuan and Liu, Zimo},
	booktitle={CVPR},
	year={2020}
}
@inproceedings{occluded-duke,
	title={Pose-guided feature alignment for occluded person re-identification},
	author={Miao, Jiaxu and Wu, Yu and Liu, Ping and Ding, Yuhang and Yang, Yi},
	booktitle={ICCV},
	year={2019}
}

@inproceedings{he2020guided,
	title={Guided saliency feature learning for person re-identification in crowded scenes},
	author={He, Lingxiao and Liu, Wu},
	booktitle={ECCV},
	year={2020},
}

@inproceedings{wang2020high,
	title={High-order information matters: Learning relation and topology for occluded person re-identification},
	author={Wang, Guan'an and Yang, Shuo and Liu, Huanyu and Wang, Zhicheng and Yang, Yang and Wang, Shuliang and Yu, Gang and Zhou, Erjin and Sun, Jian},
	booktitle={CVPR},
	year={2020}
}


@inproceedings{occluded-reid,
	title={Occluded person re-identification},
	author={Zhuo, Jiaxuan and Chen, Zeyu and Lai, Jianhuang and Wang, Guangcong},
	booktitle={ICME},
	year={2018},
}
@inproceedings{sun2019perceive,
	title={Perceive where to focus: Learning visibility-aware part-level features for partial person re-identification},
	author={Sun, Yifan and Xu, Qin and Li, Yali and Zhang, Chi and Li, Yikang and Wang, Shengjin and Sun, Jian},
	booktitle={CVPR},
	year={2019}
}

@inproceedings{hou2019interaction,
	title={Interaction-and-aggregation network for person re-identification},
	author={Hou, Ruibing and Ma, Bingpeng and Chang, Hong and Gu, Xinqian and Shan, Shiguang and Chen, Xilin},
	booktitle={CVPR},
	pages={9317--9326},
	year={2019}
}

@inproceedings{luo2019bag,
	title={Bag of tricks and a strong baseline for deep person re-identification},
	author={Luo, Hao and Gu, Youzhi and Liao, Xingyu and Lai, Shenqi and Jiang, Wei},
	booktitle={CVPR},
	pages={0--0},
	year={2019}
}


@inproceedings{guler2018densepose,
	title={Densepose: Dense human pose estimation in the wild},
	author={G{\"u}ler, R{\i}za Alp and Neverova, Natalia and Kokkinos, Iasonas},
	booktitle={CVPR},
	pages={7297--7306},
	year={2018}
}

@inproceedings{liu2018pose,
	title={Pose transferrable person re-identification},
	author={Liu, Jinxian and Ni, Bingbing and Yan, Yichao and Zhou, Peng and Cheng, Shuo and Hu, Jianguo},
	booktitle={CVPR},
	pages={4099--4108},
	year={2018}
}
@inproceedings{sarfraz2018pose,
	title={A pose-sensitive embedding for person re-identification with expanded cross neighborhood re-ranking},
	author={Sarfraz, M Saquib and Schumann, Arne and Eberle, Andreas and Stiefelhagen, Rainer},
	booktitle={CVPR},
	pages={420--429},
	year={2018}
}

@inproceedings{HRNet,
  title={Deep high-resolution representation learning for human pose estimation},
  author={Sun, Ke and Xiao, Bin and Liu, Dong and Wang, Jingdong},
  booktitle={CVPR},
  year={2019}
}

@inproceedings{siarohin2021motion,
	title={Motion-supervised Co-Part Segmentation},
	author={Siarohin, Aliaksandr and Roy, Subhankar and Lathuili{\`e}re, St{\'e}phane and Tulyakov, Sergey and Ricci, Elisa and Sebe, Nicu},
	booktitle={ICPR},
	year={2021},
}
@inproceedings{wei2017glad,
  title={Glad: Global-local-alignment descriptor for pedestrian retrieval},
  author={Wei, Longhui and Zhang, Shiliang and Yao, Hantao and Gao, Wen and Tian, Qi},
  booktitle={ACMMM},
  pages={420--428},
  year={2017}
}

@inproceedings{lorenz2019unsupervised,
	title={Unsupervised part-based disentangling of object shape and appearance},
	author={Lorenz, Dominik and Bereska, Leonard and Milbich, Timo and Ommer, Bjorn},
	booktitle={Proceedings of the IEEE/CVF Conference on Computer Vision and Pattern Recognition},
	pages={10955--10964},
	year={2019}
}

@article{zheng2019pose,
  title={Pose-invariant embedding for deep person re-identification},
  author={Zheng, Liang and Huang, Yujia and Lu, Huchuan and Yang, Yi},
  journal={TIP},
  year={2019},
}
@inproceedings{zhang2021person,
	title={Person Re-Identification Using Heterogeneous Local Graph Attention Networks},
	author={Zhang, Zhong and Zhang, Haijia and Liu, Shuang},
	booktitle={CVPR},
	pages={12136--12145},
	year={2021}
}
@inproceedings{park2020relation,
	title={Relation network for person re-identification},
	author={Park, Hyunjong and Ham, Bumsub},
	booktitle={AAAI},
	volume={34},
	number={07},
	pages={11839--11847},
	year={2020}
}

@article{jiang2019ph,
	title={PH-GCN: Person re-identification with part-based hierarchical graph convolutional network},
	author={Jiang, Bo and Wang, Xixi and Luo, Bin},
	journal={arXiv preprint arXiv:1907.08822},
	year={2019}
}
@inproceedings{dai2021idm,
	title={IDM: An Intermediate Domain Module for Domain Adaptive Person Re-ID},
	author={Dai, Yongxing and Liu, Jun and Sun, Yifan and Tong, Zekun and Zhang, Chi and Duan, Ling-Yu},
	booktitle={ICCV},
	pages={11864--11874},
	year={2021}
}
@inproceedings{ren2021learning,
	title={Learning Instance-level Spatial-Temporal Patterns for Person Re-identification},
	author={Ren, Min and He, Lingxiao and Liao, Xingyu and Liu, Wu and Wang, Yunlong and Tan, Tieniu},
	booktitle={ICCV},
	pages={14930--14939},
	year={2021}
}

@article{hinton2015distilling,
	title={Distilling the knowledge in a neural network},
	author={Hinton, Geoffrey and Vinyals, Oriol and Dean, Jeff and others},
	journal={arXiv preprint arXiv:1503.02531},
	volume={2},
	number={7},
	year={2015}
}

@article{siarohin2019first,
	title={First order motion model for image animation},
	author={Siarohin, Aliaksandr and Lathuili{\`e}re, St{\'e}phane and Tulyakov, Sergey and Ricci, Elisa and Sebe, Nicu},
	journal={NIPS},
	year={2019}
}


@article{qian2019leader,
	title={Leader-based multi-scale attention deep architecture for person re-identification},
	author={Qian, Xuelin and Fu, Yanwei and Xiang, Tao and Jiang, Yu-Gang and Xue, Xiangyang},
	journal={PAMI},
	volume={42},
	number={2},
	pages={371--385},
	year={2019},
	publisher={IEEE}
}
@article{luo2020stnreid,
	title={Stnreid: Deep convolutional networks with pairwise spatial transformer networks for partial person re-identification},
	author={Luo, Hao and Jiang, Wei and Fan, Xing and Zhang, Chi},
	journal={TMM},
	volume={22},
	number={11},
	pages={2905--2913},
	year={2020},
	publisher={IEEE}
}

@inproceedings{piergiovanni2019representation,
  title={Representation flow for action recognition},
  author={Piergiovanni, AJ and Ryoo, Michael S},
  booktitle={CVPR},
  year={2019}
}

@article{sun2022human,
  title={Human action recognition from various data modalities: A review},
  author={Sun, Zehua and Ke, Qiuhong and Rahmani, Hossein and Bennamoun, Mohammed and Wang, Gang and Liu, Jun},
  journal={TPAMI},
  year={2022},
  publisher={IEEE}
}


@article{he2018recognizing,
	title={Recognizing partial biometric patterns},
	author={He, Lingxiao and Sun, Zhenan and Zhu, Yuhao and Wang, Yunbo},
	journal={arXiv preprint arXiv:1810.07399},
	year={2018}
}

@article{ni2021flipreid,
	title={FlipReID: Closing the Gap between Training and Inference in Person Re-Identification},
	author={Ni, Xingyang and Rahtu, Esa},
	journal={arXiv preprint arXiv:2105.05639},
	year={2021}
}

@article{sharma2021person,
	title={Person Re-Identification with a Locally Aware Transformer},
	author={Sharma, Charu and Kapil, Siddhant R and Chapman, David},
	journal={arXiv preprint arXiv:2106.03720},
	year={2021}
}

@article{wieczorek2021unreasonable,
	title={On the Unreasonable Effectiveness of Centroids in Image Retrieval},
	author={Wieczorek, Mikolaj and Rychalska, Barbara and Dabrowski, Jacek},
	journal={arXiv preprint arXiv:2104.13643},
	year={2021}
}

@article{zhang2018learning,
	title={Learning multi-task correlation particle filters for visual tracking},
	author={Zhang, Tianzhu and Xu, Changsheng and Yang, Ming-Hsuan},
	journal={PAMI},
	year={2018},
}

@article{zhang2018robust,
	title={Robust structural sparse tracking},
	author={Zhang, Tianzhu and Xu, Changsheng and Yang, Ming-Hsuan},
	journal={PAMI},
	year={2018},
}

@article{zheng2012reidentification,
	title={Reidentification by relative distance comparison},
	author={Zheng, Wei-Shi and Gong, Shaogang and Xiang, Tao},
	journal={PAMI},
	year={2012},
}


@article{han2020survey,
	title={A survey on visual transformer},
	author={Han, Kai and Wang, Yunhe and Chen, Hanting and Chen, Xinghao and Guo, Jianyuan and Liu, Zhenhua and Tang, Yehui and Xiao, An and Xu, Chunjing and Xu, Yixing and others},
	journal={arXiv preprint arXiv:2012.12556},
	year={2020}
}

@article{khan2021transformers,
	title={Transformers in vision: A survey},
	author={Khan, Salman and Naseer, Muzammal and Hayat, Munawar and Zamir, Syed Waqas and Khan, Fahad Shahbaz and Shah, Mubarak},
	journal={arXiv preprint arXiv:2101.01169},
	year={2021}
}


@inproceedings{he2021transreid,
  title={Transreid: Transformer-based object re-identification},
  author={He, Shuting and Luo, Hao and Wang, Pichao and Wang, Fan and Li, Hao and Jiang, Wei},
  booktitle={CVPR},
  year={2021}
}

@article{VAN,
  title={Visual attention network},
  author={Guo, Meng-Hao and Lu, Cheng-Ze and Liu, Zheng-Ning and Cheng, Ming-Ming and Hu, Shi-Min},
  journal={arXiv preprint arXiv:2202.09741},
  year={2022}
}

@article{luo2019alignedreid++,
	title={AlignedReID++: Dynamically matching local information for person re-identification},
	author={Luo, Hao and Jiang, Wei and Zhang, Xuan and Fan, Xing and Qian, Jingjing and Zhang, Chi},
	journal={PR},
	volume={94},
	pages={53--61},
	year={2019},
	publisher={Elsevier}
}

@article{Reidentification,
	author={Zheng, Wei-Shi and Gong, Shaogang and Xiang, Tao},
	journal={PAMI}, 
	title={Reidentification by Relative Distance Comparison}, 
	year={2013},
	volume={35},
	number={3},
	pages={653-668},
	doi={10.1109/TPAMI.2012.138}
}


@article{zheng2016person,
	title={Person re-identification: Past, present and future},
	author={Zheng, Liang and Yang, Yi and Hauptmann, Alexander G},
	journal={arXiv preprint arXiv:1610.02984},
	year={2016}
}


@article{liang2018look,
	title={Look into person: Joint body parsing \& pose estimation network and a new benchmark},
	author={Liang, Xiaodan and Gong, Ke and Shen, Xiaohui and Lin, Liang},
	journal={PAMI},
	volume={41},
	number={4},
	pages={871--885},
	year={2018},
	publisher={IEEE}
}

@inproceedings{tan2022dynamic,
  title={Dynamic Prototype Mask for Occluded Person Re-Identification},
  author={Tan, Lei and Dai, Pingyang and Ji, Rongrong and Wu, Yongjian},
  booktitle={ACM MM},
  year={2022}
}

@inproceedings{wang2022feature,
  title={Feature Erasing and Diffusion Network for Occluded Person Re-Identification},
  author={Wang, Zhikang and Zhu, Feng and Tang, Shixiang and Zhao, Rui and He, Lihuo and Song, Jiangning},
  booktitle={CVPR},
  year={2022}
}

@inproceedings{bai2022salient,
  title={Salient-to-Broad Transition for Video Person Re-Identification},
  author={Bai, Shutao and Ma, Bingpeng and Chang, Hong and Huang, Rui and Chen, Xilin},
  booktitle={CVPR},
  year={2022}
}

@inproceedings{MGH,
  title={Learning multi-granular hypergraphs for video-based person re-identification},
  author={Yan, Yichao and Qin, Jie and Chen, Jiaxin and Liu, Li and Zhu, Fan and Tai, Ying and Shao, Ling},
  booktitle={CVPR},
  year={2020}
}

@inproceedings{GRL,
  title={Watching you: Global-guided reciprocal learning for video-based person re-identification},
  author={Liu, Xuehu and Zhang, Pingping and Yu, Chenyang and Lu, Huchuan and Yang, Xiaoyun},
  booktitle={CVPR},
  year={2021}
}


@inproceedings{MG-RAFA,
  title={Multi-granularity reference-aided attentive feature aggregation for video-based person re-identification},
  author={Zhang, Zhizheng and Lan, Cuiling and Zeng, Wenjun and Chen, Zhibo},
  booktitle={CVPR},
  year={2020}
}

@inproceedings{jaegle2021perceiver,
  title={Perceiver: General perception with iterative attention},
  author={Jaegle, Andrew and Gimeno, Felix and Brock, Andy and Vinyals, Oriol and Zisserman, Andrew and Carreira, Joao},
  booktitle={MLR},
  year={2021},
}


@article{jang2016categorical,
  title={Categorical reparameterization with gumbel-softmax},
  author={Jang, Eric and Gu, Shixiang and Poole, Ben},
  journal={arXiv preprint arXiv:1611.01144},
  year={2016}
}

@inproceedings{MARS,
  title={Mars: A video benchmark for large-scale person re-identification},
  author={Zheng, Liang and Bie, Zhi and Sun, Yifan and Wang, Jingdong and Su, Chi and Wang, Shengjin and Tian, Qi},
  booktitle={ECCV},
  year={2016},
}

@inproceedings{LS-VID,
  title={Global-local temporal representations for video person re-identification},
  author={Li, Jianing and Wang, Jingdong and Tian, Qi and Gao, Wen and Zhang, Shiliang},
  booktitle={CVPR},
  year={2019}
}

@inproceedings{flamingo,
  title={Flamingo: a visual language model for few-shot learning},
  author={Alayrac, Jean-Baptiste and Donahue, Jeff and Luc, Pauline and Miech, Antoine and Barr, Iain and Hasson, Yana and Lenc, Karel and Mensch, Arthur and Millican, Katie and Reynolds, Malcolm and others},
  booktitle={CVPR}, 
  year={2022}
}

@inproceedings{iLiDS-VID,
  title={Person re-identification by video ranking},
  author={Wang, Taiqing and Gong, Shaogang and Zhu, Xiatian and Wang, Shengjin},
  booktitle={ECCV},
  year={2014},
}

@inproceedings{PRID-2011,
  title={Person re-identification by descriptive and discriminative classification},
  author={Hirzer, Martin and Beleznai, Csaba and Roth, Peter M and Bischof, Horst},
  booktitle={SCIA},
  year={2011},
}

@inproceedings{STA,
  title={Sta: Spatial-temporal attention for large-scale video-based person re-identification},
  author={Fu, Yang and Wang, Xiaoyang and Wei, Yunchao and Huang, Thomas},
  booktitle={AAAI},
  year={2019}
}

@inproceedings{M3D,
  title={Multi-scale 3d convolution network for video based person re-identification},
  author={Li, Jianing and Zhang, Shiliang and Huang, Tiejun},
  booktitle={AAAI},
  year={2019}
}

@inproceedings{AP3D,
  title={Appearance-preserving 3d convolution for video-based person re-identification},
  author={Gu, Xinqian and Chang, Hong and Ma, Bingpeng and Zhang, Hongkai and Chen, Xilin},
  booktitle={ECCV},
  year={2020},
}

@inproceedings{STRF,
  title={Spatio-temporal representation factorization for video-based person re-identification},
  author={Aich, Abhishek and Zheng, Meng and Karanam, Srikrishna and Chen, Terrence and Roy-Chowdhury, Amit K and Wu, Ziyan},
  booktitle={ICCV},
  year={2021}
}

@inproceedings{GLTR,
  title={Global-local temporal representations for video person re-identification},
  author={Li, Jianing and Wang, Jingdong and Tian, Qi and Gao, Wen and Zhang, Shiliang},
  booktitle={ICCV},
  year={2019}
}

@inproceedings{TCLNet,
  title={Temporal complementary learning for video person re-identification},
  author={Hou, Ruibing and Chang, Hong and Ma, Bingpeng and Shan, Shiguang and Chen, Xilin},
  booktitle={ECCV},
  year={2020},
  organization={Springer}
}

@inproceedings{BiCnet-TKS,
  title={Bicnet-tks: Learning efficient spatial-temporal representation for video person re-identification},
  author={Hou, Ruibing and Chang, Hong and Ma, Bingpeng and Huang, Rui and Shan, Shiguang},
  booktitle={CVPR},
  year={2021}
}

@inproceedings{STMN,
  title={Video-based person re-identification with spatial and temporal memory networks},
  author={Eom, Chanho and Lee, Geon and Lee, Junghyup and Ham, Bumsub},
  booktitle={ICCV},
  year={2021}
}

@inproceedings{SINet,
  title={Salient-to-Broad Transition for Video Person Re-Identification},
  author={Bai, Shutao and Ma, Bingpeng and Chang, Hong and Huang, Rui and Chen, Xilin},
  booktitle=CVPR},
  pages={7339--7348},
  year={2022}
}

@inproceedings{CAViT,
  title={CAViT: Contextual Alignment Vision Transformer for Video Object Re-identification},
  author={Wu, Jinlin and He, Lingxiao and Liu, Wu and Yang, Yang and Lei, Zhen and Mei, Tao and Li, Stan Z},
  booktitle={ECCV},
  year={2022},
}

@article{ViT,
  title={An image is worth 16x16 words: Transformers for image recognition at scale},
  author={Dosovitskiy, Alexey and Beyer, Lucas and Kolesnikov, Alexander and Weissenborn, Dirk and Zhai, Xiaohua and Unterthiner, Thomas and Dehghani, Mostafa and Minderer, Matthias and Heigold, Georg and Gelly, Sylvain and others},
  journal={arXiv preprint arXiv:2010.11929},
  year={2020}
}

@inproceedings{tang2022few,
  title={Few could be better than all: Feature sampling and grouping for scene text detection},
  author={Tang, Jingqun and Zhang, Wenqing and Liu, Hongye and Yang, MingKun and Jiang, Bo and Hu, Guanglong and Bai, Xiang},
  booktitle={Proceedings of the IEEE/CVF Conference on Computer Vision and Pattern Recognition},
  pages={4563--4572},
  year={2022}
}
	
@article{liu2023spts,
  title={Spts v2: single-point scene text spotting},
  author={Liu, Yuliang and Zhang, Jiaxin and Peng, Dezhi and Huang, Mingxin and Wang, Xinyu and Tang, Jingqun and Huang, Can and Lin, Dahua and Shen, Chunhua and Bai, Xiang and others},
  journal={IEEE Transactions on Pattern Analysis and Machine Intelligence},
  year={2023},
  publisher={IEEE}
}

@inproceedings{tang2022optimal,
  title={Optimal boxes: boosting end-to-end scene text recognition by adjusting annotated bounding boxes via reinforcement learning},
  author={Tang, Jingqun and Qian, Wenming and Song, Luchuan and Dong, Xiena and Li, Lan and Bai, Xiang},
  booktitle={European Conference on Computer Vision},
  pages={233--248},
  year={2022},
  organization={Springer}
}

@article{feng2024docpedia,
  title={Docpedia: Unleashing the power of large multimodal model in the frequency domain for versatile document understanding},
  author={Feng, Hao and Liu, Qi and Liu, Hao and Tang, Jingqun and Zhou, Wengang and Li, Houqiang and Huang, Can},
  journal={Science China Information Sciences},
  volume={67},
  number={12},
  pages={1--14},
  year={2024},
  publisher={Springer}
}

@inproceedings{zhao2024multi,
  title={Multi-modal In-Context Learning Makes an Ego-evolving Scene Text Recognizer},
  author={Zhao, Zhen and Tang, Jingqun and Lin, Chunhui and Wu, Binghong and Huang, Can and Liu, Hao and Tan, Xin and Zhang, Zhizhong and Xie, Yuan},
  booktitle={Proceedings of the IEEE/CVF Conference on Computer Vision and Pattern Recognition},
  pages={15567--15576},
  year={2024}
}

@article{zhao2024harmonizing,
  title={Harmonizing visual text comprehension and generation},
  author={Zhao, Zhen and Tang, Jingqun and Wu, Binghong and Lin, Chunhui and Wei, Shu and Liu, Hao and Tan, Xin and Zhang, Zhizhong and Huang, Can and Xie, Yuan},
  journal={arXiv preprint arXiv:2407.16364},
  year={2024}
}

@article{wang2024pargo,
  title={Pargo: Bridging vision-language with partial and global views},
  author={Wang, An-Lan and Shan, Bin and Shi, Wei and Lin, Kun-Yu and Fei, Xiang and Tang, Guozhi and Liao, Lei and Tang, Jingqun and Huang, Can and Zheng, Wei-Shi},
  journal={arXiv preprint arXiv:2408.12928},
  year={2024}
}

@article{tang2023character,
  title={Character recognition competition for street view shop signs},
  author={Tang, Jingqun and Du, Weidong and Wang, Bin and Zhou, Wenyang and Mei, Shuqi and Xue, Tao and Xu, Xing and Zhang, Hai},
  journal={National Science Review},
  volume={10},
  number={6},
  pages={nwad141},
  year={2023},
  publisher={Oxford University Press}
}

@article{sun2024attentive,
  title={Attentive Eraser: Unleashing Diffusion Model's Object Removal Potential via Self-Attention Redirection Guidance},
  author={Sun, Wenhao and Cui, Benlei and Tang, Jingqun and Dong, Xue-Mei},
  journal={arXiv preprint arXiv:2412.12974},
  year={2024}
}

@article{lu2024bounding,
  title={A bounding box is worth one token: Interleaving layout and text in a large language model for document understanding},
  author={Lu, Jinghui and Yu, Haiyang and Wang, Yanjie and Ye, Yongjie and Tang, Jingqun and Yang, Ziwei and Wu, Binghong and Liu, Qi and Feng, Hao and Wang, Han and others},
  journal={arXiv preprint arXiv:2407.01976},
  year={2024}
}


@article{zhao2024tabpedia,
  title={Tabpedia: Towards comprehensive visual table understanding with concept synergy},
  author={Zhao, Weichao and Feng, Hao and Liu, Qi and Tang, Jingqun and Wei, Shu and Wu, Binghong and Liao, Lei and Ye, Yongjie and Liu, Hao and Zhou, Wengang and others},
  journal={arXiv preprint arXiv:2406.01326},
  year={2024}
}

@article{tang2024mtvqa,
  title={MTVQA: Benchmarking Multilingual Text-Centric Visual Question Answering},
  author={Tang, Jingqun and Liu, Qi and Ye, Yongjie and Lu, Jinghui and Wei, Shu and Lin, Chunhui and Li, Wanqing and Mahmood, Mohamad Fitri Faiz Bin and Feng, Hao and Zhao, Zhen and others},
  journal={arXiv preprint arXiv:2405.11985},
  year={2024}
}

@article{tang2024textsquare,
  title={TextSquare: Scaling up Text-Centric Visual Instruction Tuning},
  author={Tang, Jingqun and Lin, Chunhui and Zhao, Zhen and Wei, Shu and Wu, Binghong and Liu, Qi and Feng, Hao and Li, Yang and Wang, Siqi and Liao, Lei and others},
  journal={arXiv preprint arXiv:2404.12803},
  year={2024}
}

@article{shan2024mctbench,
  title={Mctbench: Multimodal cognition towards text-rich visual scenes benchmark},
  author={Shan, Bin and Fei, Xiang and Shi, Wei and Wang, An-Lan and Tang, Guozhi and Liao, Lei and Tang, Jingqun and Bai, Xiang and Huang, Can},
  journal={arXiv preprint arXiv:2410.11538},
  year={2024}
}

@article{feng2023unidoc,
  title={Unidoc: A universal large multimodal model for simultaneous text detection, recognition, spotting and understanding},
  author={Feng, Hao and Wang, Zijian and Tang, Jingqun and Lu, Jinghui and Zhou, Wengang and Li, Houqiang and Huang, Can},
  journal={arXiv preprint arXiv:2308.11592},
  year={2023}
}

@inproceedings{tang2022youcan,
author = {Tang, Jingqun and Qiao, Su and Cui, Benlei and Ma, Yuhang and Zhang, Sheng and Kanoulas, Dimitrios},
title = {You Can even Annotate Text with Voice: Transcription-only-Supervised Text Spotting},
year = {2022},
isbn = {9781450392037},
publisher = {Association for Computing Machinery},
address = {New York, NY, USA},
url = {https://doi.org/10.1145/3503161.3547787},
doi = {10.1145/3503161.3547787},
booktitle = {Proceedings of the 30th ACM International Conference on Multimedia},
pages = {4154–4163},
numpages = {10},
keywords = {audio annotation, coarse-to-fine cross attention, weakly-supervised text spotting},
location = {Lisboa, Portugal},
series = {MM '22}
}


@article{liu2024rethink,
  title={Rethink Motion Information for Occluded Person Re-Identification},
  author={Liu, Hongye and Chen, Xiai},
  journal={Applied Sciences},
  volume={14},
  number={6},
  pages={2558},
  year={2024},
  publisher={MDPI}
}