@inproceedings{BiCnet-TKS,
  title={Bicnet-tks: Learning efficient spatial-temporal representation for video person re-identification},
  author={Hou, Ruibing and Chang, Hong and Ma, Bingpeng and Huang, Rui and Shan, Shiguang},
  booktitle={CVPR},
  year={2021}
}

@inproceedings{bai2022salient,
  title={Salient-to-Broad Transition for Video Person Re-Identification},
  author={Bai, Shutao and Ma, Bingpeng and Chang, Hong and Huang, Rui and Chen, Xilin},
  booktitle={CVPR},
  year={2022}
}

@article{feng2023unidoc,
  title={Unidoc: A universal large multimodal model for simultaneous text detection, recognition, spotting and understanding},
  author={Feng, Hao and Wang, Zijian and Tang, Jingqun and Lu, Jinghui and Zhou, Wengang and Li, Houqiang and Huang, Can},
  journal={arXiv preprint arXiv:2308.11592},
  year={2023}
}

@article{feng2024docpedia,
  title={Docpedia: Unleashing the power of large multimodal model in the frequency domain for versatile document understanding},
  author={Feng, Hao and Liu, Qi and Liu, Hao and Tang, Jingqun and Zhou, Wengang and Li, Houqiang and Huang, Can},
  journal={Science China Information Sciences},
  volume={67},
  number={12},
  pages={1--14},
  year={2024},
  publisher={Springer}
}

@inproceedings{gao2020pose,
	title={Pose-guided visible part matching for occluded person ReID},
	author={Gao, Shang and Wang, Jingya and Lu, Huchuan and Liu, Zimo},
	booktitle={CVPR},
	year={2020}
}

@inproceedings{he2021transreid,
  title={Transreid: Transformer-based object re-identification},
  author={He, Shuting and Luo, Hao and Wang, Pichao and Wang, Fan and Li, Hao and Jiang, Wei},
  booktitle={CVPR},
  year={2021}
}

@article{jakab2018unsupervised,
  title={Unsupervised learning of object landmarks through conditional image generation},
  author={Jakab, Tomas and Gupta, Ankush and Bilen, Hakan and Vedaldi, Andrea},
  journal={NIPS},
  year={2018}
}

@article{kiran2021flow,
  title={Flow guided mutual attention for person re-identification},
  author={Kiran, Madhu and Bhuiyan, Amran and Blais-Morin, Louis-Antoine and Ayed, Ismail Ben and Granger, Eric and others},
  journal={Image and Vision Computing},
  year={2021},
}

@inproceedings{li2021diverse,
	title={Diverse Part Discovery: Occluded Person Re-Identification With Part-Aware Transformer},
	author={Li, Yulin and He, Jianfeng and Zhang, Tianzhu and Liu, Xiang and Zhang, Yongdong and Wu, Feng},
	booktitle={CVPR},
	year={2021}
}

@article{liu2024rethink,
  title={Rethink Motion Information for Occluded Person Re-Identification},
  author={Liu, Hongye and Chen, Xiai},
  journal={Applied Sciences},
  volume={14},
  number={6},
  pages={2558},
  year={2024},
  publisher={MDPI}
}

@article{lu2024bounding,
  title={A bounding box is worth one token: Interleaving layout and text in a large language model for document understanding},
  author={Lu, Jinghui and Yu, Haiyang and Wang, Yanjie and Ye, Yongjie and Tang, Jingqun and Yang, Ziwei and Wu, Binghong and Liu, Qi and Feng, Hao and Wang, Han and others},
  journal={arXiv preprint arXiv:2407.01976},
  year={2024}
}

@article{shan2024mctbench,
  title={Mctbench: Multimodal cognition towards text-rich visual scenes benchmark},
  author={Shan, Bin and Fei, Xiang and Shi, Wei and Wang, An-Lan and Tang, Guozhi and Liao, Lei and Tang, Jingqun and Bai, Xiang and Huang, Can},
  journal={arXiv preprint arXiv:2410.11538},
  year={2024}
}

@article{siarohin2019first,
	title={First order motion model for image animation},
	author={Siarohin, Aliaksandr and Lathuili{\`e}re, St{\'e}phane and Tulyakov, Sergey and Ricci, Elisa and Sebe, Nicu},
	journal={NIPS},
	year={2019}
}

@inproceedings{siarohin2021motion,
	title={Motion-supervised Co-Part Segmentation},
	author={Siarohin, Aliaksandr and Roy, Subhankar and Lathuili{\`e}re, St{\'e}phane and Tulyakov, Sergey and Ricci, Elisa and Sebe, Nicu},
	booktitle={ICPR},
	year={2021},
}

@article{sun2024attentive,
  title={Attentive Eraser: Unleashing Diffusion Model's Object Removal Potential via Self-Attention Redirection Guidance},
  author={Sun, Wenhao and Cui, Benlei and Tang, Jingqun and Dong, Xue-Mei},
  journal={arXiv preprint arXiv:2412.12974},
  year={2024}
}

@inproceedings{tan2022dynamic,
  title={Dynamic Prototype Mask for Occluded Person Re-Identification},
  author={Tan, Lei and Dai, Pingyang and Ji, Rongrong and Wu, Yongjian},
  booktitle={ACM MM},
  year={2022}
}

@inproceedings{tang2022optimal,
  title={Optimal boxes: boosting end-to-end scene text recognition by adjusting annotated bounding boxes via reinforcement learning},
  author={Tang, Jingqun and Qian, Wenming and Song, Luchuan and Dong, Xiena and Li, Lan and Bai, Xiang},
  booktitle={European Conference on Computer Vision},
  pages={233--248},
  year={2022},
  organization={Springer}
}

@inproceedings{tang2022youcan,
author = {Tang, Jingqun and Qiao, Su and Cui, Benlei and Ma, Yuhang and Zhang, Sheng and Kanoulas, Dimitrios},
title = {You Can even Annotate Text with Voice: Transcription-only-Supervised Text Spotting},
year = {2022},
isbn = {9781450392037},
publisher = {Association for Computing Machinery},
address = {New York, NY, USA},
url = {https://doi.org/10.1145/3503161.3547787},
doi = {10.1145/3503161.3547787},
booktitle = {Proceedings of the 30th ACM International Conference on Multimedia},
pages = {4154â€“4163},
numpages = {10},
keywords = {audio annotation, coarse-to-fine cross attention, weakly-supervised text spotting},
location = {Lisboa, Portugal},
series = {MM '22}
}

@article{tang2024mtvqa,
  title={MTVQA: Benchmarking Multilingual Text-Centric Visual Question Answering},
  author={Tang, Jingqun and Liu, Qi and Ye, Yongjie and Lu, Jinghui and Wei, Shu and Lin, Chunhui and Li, Wanqing and Mahmood, Mohamad Fitri Faiz Bin and Feng, Hao and Zhao, Zhen and others},
  journal={arXiv preprint arXiv:2405.11985},
  year={2024}
}

@article{tang2024textsquare,
  title={TextSquare: Scaling up Text-Centric Visual Instruction Tuning},
  author={Tang, Jingqun and Lin, Chunhui and Zhao, Zhen and Wei, Shu and Wu, Binghong and Liu, Qi and Feng, Hao and Li, Yang and Wang, Siqi and Liao, Lei and others},
  journal={arXiv preprint arXiv:2404.12803},
  year={2024}
}

@inproceedings{wang2022feature,
  title={Feature Erasing and Diffusion Network for Occluded Person Re-Identification},
  author={Wang, Zhikang and Zhu, Feng and Tang, Shixiang and Zhao, Rui and He, Lihuo and Song, Jiangning},
  booktitle={CVPR},
  year={2022}
}

@article{wang2024pargo,
  title={Pargo: Bridging vision-language with partial and global views},
  author={Wang, An-Lan and Shan, Bin and Shi, Wei and Lin, Kun-Yu and Fei, Xiang and Tang, Guozhi and Liao, Lei and Tang, Jingqun and Huang, Can and Zheng, Wei-Shi},
  journal={arXiv preprint arXiv:2408.12928},
  year={2024}
}

@article{yin2020fine,
  title={Fine-grained person re-identification},
  author={Yin, Jiahang and Wu, Ancong and Zheng, Wei-Shi},
  journal={IJCV},
  year={2020},
}

@article{zhao2024tabpedia,
  title={Tabpedia: Towards comprehensive visual table understanding with concept synergy},
  author={Zhao, Weichao and Feng, Hao and Liu, Qi and Tang, Jingqun and Wei, Shu and Wu, Binghong and Liao, Lei and Ye, Yongjie and Liu, Hao and Zhou, Wengang and others},
  journal={arXiv preprint arXiv:2406.01326},
  year={2024}
}

@article{zheng2019pose,
  title={Pose-invariant embedding for deep person re-identification},
  author={Zheng, Liang and Huang, Yujia and Lu, Huchuan and Yang, Yi},
  journal={TIP},
  year={2019},
}

