@article{cheng2024decomposed,
  title={Decomposed direct preference optimization for structure-based drug design},
  author={Cheng, Xiwei and Zhou, Xiangxin and Yang, Yuwei and Bao, Yu and Gu, Quanquan},
  journal={arXiv preprint arXiv:2407.13981},
  year={2024}
}

@inproceedings{christiano2017deep,
  author    = {Paul F. Christiano and Jan Leike and Tom B. Brown and Miljan Martic and Shane Legg and Dario Amodei},
  title     = {Deep Reinforcement Learning from Human Preferences},
  booktitle = {Advances in Neural Information Processing Systems (NeurIPS)},
  volume    = {30},
  year      = {2017},
  archivePrefix = {arXiv},
  eprint    = {1706.03741},
  url       = {https://arxiv.org/abs/1706.03741}
}

@article{haltaufderheide2024ethics,
  title={The ethics of ChatGPT in medicine and healthcare: a systematic review on Large Language Models (LLMs)},
  author={Haltaufderheide, Joschka and Ranisch, Robert},
  journal={NPJ digital medicine},
  volume={7},
  number={1},
  pages={183},
  year={2024},
  publisher={Nature Publishing Group UK London}
}

@inproceedings{louie2024roleplay,
  title={Roleplay-doh: Enabling Domain-Experts to Create LLM-simulated Patients via Eliciting and Adhering to Principles},
  author={Louie, Ryan and Nandi, Ananjan and Fang, William and Chang, Cheng and Brunskill, Emma and Yang, Diyi},
  booktitle={Proceedings of the 2024 Conference on Empirical Methods in Natural Language Processing},
  pages={10570--10603},
  year={2024}
}

@article{lu2024step,
  title={Step-controlled dpo: Leveraging stepwise error for enhanced mathematical reasoning},
  author={Lu, Zimu and Zhou, Aojun and Wang, Ke and Ren, Houxing and Shi, Weikang and Pan, Junting and Zhan, Mingjie and Li, Hongsheng},
  journal={arXiv preprint arXiv:2407.00782},
  year={2024}
}

@inproceedings{pi2024strengthening,
  title={Strengthening multimodal large language model with bootstrapped preference optimization},
  author={Pi, Renjie and Han, Tianyang and Xiong, Wei and Zhang, Jipeng and Liu, Runtao and Pan, Rui and Zhang, Tong},
  booktitle={European Conference on Computer Vision},
  pages={382--398},
  year={2024},
  organization={Springer}
}

@article{qiu2024interactive,
  title={Interactive agents: Simulating counselor-client psychological counseling via role-playing llm-to-llm interactions},
  author={Qiu, Huachuan and Lan, Zhenzhong},
  journal={arXiv preprint arXiv:2408.15787},
  year={2024}
}

@article{rafailov2023direct,
  author    = {Rafael Rafailov and Eric Mitchell and Arnaud Fickinger and Stefano Ermon and Chelsea Finn and Christopher D. Manning},
  title     = {Direct Preference Optimization: Your Language Model is Secretly a Reward Model},
  journal   = {arXiv preprint arXiv:2305.18290},
  year      = {2023},
  archivePrefix = {arXiv},
  eprint    = {2305.18290},
  primaryClass = {cs.CL},
  url       = {https://arxiv.org/abs/2305.18290}
}

@article{savage2024fine,
  title={Fine Tuning Large Language Models for Medicine: The Role and Importance of Direct Preference Optimization},
  author={Savage, Thomas and Ma, Stephen and Boukil, Abdessalem and Patel, Vishwesh and Rangan, Ekanath and Rodriguez, Ivan and Chen, Jonathan H},
  journal={arXiv preprint arXiv:2409.12741},
  year={2024}
}

@article{wang2024patient,
  title={Patient-$\{$$\backslash$Psi$\}$: Using large language models to simulate patients for training mental health professionals},
  author={Wang, Ruiyi and Milani, Stephanie and Chiu, Jamie C and Zhi, Jiayin and Eack, Shaun M and Labrum, Travis and Murphy, Samuel M and Jones, Nev and Hardy, Kate and Shen, Hong and others},
  journal={arXiv preprint arXiv:2405.19660},
  year={2024}
}

@article{zidoun2024artificial,
  title={Artificial Intelligence (AI)-Based simulators versus simulated patients in undergraduate programs: A protocol for a randomized controlled trial},
  author={Zidoun, Youness and Mardi, Abdelmoniem EL},
  journal={BMC Medical Education},
  volume={24},
  number={1},
  pages={1260},
  year={2024},
  publisher={Springer}
}

