@inproceedings{bourtoule2021machine,
  title={Machine unlearning},
  author={Bourtoule, Lucas and Chandrasekaran, Varun and Choquette-Choo, Christopher A and Jia, Hengrui and Travers, Adelin and Zhang, Baiwu and Lie, David and Papernot, Nicolas},
  booktitle={2021 IEEE Symposium on Security and Privacy (SP)},
  pages={141--159},
  year={2021},
  organization={IEEE}
}

@book{box2011bayesian,
  title={Bayesian inference in statistical analysis},
  author={Box, George EP and Tiao, George C},
  year={2011},
  publisher={John Wiley \& Sons}
}

@inproceedings{cao2015towards,
  title={Towards making systems forget with machine unlearning},
  author={Cao, Yinzhi and Yang, Junfeng},
  booktitle={2015 IEEE Symposium on Security and Privacy},
  pages={463--480},
  year={2015},
  organization={IEEE}
}

@inproceedings{chen2021machine,
  title={When machine unlearning jeopardizes privacy},
  author={Chen, Min and Zhang, Zhikun and Wang, Tianhao and Backes, Michael and Humbert, Mathias and Zhang, Yang},
  booktitle={Proceedings of the 2021 ACM SIGSAC Conference on Computer and Communications Security},
  pages={896--911},
  year={2021}
}

@inproceedings{dwork2006differential,
  title={Differential privacy},
  author={Dwork, Cynthia},
  booktitle={Automata, Languages and Programming: 33rd International Colloquium, ICALP 2006, Venice, Italy, July 10-14, 2006, Proceedings, Part II 33},
  pages={1--12},
  year={2006},
  organization={Springer}
}

@inproceedings{fredrikson2014privacy,
  author    = {Matthew Fredrikson and
               Eric Lantz and
               Somesh Jha and
               Simon M. Lin and
               David Page and
               Thomas Ristenpart},
  title     = {Privacy in Pharmacogenetics: An End-to-End Case Study of Personalized
               Warfarin Dosing},
  booktitle = {Proceedings of the 23rd {USENIX} Security Symposium, San Diego, CA,
               USA, August 20-22, 2014},
  pages     = {17--32},
  publisher = {{USENIX} Association},
  year      = {2014}
}

@inproceedings{fu2022knowledge,
  author    = {Shaopeng Fu and
               Fengxiang He and
               Dacheng Tao},
  title     = {Knowledge Removal in Sampling-based Bayesian Inference},
  booktitle = {The Tenth International Conference on Learning Representations, {ICLR}
               2022, Virtual Event, April 25-29, 2022},
  publisher = {OpenReview.net},
  year      = {2022}
}

@article{gao2022deletion,
  title={Deletion inference, reconstruction, and compliance in machine (un) learning},
  author={Gao, Ji and Garg, Sanjam and Mahmoody, Mohammad and Vasudevan, Prashant Nalini},
  journal={Proceedings on Privacy Enhancing Technologies},
  volume={3},
  pages={415--436},
  year={2022}
}

@inproceedings{garg2020formalizing,
  author    = {Sanjam Garg and
               Shafi Goldwasser and
               Prashant Nalini Vasudevan},
  editor    = {Anne Canteaut and
               Yuval Ishai},
  title     = {Formalizing Data Deletion in the Context of the Right to Be Forgotten},
  booktitle = {Advances in Cryptology - {EUROCRYPT} 2020 - 39th Annual International
               Conference on the Theory and Applications of Cryptographic Techniques,
               Zagreb, Croatia, May 10-14, 2020, Proceedings, Part {II}},
  series    = {Lecture Notes in Computer Science},
  volume    = {12106},
  pages     = {373--402},
  publisher = {Springer},
  year      = {2020}
}

@book{gilks1995markov,
  title={Markov chain Monte Carlo in practice},
  author={Gilks, Walter R and Richardson, Sylvia and Spiegelhalter, David},
  year={1995},
  publisher={CRC press}
}

@inproceedings{graves2021amnesiac,
  title={Amnesiac machine learning},
  author={Graves, Laura and Nagisetty, Vineel and Ganesh, Vijay},
  booktitle={Proceedings of the AAAI Conference on Artificial Intelligence},
  volume={35},
  number={13},
  pages={11516--11524},
  year={2021}
}

@inproceedings{guo2019certified,
  author    = {Chuan Guo and
               Tom Goldstein and
               Awni Y. Hannun and
               Laurens van der Maaten},
  title     = {Certified Data Removal from Machine Learning Models},
  booktitle = {Proceedings of the 37th International Conference on Machine Learning,
               {ICML} 2020, 13-18 July 2020, Virtual Event},
  series    = {Proceedings of Machine Learning Research},
  volume    = {119},
  pages     = {3832--3842},
  publisher = {{PMLR}},
  year      = {2020}
}

@article{lu2022label,
  title={Label-only membership inference attacks on machine unlearning without dependence of posteriors},
  author={Lu, Zhaobo and Liang, Hai and Zhao, Minghao and Lv, Qingzhe and Liang, Tiancai and Wang, Yilei},
  journal={International Journal of Intelligent Systems},
  volume={37},
  number={11},
  pages={9424--9441},
  year={2022},
  publisher={Wiley Online Library}
}

@article{nguyen2020variational,
  title={Variational bayesian unlearning},
  author={Nguyen, Quoc Phong and Low, Bryan Kian Hsiang and Jaillet, Patrick},
  journal={Advances in Neural Information Processing Systems},
  volume={33},
  pages={16025--16036},
  year={2020}
}

@inproceedings{salem2020updates,
  author    = {Ahmed Salem and
               Apratim Bhattacharya and
               Michael Backes and
               Mario Fritz and
               Yang Zhang},
  title     = {Updates-Leak: Data Set Inference and Reconstruction Attacks in Online
               Learning},
  booktitle = {29th {USENIX} Security Symposium, {USENIX} Security 2020, August 12-14,
               2020},
  pages     = {1291--1308},
  publisher = {{USENIX} Association},
  year      = {2020}
}

@article{sekhari2021remember,
  title={Remember what you want to forget: Algorithms for machine unlearning},
  author={Sekhari, Ayush and Acharya, Jayadev and Kamath, Gautam and Suresh, Ananda Theertha},
  journal={Advances in Neural Information Processing Systems},
  volume={34},
  year={2021}
}

@article{wu2022puma,
  title={PUMA: Performance Unchanged Model Augmentation for Training Data Removal},
  author={Wu, Ga and Hashemi, Masoud and Srinivasa, Christopher},
  journal={arXiv preprint arXiv:2203.00846},
  year={2022}
}

@inproceedings{yanarcane2022unlearning,
  author    = {Haonan Yan and
               Xiaoguang Li and
               Ziyao Guo and
               Hui Li and
               Fenghua Li and
               Xiaodong Lin},
  editor    = {Luc De Raedt},
  title     = {{ARCANE:} An Efficient Architecture for Exact Machine Unlearning},
  booktitle = {Proceedings of the Thirty-First International Joint Conference on
               Artificial Intelligence, {IJCAI} 2022, Vienna, Austria, 23-29 July
               2022},
  pages     = {4006--4013},
  publisher = {ijcai.org},
  year      = {2022}
}

