@article{yang2019federated,
  title={Federated machine learning: Concept and applications},
  author={Yang, Qiang and Liu, Yang and Chen, Tianjian and Tong, Yongxin},
  journal={ACM Transactions on Intelligent Systems and Technology (TIST)},
  volume={10},
  number={2},
  pages={1--19},
  year={2019},
  publisher={ACM New York, NY, USA}
}

@article{krizhevsky2009learning,
  title={Learning multiple layers of features from tiny images},
  author={Krizhevsky, Alex and Hinton, Geoffrey and others},
  year={2009},
  publisher={Toronto, ON, Canada}
}


@inproceedings{coates2011analysis,
  title={An analysis of single-layer networks in unsupervised feature learning},
  author={Coates, Adam and Ng, Andrew and Lee, Honglak},
  booktitle={Proceedings of the fourteenth international conference on artificial intelligence and statistics},
  pages={215--223},
  year={2011},
  organization={JMLR Workshop and Conference Proceedings}
}

@inproceedings{Hu2024sp,
author = {H. Hu and S. Wang and T. Dong and M. Xue},
booktitle = {2024 IEEE Symposium on Security and Privacy (SP)},
title = {Learn What You Want to Unlearn: Unlearning Inversion Attacks against Machine Unlearning},
year = {2024},
volume = {},
issn = {2375-1207},
pages = {262-262}
}

@inproceedings{zhang2023conditional,
  title={Conditional Matching GAN Guided Reconstruction Attack in Machine Unlearning},
  author={Zhang, Kaiyue and Wang, Weiqi and Fan, Zipei and Song, Xuan and Yu, Shui},
  booktitle={GLOBECOM 2023-2023 IEEE Global Communications Conference},
  pages={44--49},
  year={2023},
  organization={IEEE}
}

@inproceedings{bang2021explaining,
  title={Explaining a black-box by using a deep variational information bottleneck approach},
  author={Bang, Seojin and Xie, Pengtao and Lee, Heewook and Wu, Wei and Xing, Eric},
  booktitle={Proceedings of the AAAI Conference on Artificial Intelligence},
  volume={35},
  number={13},
  pages={11396--11404},
  year={2021}
}

@inproceedings{wang2018stealing,
  title={Stealing hyperparameters in machine learning},
  author={Wang, Binghui and Gong, Neil Zhenqiang},
  booktitle={2018 IEEE symposium on security and privacy (SP)},
  pages={36--52},
  year={2018},
  organization={IEEE}
}

@inproceedings{fredrikson2014privacy,
  author    = {Matthew Fredrikson and
               Eric Lantz and
               Somesh Jha and
               Simon M. Lin and
               David Page and
               Thomas Ristenpart},
  title     = {Privacy in Pharmacogenetics: An End-to-End Case Study of Personalized
               Warfarin Dosing},
  booktitle = {Proceedings of the 23rd {USENIX} Security Symposium, San Diego, CA,
               USA, August 20-22, 2014},
  pages     = {17--32},
  publisher = {{USENIX} Association},
  year      = {2014}
}

@inproceedings{kusner2017grammar,
  title={Grammar variational autoencoder},
  author={Kusner, Matt J and Paige, Brooks and Hern{\'a}ndez-Lobato, Jos{\'e} Miguel},
  booktitle={International conference on machine learning},
  pages={1945--1954},
  year={2017},
  organization={PMLR}
} 


@inproceedings{salem2020updates,
  author    = {Ahmed Salem and
               Apratim Bhattacharya and
               Michael Backes and
               Mario Fritz and
               Yang Zhang},
  title     = {Updates-Leak: Data Set Inference and Reconstruction Attacks in Online
               Learning},
  booktitle = {29th {USENIX} Security Symposium, {USENIX} Security 2020, August 12-14,
               2020},
  pages     = {1291--1308},
  publisher = {{USENIX} Association},
  year      = {2020}
}

@article{kingma2014auto,
  title={Auto-Encoding Variational Bayes},
  author={Kingma, Diederik P and Welling, Max},
  journal={stat},
  volume={1050},
  pages={1},
  year={2014}
}

@article{blei2017variational,
  title={Variational inference: A review for statisticians},
  author={Blei, David M and Kucukelbir, Alp and McAuliffe, Jon D},
  journal={Journal of the American statistical Association},
  volume={112},
  number={518},
  pages={859--877},
  year={2017},
  publisher={Taylor \& Francis}
}

@article{achille2018information,
  title={Information dropout: Learning optimal representations through noisy computation},
  author={Achille, Alessandro and Soatto, Stefano},
  journal={IEEE transactions on pattern analysis and machine intelligence},
  volume={40},
  number={12},
  pages={2897--2905},
  year={2018},
  publisher={IEEE}
}

@inproceedings{hitaj2017deep,
  title={Deep models under the GAN: information leakage from collaborative deep learning},
  author={Hitaj, Briland and Ateniese, Giuseppe and Perez-Cruz, Fernando},
  booktitle={Proceedings of the 2017 ACM SIGSAC conference on computer and communications security},
  pages={603--618},
  year={2017}
}

@inproceedings{melis2019exploiting,
  title={Exploiting unintended feature leakage in collaborative learning},
  author={Melis, Luca and Song, Congzheng and De Cristofaro, Emiliano and Shmatikov, Vitaly},
  booktitle={2019 IEEE Symposium on Security and Privacy (SP)},
  pages={691--706},
  year={2019},
  organization={IEEE}
}


@inproceedings{guo2019certified,
  author    = {Chuan Guo and
               Tom Goldstein and
               Awni Y. Hannun and
               Laurens van der Maaten},
  title     = {Certified Data Removal from Machine Learning Models},
  booktitle = {Proceedings of the 37th International Conference on Machine Learning,
               {ICML} 2020, 13-18 July 2020, Virtual Event},
  series    = {Proceedings of Machine Learning Research},
  volume    = {119},
  pages     = {3832--3842},
  publisher = {{PMLR}},
  year      = {2020}
}

@inproceedings{fu2022knowledge,
  author    = {Shaopeng Fu and
               Fengxiang He and
               Dacheng Tao},
  title     = {Knowledge Removal in Sampling-based Bayesian Inference},
  booktitle = {The Tenth International Conference on Learning Representations, {ICLR}
               2022, Virtual Event, April 25-29, 2022},
  publisher = {OpenReview.net},
  year      = {2022}
}

@article{sekhari2021remember,
  title={Remember what you want to forget: Algorithms for machine unlearning},
  author={Sekhari, Ayush and Acharya, Jayadev and Kamath, Gautam and Suresh, Ananda Theertha},
  journal={Advances in Neural Information Processing Systems},
  volume={34},
  year={2021}
}

@inproceedings{graves2021amnesiac,
  title={Amnesiac machine learning},
  author={Graves, Laura and Nagisetty, Vineel and Ganesh, Vijay},
  booktitle={Proceedings of the AAAI Conference on Artificial Intelligence},
  volume={35},
  number={13},
  pages={11516--11524},
  year={2021}
}

@inproceedings{brophy2021machine,
  title={Machine unlearning for random forests},
  author={Brophy, Jonathan and Lowd, Daniel},
  booktitle={International Conference on Machine Learning},
  pages={1092--1104},
  year={2021},
  organization={PMLR}
}

@inproceedings{mehta2022deep,
  title={Deep Unlearning via Randomized Conditionally Independent Hessians},
  author={Mehta, Ronak and Pal, Sourav and Singh, Vikas and Ravi, Sathya N},
  booktitle={Proceedings of the IEEE/CVF Conference on Computer Vision and Pattern Recognition},
  pages={10422--10431},
  year={2022}
}

@article{mai2018reconstruction,
  title={On the reconstruction of face images from deep face templates},
  author={Mai, Guangcan and Cao, Kai and Yuen, Pong C and Jain, Anil K},
  journal={IEEE transactions on pattern analysis and machine intelligence},
  volume={41},
  number={5},
  pages={1188--1202},
  year={2018},
  publisher={IEEE}
}

@article{zhang2018advances,
  title={Advances in variational inference},
  author={Zhang, Cheng and B{\"u}tepage, Judith and Kjellstr{\"o}m, Hedvig and Mandt, Stephan},
  journal={IEEE transactions on pattern analysis and machine intelligence},
  volume={41},
  number={8},
  pages={2008--2026},
  year={2018},
  publisher={IEEE}
}

@inproceedings{dwork2006differential,
  title={Differential privacy},
  author={Dwork, Cynthia},
  booktitle={Automata, Languages and Programming: 33rd International Colloquium, ICALP 2006, Venice, Italy, July 10-14, 2006, Proceedings, Part II 33},
  pages={1--12},
  year={2006},
  organization={Springer}
}

@book{box2011bayesian,
  title={Bayesian inference in statistical analysis},
  author={Box, George EP and Tiao, George C},
  year={2011},
  publisher={John Wiley \& Sons}
}

@book{gilks1995markov,
  title={Markov chain Monte Carlo in practice},
  author={Gilks, Walter R and Richardson, Sylvia and Spiegelhalter, David},
  year={1995},
  publisher={CRC press}
}

@incollection{joyce2011kullback,
  title={Kullback-leibler divergence},
  author={Joyce, James M},
  booktitle={International encyclopedia of statistical science},
  pages={720--722},
  year={2011},
  publisher={Springer}
}

@inproceedings{tishby2015deep,
  title={Deep learning and the information bottleneck principle},
  author={Tishby, Naftali and Zaslavsky, Noga},
  booktitle={2015 ieee information theory workshop (itw)},
  pages={1--5},
  year={2015},
  organization={IEEE}
}

@inproceedings{wu2020deltagrad,
  title={Deltagrad: Rapid retraining of machine learning models},
  author={Wu, Yinjun and Dobriban, Edgar and Davidson, Susan},
  booktitle={International Conference on Machine Learning},
  pages={10355--10366},
  year={2020},
  organization={PMLR}
}


@inproceedings{schelter2021hedgecut,
  title={Hedgecut: Maintaining randomised trees for low-latency machine unlearning},
  author={Schelter, Sebastian and Grafberger, Stefan and Dunning, Ted},
  booktitle={Proceedings of the 2021 International Conference on Management of Data},
  pages={1545--1557},
  year={2021}
}

@article{scarselli2008graph,
  title={The graph neural network model},
  author={Scarselli, Franco and Gori, Marco and Tsoi, Ah Chung and Hagenbuchner, Markus and Monfardini, Gabriele},
  journal={IEEE transactions on neural networks},
  volume={20},
  number={1},
  pages={61--80},
  year={2008},
  publisher={IEEE}
}

@article{ma2022learn,
  title={Learn to Forget: Machine Unlearning Via Neuron Masking},
  author={Ma, Zhuo and Liu, Yang and Liu, Ximeng and Liu, Jian and Ma, Jianfeng and Ren, Kui},
  journal={IEEE Transactions on Dependable and Secure Computing},
  year={2022},
  publisher={IEEE}
}

@article{kung2017collaborative,
  title={Collaborative PCA/DCA learning methods for compressive privacy},
  author={Kung, Sun-Yuan and Chanyaswad, Thee and Chang, J Morris and Wu, Peiyuan},
  journal={ACM Transactions on Embedded Computing Systems (TECS)},
  volume={16},
  number={3},
  pages={1--18},
  year={2017},
  publisher={ACM New York, NY, USA}
}

@article{yu2021recognizing,
  title={Recognizing predictive substructures with subgraph information bottleneck},
  author={Yu, Junchi and Xu, Tingyang and Rong, Yu and Bian, Yatao and Huang, Junzhou and He, Ran},
  journal={IEEE Transactions on Pattern Analysis and Machine Intelligence},
  year={2021},
  publisher={IEEE}
}

@inproceedings{liu2020reflection,
  title={Reflection backdoor: A natural backdoor attack on deep neural networks},
  author={Liu, Yunfei and Ma, Xingjun and Bailey, James and Lu, Feng},
  booktitle={Computer Vision--ECCV 2020: 16th European Conference, Glasgow, UK, August 23--28, 2020, Proceedings, Part X 16},
  pages={182--199},
  year={2020},
  organization={Springer}
}

@inproceedings{yanarcane2022unlearning,
  author    = {Haonan Yan and
               Xiaoguang Li and
               Ziyao Guo and
               Hui Li and
               Fenghua Li and
               Xiaodong Lin},
  editor    = {Luc De Raedt},
  title     = {{ARCANE:} An Efficient Architecture for Exact Machine Unlearning},
  booktitle = {Proceedings of the Thirty-First International Joint Conference on
               Artificial Intelligence, {IJCAI} 2022, Vienna, Austria, 23-29 July
               2022},
  pages     = {4006--4013},
  publisher = {ijcai.org},
  year      = {2022}
}

@inproceedings{garg2020formalizing,
  author    = {Sanjam Garg and
               Shafi Goldwasser and
               Prashant Nalini Vasudevan},
  editor    = {Anne Canteaut and
               Yuval Ishai},
  title     = {Formalizing Data Deletion in the Context of the Right to Be Forgotten},
  booktitle = {Advances in Cryptology - {EUROCRYPT} 2020 - 39th Annual International
               Conference on the Theory and Applications of Cryptographic Techniques,
               Zagreb, Croatia, May 10-14, 2020, Proceedings, Part {II}},
  series    = {Lecture Notes in Computer Science},
  volume    = {12106},
  pages     = {373--402},
  publisher = {Springer},
  year      = {2020}
}


@inproceedings{hu2022membership,
  author    = {Hongsheng Hu and
               Zoran Salcic and
               Gillian Dobbie and
               Jinjun Chen and
               Lichao Sun and
               Xuyun Zhang},
  editor    = {Luc De Raedt},
  title     = {Membership Inference via Backdooring},
  booktitle = {Proceedings of the Thirty-First International Joint Conference on
               Artificial Intelligence, {IJCAI} 2022, Vienna, Austria, 23-29 July
               2022},
  pages     = {3832--3838},
  publisher = {ijcai.org},
  year      = {2022}
}



@article{tishby2000information,
  title={The information bottleneck method},
  author={Tishby, Naftali and Pereira, Fernando C and Bialek, William},
  journal={arXiv preprint physics/0004057},
  year={2000}
}

@article{nguyen2020variational,
  title={Variational bayesian unlearning},
  author={Nguyen, Quoc Phong and Low, Bryan Kian Hsiang and Jaillet, Patrick},
  journal={Advances in Neural Information Processing Systems},
  volume={33},
  pages={16025--16036},
  year={2020}
}

@article{gupta2021adaptive,
  title={Adaptive machine unlearning},
  author={Gupta, Varun and Jung, Christopher and Neel, Seth and Roth, Aaron and Sharifi-Malvajerdi, Saeed and Waites, Chris},
  journal={Advances in Neural Information Processing Systems},
  volume={34},
  pages={16319--16330},
  year={2021}
}


@inproceedings{neel2021descent,
  title={Descent-to-delete: Gradient-based methods for machine unlearning},
  author={Neel, Seth and Roth, Aaron and Sharifi-Malvajerdi, Saeed},
  booktitle={Algorithmic Learning Theory},
  pages={931--962},
  year={2021},
  organization={PMLR}
}

@inproceedings{golatkar2021mixed,
  title={Mixed-privacy forgetting in deep networks},
  author={Golatkar, Aditya and Achille, Alessandro and Ravichandran, Avinash and Polito, Marzia and Soatto, Stefano},
  booktitle={Proceedings of the IEEE/CVF Conference on Computer Vision and Pattern Recognition},
  pages={792--801},
  year={2021}
}


@article{wu2022puma,
  title={PUMA: Performance Unchanged Model Augmentation for Training Data Removal},
  author={Wu, Ga and Hashemi, Masoud and Srinivasa, Christopher},
  journal={arXiv preprint arXiv:2203.00846},
  year={2022}
}

@inproceedings{nguyen2022markov,
  author    = {Quoc Phong Nguyen and
               Ryutaro Oikawa and
               Dinil Mon Divakaran and
               Mun Choon Chan and
               Bryan Kian Hsiang Low},
  title     = {Markov Chain Monte Carlo-Based Machine Unlearning: Unlearning What
               Needs to be Forgotten},
  booktitle = {{ASIA} {CCS} '22: {ACM} Asia Conference on Computer and Communications
               Security, Nagasaki, Japan, 30 May 2022 - 3 June 2022},
  pages     = {351--363},
  publisher = {{ACM}},
  year      = {2022}
}

@inproceedings{chen2021machine,
  title={When machine unlearning jeopardizes privacy},
  author={Chen, Min and Zhang, Zhikun and Wang, Tianhao and Backes, Michael and Humbert, Mathias and Zhang, Yang},
  booktitle={Proceedings of the 2021 ACM SIGSAC Conference on Computer and Communications Security},
  pages={896--911},
  year={2021}
}

@article{blahut1972computation,
  title={Computation of channel capacity and rate-distortion functions},
  author={Blahut, Richard},
  journal={IEEE transactions on Information Theory},
  volume={18},
  number={4},
  pages={460--473},
  year={1972},
  publisher={IEEE}
}


@article{gao2022deletion,
  title={Deletion inference, reconstruction, and compliance in machine (un) learning},
  author={Gao, Ji and Garg, Sanjam and Mahmoody, Mohammad and Vasudevan, Prashant Nalini},
  journal={Proceedings on Privacy Enhancing Technologies},
  volume={3},
  pages={415--436},
  year={2022}
}

@article{baumhauer2020machine,
  title={Machine unlearning: Linear filtration for logit-based classifiers},
  author={Baumhauer, Thomas and Sch{\"o}ttle, Pascal and Zeppelzauer, Matthias},
  journal={arXiv preprint arXiv:2002.02730},
  year={2020}
}

@inproceedings{du2019lifelong,
  title={Lifelong anomaly detection through unlearning},
  author={Du, Min and Chen, Zhi and Liu, Chang and Oak, Rajvardhan and Song, Dawn},
  booktitle={Proceedings of the 2019 ACM SIGSAC Conference on Computer and Communications Security},
  pages={1283--1297},
  year={2019}
}

@article{xiao2017fashion,
  title={Fashion-mnist: a novel image dataset for benchmarking machine learning algorithms},
  author={Xiao, Han and Rasul, Kashif and Vollgraf, Roland},
  journal={arXiv preprint arXiv:1708.07747},
  year={2017}
}

@inproceedings{bourtoule2021machine,
  title={Machine unlearning},
  author={Bourtoule, Lucas and Chandrasekaran, Varun and Choquette-Choo, Christopher A and Jia, Hengrui and Travers, Adelin and Zhang, Baiwu and Lie, David and Papernot, Nicolas},
  booktitle={2021 IEEE Symposium on Security and Privacy (SP)},
  pages={141--159},
  year={2021},
  organization={IEEE}
}
Wang, Weiqi, Shushu Liu, An Liu, Christy Jie Liang, and Shui Yu.

@article{lu2022label,
  title={Label-only membership inference attacks on machine unlearning without dependence of posteriors},
  author={Lu, Zhaobo and Liang, Hai and Zhao, Minghao and Lv, Qingzhe and Liang, Tiancai and Wang, Yilei},
  journal={International Journal of Intelligent Systems},
  volume={37},
  number={11},
  pages={9424--9441},
  year={2022},
  publisher={Wiley Online Library}
}

@inproceedings{papernot2017practical,
  title={Practical black-box attacks against machine learning},
  author={Papernot, Nicolas and McDaniel, Patrick and Goodfellow, Ian and Jha, Somesh and Celik, Z Berkay and Swami, Ananthram},
  booktitle={Proceedings of the 2017 ACM on Asia conference on computer and communications security},
  pages={506--519},
  year={2017}
}

@inproceedings{shokri2017membership,
  title={Membership inference attacks against machine learning models},
  author={Shokri, Reza and Stronati, Marco and Song, Congzheng and Shmatikov, Vitaly},
  booktitle={2017 IEEE symposium on security and privacy (SP)},
  pages={3--18},
  year={2017},
  organization={IEEE}
}

@article{lecun1989optimal,
  title={Optimal brain damage},
  author={LeCun, Yann and Denker, John and Solla, Sara},
  journal={Advances in neural information processing systems},
  volume={2},
  year={1989}
}

@article{kirkpatrick2017overcoming,
  title={Overcoming catastrophic forgetting in neural networks},
  author={Kirkpatrick, James and Pascanu, Razvan and Rabinowitz, Neil and Veness, Joel and Desjardins, Guillaume and Rusu, Andrei A and Milan, Kieran and Quan, John and Ramalho, Tiago and Grabska-Barwinska, Agnieszka and others},
  journal={Proceedings of the national academy of sciences},
  volume={114},
  number={13},
  pages={3521--3526},
  year={2017},
  publisher={National Acad Sciences}
}

@article{ginart2019making,
  title={Making ai forget you: Data deletion in machine learning},
  author={Ginart, Antonio and Guan, Melody and Valiant, Gregory and Zou, James Y},
  journal={Advances in Neural Information Processing Systems},
  volume={32},
  year={2019}
}

@article{wu2020graph,
  title={Graph information bottleneck},
  author={Wu, Tailin and Ren, Hongyu and Li, Pan and Leskovec, Jure},
  journal={Advances in Neural Information Processing Systems},
  volume={33},
  pages={20437--20448},
  year={2020}
}


@article{ mantelero2013eu,
  author    = {Alessandro Mantelero},
  title     = {The {EU} Proposal for a General Data Protection Regulation and the
               roots of the 'right to be forgotten'},
  journal   = {Comput. Law Secur. Rev.},
  volume    = {29},
  number    = {3},
  pages     = {229--235},
  year      = {2013}
}

@inproceedings{alemi2016deep,
  author    = {Alexander A. Alemi and
               Ian Fischer and
               Joshua V. Dillon and
               Kevin Murphy},
  title     = {Deep Variational Information Bottleneck},
  booktitle = {5th International Conference on Learning Representations, {ICLR} 2017,
               Toulon, France, April 24-26, 2017, Conference Track Proceedings},
  publisher = {OpenReview.net},
  year      = {2017}
}

@article{wei2020federated,
  title={Federated learning with differential privacy: Algorithms and performance analysis},
  author={Wei, Kang and Li, Jun and Ding, Ming and Ma, Chuan and Yang, Howard H and Farokhi, Farhad and Jin, Shi and Quek, Tony QS and Poor, H Vincent},
  journal={IEEE Transactions on Information Forensics and Security},
  volume={15},
  pages={3454--3469},
  year={2020},
  publisher={IEEE}
}

@article{ distinction,
  title={Deep variational information bottleneck},
  author={Alemi, Alexander A and Fischer, Ian and Dillon, Joshua V and Murphy, Kevin},
  journal={arXiv preprint arXiv:1612.00410},
  year={2016}
}

@article{ McMahanMRA16,
  title={Federated learning of deep networks using model averaging},
  author={McMahan, H Brendan and Moore, Eider and Ramage, Daniel and y Arcas, Blaise Ag{\"u}era},
  journal={arXiv preprint arXiv:1602.05629},
  year={2016},
  publisher={Technical report}
}


@article{ kung2017compressive,
  author    = {Sun{-}Yuan Kung},
  title     = {Compressive Privacy: From Information Estimation Theory to Machine
               Learning [Lecture Notes]},
  journal   = {{IEEE} Signal Process. Mag.},
  volume    = {34},
  number    = {1},
  pages     = {94--112},
  year      = {2017}
}

@inproceedings{zhang2020secret,
  title={The secret revealer: Generative model-inversion attacks against deep neural networks},
  author={Zhang, Yuheng and Jia, Ruoxi and Pei, Hengzhi and Wang, Wenxiao and Li, Bo and Song, Dawn},
  booktitle={Proceedings of the IEEE/CVF Conference on Computer Vision and Pattern Recognition},
  pages={253--261},
  year={2020}
}

@article{liu2022backdoor,
  title={Backdoor Defense with Machine Unlearning},
  author={Liu, Yang and Fan, Mingyuan and Chen, Cen and Liu, Ximeng and Ma, Zhuo and Wang, Li and Ma, Jianfeng},
  journal={arXiv preprint arXiv:2201.09538},
  year={2022}
}

@article{ tseng2020compressive,
  title={Compressive privacy generative adversarial network},
  author={Tseng, Bo-Wei and Wu, Pei-Yuan},
  journal={IEEE Transactions on Information Forensics and Security},
  volume={15},
  pages={2499--2513},
  year={2020},
  publisher={IEEE}
}

@inproceedings{ Liu0CGY21,
  title={Flame: Differentially private federated learning in the shuffle model},
  author={Liu, Ruixuan and Cao, Yang and Chen, Hong and Guo, Ruoyang and Yoshikawa, Masatoshi},
  booktitle={AAAI},
  year={2020}
}


@Article{ SunQC21,
  title={Ldp-fl: Practical private aggregation in federated learning with local differential privacy},
  author={Sun, Lichao and Qian, Jianwei and Chen, Xun and Yu, Philip S},
  journal={arXiv preprint arXiv:2007.15789},
  year={2020}
}

@book{bishop2006pattern,
  title={Pattern recognition and machine learning},
  author={Bishop, Christopher M and Nasrabadi, Nasser M},
  volume={4},
  number={4},
  year={2006},
  publisher={Springer}
}

@inproceedings{cao2015towards,
  title={Towards making systems forget with machine unlearning},
  author={Cao, Yinzhi and Yang, Junfeng},
  booktitle={2015 IEEE Symposium on Security and Privacy},
  pages={463--480},
  year={2015},
  organization={IEEE}
}

@inproceedings{izzo2021approximate,
  title={Approximate data deletion from machine learning models},
  author={Izzo, Zachary and Smart, Mary Anne and Chaudhuri, Kamalika and Zou, James},
  booktitle={International Conference on Artificial Intelligence and Statistics},
  pages={2008--2016},
  year={2021},
  organization={PMLR}
}

@article{kung2018compressive,
  title={A compressive privacy approach to generalized information bottleneck and privacy funnel problems},
  author={Kung, Sun-Yuan},
  journal={Journal of the Franklin Institute},
  volume={355},
  number={4},
  pages={1846--1872},
  year={2018},
  publisher={Elsevier}
}

@Article{DworkR14,
  title={The algorithmic foundations of differential privacy.},
  author={Dwork, Cynthia and Roth, Aaron and others},
  journal={Found. Trends Theor. Comput. Sci.},
  volume={9},
  number={3-4},
  pages={211--407},
  year={2014}
}

@inproceedings{ LiuCYC20,
  title={Fedsel: Federated sgd under local differential privacy with top-k dimension selection},
  author={Liu, Ruixuan and Cao, Yang and Yoshikawa, Masatoshi and Chen, Hong},
  booktitle={International Conference on Database Systems for Advanced Applications},
  pages={485--501},
  year={2020},
  organization={Springer}
}

@inproceedings{ BonawitzIKMMPRS17,
  title={Practical secure aggregation for privacy-preserving machine learning},
  author={Bonawitz, Keith and Ivanov, Vladimir and Kreuter, Ben and Marcedone, Antonio and McMahan, H Brendan and Patel, Sarvar and Ramage, Daniel and Segal, Aaron and Seth, Karn},
  booktitle={proceedings of the 2017 ACM SIGSAC Conference on Computer and Communications Security},
  pages={1175--1191},
  year={2017}
}

@inproceedings{ melis2019exploiting,
  title={Exploiting unintended feature leakage in collaborative learning},
  author={Melis, Luca and Song, Congzheng and De Cristofaro, Emiliano and Shmatikov, Vitaly},
  booktitle={2019 IEEE Symposium on Security and Privacy (SP)},
  pages={691--706},
  year={2019},
  organization={IEEE}
}


@inproceedings{ gao2021convergence,
  title={On the Convergence of Communication-Efficient Local SGD for Federated Learning},
  author={Gao, Hongchang and Xu, An and Huang, Heng},
  booktitle={Proceedings of the AAAI Conference on Artificial Intelligence},
  volume={35},
  number={9},
  pages={7510--7518},
  year={2021}
}

@article{ konevcny2016federated,
  title={Federated learning: Strategies for improving communication efficiency},
  author={Kone{\v{c}}n{\`y}, Jakub and McMahan, H Brendan and Yu, Felix X and Richt{\'a}rik, Peter and Suresh, Ananda Theertha and Bacon, Dave},
  journal={arXiv preprint arXiv:1610.05492},
  year={2016}
}

@inproceedings{ han2020adaptive,
  title={Adaptive gradient sparsification for efficient federated learning: An online learning approach},
  author={Han, Pengchao and Wang, Shiqiang and Leung, Kin K},
  booktitle={2020 IEEE 40th International Conference on Distributed Computing Systems (ICDCS)},
  pages={300--310},
  year={2020},
  organization={IEEE}
}

@article{ wang2018atomo,
  title={Atomo: Communication-efficient learning via atomic sparsification},
  author={Wang, Hongyi and Sievert, Scott and Charles, Zachary and Liu, Shengchao and Wright, Stephen and Papailiopoulos, Dimitris},
  journal={arXiv preprint arXiv:1806.04090},
  year={2018}
}

@article{ wangni2017gradient,
  title={Gradient sparsification for communication-efficient distributed optimization},
  author={Wangni, Jianqiao and Wang, Jialei and Liu, Ji and Zhang, Tong},
  journal={arXiv preprint arXiv:1710.09854},
  year={2017}
}

@article{ wen2017terngrad,
  title={TernGrad: Ternary Gradients to Reduce Communication in Distributed Deep Learning},
  author={Wen, Wei and Xu, Cong and Yan, Feng and Wu, Chunpeng and Wang, Yandan and Chen, Yiran and Li, Hai},
  journal={Advances in Neural Information Processing Systems},
  volume={30},
  year={2017}
}

@article{ vogels2019powersgd,
  title={PowerSGD: Practical low-rank gradient compression for distributed optimization},
  author={Vogels, Thijs and Karinireddy, Sai Praneeth and Jaggi, Martin},
  journal={Advances In Neural Information Processing Systems 32 (Nips 2019)},
  volume={32},
  number={CONF},
  year={2019},
  publisher={NEURAL INFORMATION PROCESSING SYSTEMS (NIPS)}
}

@book{ abelson-et-al:scheme,
  author = "Harold Abelson and Gerald~Jay Sussman and Julie Sussman",
  title = "Structure and Interpretation of Computer Programs",
  publisher = "MIT Press",
  address = "Cambridge, Massachusetts",
  year = "1985"
}

@inproceedings{ bgf:Lixto,
  author = "Robert Baumgartner and Georg Gottlob and Sergio Flesca",
  title = "Visual Information Extraction with {Lixto}",
  booktitle = "Proceedings of the 27th International Conference on Very Large Databases",
  pages = "119--128",
  publisher = "Morgan Kaufmann",
  address = "Rome, Italy",
  month = "September",
  year = "2001"
}

@article{ brachman-schmolze:kl-one,
  author = "Ronald~J. Brachman and James~G. Schmolze",
  title = "An overview of the {KL-ONE} knowledge representation system",
  journal = "Cognitive Science",
  volume = "9",
  number = "2",
  pages = "171--216",
  month = "April--June",
  year = "1985"
}

@article{ gottlob:nonmon,
  author = "Georg Gottlob",
  title = "Complexity results for nonmonotonic logics",
  journal = "Journal of Logic and Computation",
  volume = "2",
  number = "3",
  pages = "397--425",
  month = "June",
  year = "1992"
}

@article{ gls:hypertrees,
  author = "Georg Gottlob and Nicola Leone and Francesco Scarcello",
  title = "Hypertree Decompositions and Tractable Queries",
  journal = "Journal of Computer and System Sciences",
  volume = "64",
  number = "3",
  pages = "579--627",
  month = "May",
  year = "2002"
}

@article{ levesque:functional-foundations,
  author = "Hector~J. Levesque",
  title = "Foundations of a functional approach to knowledge representation",
  journal = "Artificial Intelligence",
  volume = "23",
  number = "2",
  pages = "155--212",
  month = "July",
  year = "1984"
}

@inproceedings{ levesque:belief,
  author = "Hector~J. Levesque",
  title = "A logic of implicit and explicit belief",
  booktitle = "Proceedings of the Fourth National Conference on Artificial Intelligence",
  publisher = "American Association for Artificial Intelligence",
  pages = "198--202",
  address = "Austin, Texas",
  month = "August",
  year = "1984"
}

@article{ nebel:jair-2000,
  author = "Bernhard Nebel",
  title = "On the compilability and expressive power of propositional planning formalisms",
  journal = "Journal of Artificial Intelligence Research",
  volume = "12",
  pages = "271--315",
  year = "2000"
}

 @misc{proceedings,
  author = {{IJCAI Proceedings}},
  title = {{IJCAI} Camera Ready Submission},
  howpublished = {\url{https://proceedings.ijcai.org/info}},
}
