@inproceedings{benharrak2024writer,
  title={Writer-defined AI personas for on-demand feedback generation},
  author={Benharrak, Karim and Zindulka, Tim and Lehmann, Florian and Heuer, Hendrik and Buschek, Daniel},
  booktitle={Proceedings of the CHI Conference on Human Factors in Computing Systems},
  pages={1--18},
  year={2024}
}
@book{bean2021engaging,
  title={Engaging ideas: The professor's guide to integrating writing, critical thinking, and active learning in the classroom},
  author={Bean, John C and Melzer, Dan},
  year={2021},
  publisher={John Wiley \& Sons}
}
@book{elbow1998writing,
  title={Writing with power: Techniques for mastering the writing process},
  author={Elbow, Peter},
  year={1998},
  publisher={Oxford University Press}
}

@inproceedings{lee2024design,
  title={A Design Space for Intelligent and Interactive Writing Assistants},
  author={Lee, Mina and Gero, Katy Ilonka and Chung, John Joon Young and Shum, Simon Buckingham and Raheja, Vipul and Shen, Hua and Venugopalan, Subhashini and Wambsganss, Thiemo and Zhou, David and Alghamdi, Emad A and others},
  booktitle={Proceedings of the CHI Conference on Human Factors in Computing Systems},
  pages={1--35},
  year={2024}
}

@article{sawyer2021iterative,
  title={The iterative and improvisational nature of the creative process},
  author={Sawyer, R Keith},
  journal={Journal of Creativity},
  volume={31},
  pages={100002},
  year={2021},
  publisher={Elsevier}
}

@book{toulmin2003uses,
  title={The uses of argument},
  author={Toulmin, Stephen E},
  year={2003},
  publisher={Cambridge university press}
}
@inproceedings{marshall1989representing,
  title={Representing the structure of a legal argument},
  author={Marshall, Catherine C},
  booktitle={Proceedings of the 2nd international conference on artificial intelligence and law},
  pages={121--127},
  year={1989}
}
@article{pea1987chapter,
  title={Chapter 7: Cognitive Technologies for Writing},
  author={Pea, Roy D and Kurland, D Midian},
  journal={Review of research in education},
  volume={14},
  number={1},
  pages={277--326},
  year={1987},
  publisher={Sage Publications Sage CA: Thousand Oaks, CA}
}
@incollection{pea2018social,
  title={The social and technological dimensions of scaffolding and related theoretical concepts for learning, education, and human activity},
  author={Pea, Roy D},
  booktitle={Scaffolding},
  pages={423--451},
  year={2018},
  publisher={Psychology Press}
}
@article{alamargot2015does,
  title={Does handwriting on a tablet screen affect students’ graphomotor execution? A comparison between grades two and nine},
  author={Alamargot, Denis and Morin, Marie-France},
  journal={Human movement science},
  volume={44},
  pages={32--41},
  year={2015},
  publisher={Elsevier}
}
@article{bamberger1983learning,
  title={Learning as reflective conversation with materials: Notes from work in progress},
  author={Bamberger, Jeanne and Sch{\"o}n, Donald A},
  journal={Art Education},
  volume={36},
  number={2},
  pages={68--73},
  year={1983},
  publisher={Taylor \& Francis}
}
@article{shibani2023visual,
  title={Visual Representation of Co-Authorship with GPT-3: Studying Human-Machine Interaction for Effective Writing.},
  author={Shibani, Antonette and Rajalakshmi, Ratnavel and Mattins, Faerie and Selvaraj, Srivarshan and Knight, Simon},
  journal={International Educational Data Mining Society},
  year={2023},
  publisher={ERIC}
}

@inproceedings{zhang2023visar,
  title={Visar: A human-ai argumentative writing assistant with visual programming and rapid draft prototyping},
  author={Zhang, Zheng and Gao, Jie and Dhaliwal, Ranjodh Singh and Li, Toby Jia-Jun},
  booktitle={Proceedings of the 36th Annual ACM Symposium on User Interface Software and Technology},
  pages={1--30},
  year={2023}
}

@inproceedings{di2022idea,
  title={The idea machine: LLM-based expansion, rewriting, combination, and suggestion of ideas},
  author={Di Fede, Giulia and Rocchesso, Davide and Dow, Steven P and Andolina, Salvatore},
  booktitle={Proceedings of the 14th Conference on Creativity and Cognition},
  pages={623--627},
  year={2022}
}

@inproceedings{hoque2024hallmark,
  title={The HaLLMark Effect: Supporting Provenance and Transparent Use of Large Language Models in Writing with Interactive Visualization},
  author={Hoque, Md Naimul and Mashiat, Tasfia and Ghai, Bhavya and Shelton, Cecilia D and Chevalier, Fanny and Kraus, Kari and Elmqvist, Niklas},
  booktitle={Proceedings of the CHI Conference on Human Factors in Computing Systems},
  pages={1--15},
  year={2024}
}


@inproceedings{petridis2023anglekindling,
  title={Anglekindling: Supporting journalistic angle ideation with large language models},
  author={Petridis, Savvas and Diakopoulos, Nicholas and Crowston, Kevin and Hansen, Mark and Henderson, Keren and Jastrzebski, Stan and Nickerson, Jeffrey V and Chilton, Lydia B},
  booktitle={Proceedings of the 2023 CHI conference on human factors in computing systems},
  pages={1--16},
  year={2023}
}

@inproceedings{gero2022sparks,
  title={Sparks: Inspiration for science writing using language models},
  author={Gero, Katy Ilonka and Liu, Vivian and Chilton, Lydia},
  booktitle={Proceedings of the 2022 ACM Designing Interactive Systems Conference},
  pages={1002--1019},
  year={2022}
}

@inproceedings{hui2023lettersmith,
  title={Lettersmith: Scaffolding written professional communication among college students},
  author={Hui, Julie and Sprouse, Michelle L},
  booktitle={Proceedings of the 2023 CHI Conference on Human Factors in Computing Systems},
  pages={1--17},
  year={2023}
}

@inproceedings{weber2024legalwriter,
  title={LegalWriter: An Intelligent Writing Support System for Structured and Persuasive Legal Case Writing for Novice Law Students},
  author={Weber, Florian and Wambsganss, Thiemo and Neshaei, Seyed Parsa and Soellner, Matthias},
  booktitle={Proceedings of the CHI Conference on Human Factors in Computing Systems},
  pages={1--23},
  year={2024}
}

@inproceedings{Arnold2021GenerativeMC,
  title={Generative Models can Help Writers without Writing for Them},
  author={Kenneth C. Arnold and April M. Volzer and Noah G. Madrid},
  booktitle={IUI Workshops},
  year={2021},
}

@article{reza2023abscribe,
  title={ABScribe: Rapid Exploration of Multiple Writing Variations in Human-AI Co-Writing Tasks using Large Language Models},
  author={Reza, Mohi and Laundry, Nathan and Musabirov, Ilya and Dushniku, Peter and Yu, Zhi Yuan and Mittal, Kashish and Grossman, Tovi and Liut, Michael and Kuzminykh, Anastasia and Williams, Joseph Jay and others},
  journal={arXiv preprint arXiv:2310.00117},
  year={2023}
}

@inproceedings{kim2024diarymate,
  title={DiaryMate: Understanding User Perceptions and Experience in Human-AI Collaboration for Personal Journaling},
  author={Kim, Taewan and Shin, Donghoon and Kim, Young-Ho and Hong, Hwajung},
  booktitle={Proceedings of the CHI Conference on Human Factors in Computing Systems},
  pages={1--15},
  year={2024}
}

@inproceedings{chakrabarty2024art,
  title={Art or artifice? large language models and the false promise of creativity},
  author={Chakrabarty, Tuhin and Laban, Philippe and Agarwal, Divyansh and Muresan, Smaranda and Wu, Chien-Sheng},
  booktitle={Proceedings of the CHI Conference on Human Factors in Computing Systems},
  pages={1--34},
  year={2024}
}

@inproceedings{poddar2023ai,
  title={AI Writing Assistants Influence Topic Choice in Self-Presentation},
  author={Poddar, Ritika and Sinha, Rashmi and Naaman, Mor and Jakesch, Maurice},
  booktitle={Extended Abstracts of the 2023 CHI Conference on Human Factors in Computing Systems},
  pages={1--6},
  year={2023}
}

@inproceedings{mirowski2023co,
  title={Co-writing screenplays and theatre scripts with language models: Evaluation by industry professionals},
  author={Mirowski, Piotr and Mathewson, Kory W and Pittman, Jaylen and Evans, Richard},
  booktitle={Proceedings of the 2023 CHI Conference on Human Factors in Computing Systems},
  pages={1--34},
  year={2023}
}

@article{du2022read,
  title={Read, Revise, Repeat: A System Demonstration for Human-in-the-loop Iterative Text Revision},
  author={Du, Wanyu and Kim, Zae Myung and Raheja, Vipul and Kumar, Dhruv and Kang, Dongyeop},
  journal={In2Writing 2022},
  pages={96},
  year={2022}
}

@article{ippolito2022creative,
  title={Creative writing with an ai-powered writing assistant: Perspectives from professional writers},
  author={Ippolito, Daphne and Yuan, Ann and Coenen, Andy and Burnam, Sehmon},
  journal={arXiv preprint arXiv:2211.05030},
  year={2022}
}
@inproceedings{jakesch2023co,
  title={Co-writing with opinionated language models affects users’ views},
  author={Jakesch, Maurice and Bhat, Advait and Buschek, Daniel and Zalmanson, Lior and Naaman, Mor},
  booktitle={Proceedings of the 2023 CHI conference on human factors in computing systems},
  pages={1--15},
  year={2023}
}

@inproceedings{calderwoodQGC20,
  author       = {Alex Calderwood and
                  Vivian Qiu and
                  Katy Ilonka Gero and
                  Lydia B. Chilton},
  editor       = {Werner Geyer and
                  Yasaman Khazaeni and
                  Michal Shmueli{-}Scheuer},
  title        = {How Novelists Use Generative Language Models: An Exploratory User
                  Study},
  booktitle    = {Joint Proceedings of the Workshops on Human-AI Co-Creation with Generative
                  Models and User-Aware Conversational Agents co-located with 25th International
                  Conference on Intelligent User Interfaces {(IUI} 2020), Cagliari,
                  Italy, March 17, 2020},
  series       = {{CEUR} Workshop Proceedings},
  volume       = {2848},
  publisher    = {CEUR-WS.org},
  year         = {2020},
}


@article{bereiter1987psychology,
  title={The psychology of written composition.},
  author={Bereiter, Carl and Scardamalia, Marlene},
  year={1987},
  publisher={Lawrence Erlbaum Associates, Inc}
}

@inproceedings{kim2023cells,
  title={Cells, generators, and lenses: Design framework for object-oriented interaction with large language models},
  author={Kim, Tae Soo and Lee, Yoonjoo and Chang, Minsuk and Kim, Juho},
  booktitle={Proceedings of the 36th Annual ACM Symposium on User Interface Software and Technology},
  pages={1--18},
  year={2023}
}

@inproceedings{buschek2024collage,
  title={Collage is the New Writing: Exploring the Fragmentation of Text and User Interfaces in AI Tools},
  author={Buschek, Daniel},
  booktitle={Proceedings of the 2024 ACM Designing Interactive Systems Conference},
  pages={2719--2737},
  year={2024}
}

@article{flower1981cognitive,
  title={A cognitive process theory of writing},
  author={Flower, L},
  journal={Composition and communication},
  year={1981}
}

@article{fitzgerald1987research,
  title={Research on revision in writing},
  author={Fitzgerald, Jill},
  journal={Review of educational research},
  volume={57},
  number={4},
  pages={481--506},
  year={1987},
  publisher={Sage Publications Sage CA: Thousand Oaks, CA}
}

@article{seow2002writing,
  title={The writing process and process writing},
  author={Seow, A},
  journal={Methodology in language teaching: An anthology of current practice/Cambridge University Press},
  year={2002}
}


@book{kellogg1999psychology,
  title={The psychology of writing},
  author={Kellogg, Ronald T},
  year={1999},
  publisher={Oxford University Press}
}

@article{hayes2012modeling,
  title={Modeling and remodeling writing},
  author={Hayes, John R},
  journal={Written communication},
  volume={29},
  number={3},
  pages={369--388},
  year={2012},
  publisher={Sage Publications Sage CA: Los Angeles, CA}
}

@incollection{hayes1980identifying,
title={Identifying the organization of writing processes},
author={Hayes, John R and Flower, Linda S},
booktitle={Cognitive processes in writing: An interdisciplinary approach},
editor={Gregg, L W and Steinberg, E R},
pages={3--30},
year={1980},
publisher={Lawrence Erlbaum},
address={Hillsdale, NJ}
}
Hayes, J. R., & Flower, L. (1980). Identifying the Organization of Writing Processes. In L. W. Gregg, & E. R. Steinberg (Eds.), Cognitive Processes in Writing: An Interdisciplinary Approach (pp. 3-30). Hillsdale, NJ: Lawrence Erlbaum.

@book{bereiter2013psychology,
  title={The psychology of written composition},
  author={Bereiter, Carl and Scardamalia, Marlene},
  year={2013},
  publisher={Routledge}
}

@article{kozma1991computer,
  title={Computer-based writing tools and the cognitive needs of novice writers},
  author={Kozma, Robert B},
  year={1991},
  publisher={Elsevier}
}

@article{hutchins1985direct,
  title={Direct manipulation interfaces},
  author={Hutchins, Edwin L and Hollan, James D and Norman, Donald A},
  journal={Human--computer interaction},
  volume={1},
  number={4},
  pages={311--338},
  year={1985},
  publisher={Taylor \& Francis}
}

@inproceedings{subramonyam2024bridging,
  title={Bridging the Gulf of Envisioning: Cognitive Challenges in Prompt Based Interactions with LLMs},
  author={Subramonyam, Hari and Pea, Roy and Pondoc, Christopher and Agrawala, Maneesh and Seifert, Colleen},
  booktitle={Proceedings of the CHI Conference on Human Factors in Computing Systems},
  pages={1--19},
  year={2024}
}



@misc{react,
  author = { Facebook },
  title = {React - A JavaScript library for building user interfaces},
  year = {2013},
  howpublished = {\url{https://reactjs.org/}},
}

@inproceedings{angert2023spellburst,
  title={Spellburst: A node-based interface for exploratory creative coding with natural language prompts},
  author={Angert, Tyler and Suzara, Miroslav and Han, Jenny and Pondoc, Christopher and Subramonyam, Hariharan},
  booktitle={Proceedings of the 36th Annual ACM Symposium on User Interface Software and Technology},
  pages={1--22},
  year={2023}
}

@misc{lexical,
  author = {Facebook},
  title = {Lexical - An extensible text editor framework},
  year = {2021},
  howpublished = {\url{https://lexical.dev/}},
}

@misc{reactflow,
  author = {webkid GmbH},
  title = {React Flow - A library for building node-based interfaces},
  year = {2020},
  howpublished = {\url{https://reactflow.dev/}},
}

@misc{anthropicclaude,
  author = {Anthropic},
  title = {Claude 3.5 Sonnet - Anthropic Language Model},
  year = {2023},
  howpublished = {\url{https://www.anthropic.com}},
}

@misc{heroku,
  author = {Salesforce},
  title = {Heroku - Cloud Platform as a Service},
  year = {2007},
  howpublished = {\url{https://www.heroku.com}},
}

@misc{firebase,
  author = {Google LLC},
  title = {Firebase - Cloud NoSQL Database},
  year = {2014},
  howpublished = {\url{https://firebase.google.com/}},
}

@article{flower1980cognition,
  title={The cognition of discovery: Defining a rhetorical problem},
  author={Flower, Linda and Hayes, John R},
  journal={College Composition \& Communication},
  volume={31},
  number={1},
  pages={21--32},
  year={1980},
  publisher={NCTE}
}

@article{whiteside1982people,
  title={How do people really use text editors?},
  author={Whiteside, John and Archer, Norman and Wixon, Dennis and Good, Michael},
  journal={ACM SIGOA Newsletter},
  volume={3},
  number={1-2},
  pages={29--40},
  year={1982},
  publisher={ACM New York, NY, USA}
}

@inproceedings{egan1982learner,
  title={Learner characteristics that predict success in using a text-editor tutorial},
  author={Egan, Dennis E and Bowers, Cheryll and Gomez, Louis M},
  booktitle={Proceedings of the 1982 Conference on Human Factors in Computing Systems},
  pages={337--340},
  year={1982}
}

@inproceedings{han2020designing,
  title={Designing Representations for Digital Documents},
  author={Han, Han L},
  booktitle={Adjunct Proceedings of the 33rd Annual ACM Symposium on User Interface Software and Technology},
  pages={174--178},
  year={2020}
}

@inproceedings{han2020textlets,
  title={Textlets: Supporting constraints and consistency in text documents},
  author={Han, Han L and Renom, Miguel A and Mackay, Wendy E and Beaudouin-Lafon, Michel},
  booktitle={Proceedings of the 2020 CHI Conference on Human Factors in Computing Systems},
  pages={1--13},
  year={2020}
}

@article{brown2020language,
  title={Language models are few-shot learners},
  author={Brown, Tom and Mann, Benjamin and Ryder, Nick and Subbiah, Melanie and Kaplan, Jared D and Dhariwal, Prafulla and Neelakantan, Arvind and Shyam, Pranav and Sastry, Girish and Askell, Amanda and others},
  journal={Advances in neural information processing systems},
  volume={33},
  pages={1877--1901},
  year={2020}
}


@inproceedings{kenton2019bert,
  title={Bert: Pre-training of deep bidirectional transformers for language understanding},
  author={Devlin, Jacob and Chang, Ming-Wei and Lee, Kenton and Toutanova, Kristina},
  booktitle={Proceedings of naacL-HLT},
  volume={1},
  number={2},
  year={2019},
  organization={Minneapolis, Minnesota}
}


@article{min2023recent,
  title={Recent advances in natural language processing via large pre-trained language models: A survey},
  author={Min, Bonan and Ross, Hayley and Sulem, Elior and Veyseh, Amir Pouran Ben and Nguyen, Thien Huu and Sainz, Oscar and Agirre, Eneko and Heintz, Ilana and Roth, Dan},
  journal={ACM Computing Surveys},
  volume={56},
  number={2},
  pages={1--40},
  year={2023},
  publisher={ACM New York, NY}
}

@article{radford2018improving,
  title={Improving language understanding by generative pre-training},
  author={Radford, Alec},
  year={2018}
}

@online{openai2022chatgpt,
  author = {{OpenAI}},
  title = {Introducing {ChatGPT}},
  year = {2022},
  month = {11},
  day = {30},
  url = {https://openai.com/blog/chatgpt},
  urldate = {2024-09-13}
}

@online{google2023gemini,
  author = {{Google}},
  title = {Introducing {Gemini}: Our largest and most capable {AI} model},
  year = {2023},
  month = {12},
  day = {6},
  url = {https://blog.google/technology/ai/google-gemini-ai/},
  urldate = {2024-09-13}
}

@inproceedings{zamfirescu2023johnny,
  title={Why Johnny can’t prompt: how non-AI experts try (and fail) to design LLM prompts},
  author={Zamfirescu-Pereira, JD and Wong, Richmond Y and Hartmann, Bjoern and Yang, Qian},
  booktitle={Proceedings of the 2023 CHI Conference on Human Factors in Computing Systems},
  pages={1--21},
  year={2023}
}

@article{kim2023towards,
  title={Towards explainable ai writing assistants for non-native english speakers},
  author={Kim, Yewon and Lee, Mina and Kim, Donghwi and Lee, Sung-Ju},
  journal={arXiv preprint arXiv:2304.02625},
  year={2023}
}

@inproceedings{biermann2022tool,
  title={From tool to companion: Storywriters want AI writers to respect their personal values and writing strategies},
  author={Biermann, Oloff C and Ma, Ning F and Yoon, Dongwook},
  booktitle={Proceedings of the 2022 ACM Designing Interactive Systems Conference},
  pages={1209--1227},
  year={2022}
}

@inproceedings{buschek2021impact,
  title={The impact of multiple parallel phrase suggestions on email input and composition behaviour of native and non-native english writers},
  author={Buschek, Daniel and Z{\"u}rn, Martin and Eiband, Malin},
  booktitle={Proceedings of the 2021 CHI Conference on Human Factors in Computing Systems},
  pages={1--13},
  year={2021}
}

@inproceedings{chung2022talebrush,
  title={TaleBrush: Sketching stories with generative pretrained language models},
  author={Chung, John Joon Young and Kim, Wooseok and Yoo, Kang Min and Lee, Hwaran and Adar, Eytan and Chang, Minsuk},
  booktitle={Proceedings of the 2022 CHI Conference on Human Factors in Computing Systems},
  pages={1--19},
  year={2022}
}

@inproceedings{dang2023choice,
  title={Choice over control: How users write with large language models using diegetic and non-diegetic prompting},
  author={Dang, Hai and Goller, Sven and Lehmann, Florian and Buschek, Daniel},
  booktitle={Proceedings of the 2023 CHI Conference on Human Factors in Computing Systems},
  pages={1--17},
  year={2023}
}

@inproceedings{gero2022sparks,
  title={Sparks: Inspiration for science writing using language models},
  author={Gero, Katy Ilonka and Liu, Vivian and Chilton, Lydia},
  booktitle={Proceedings of the 2022 ACM Designing Interactive Systems Conference},
  pages={1002--1019},
  year={2022}
}


@article{giray2023prompt,
  title={Prompt engineering with ChatGPT: a guide for academic writers},
  author={Giray, Louie},
  journal={Annals of biomedical engineering},
  volume={51},
  number={12},
  pages={2629--2633},
  year={2023},
  publisher={Springer}
}

@inproceedings{goodman2022lampost,
  title={Lampost: Design and evaluation of an ai-assisted email writing prototype for adults with dyslexia},
  author={Goodman, Steven M and Buehler, Erin and Clary, Patrick and Coenen, Andy and Donsbach, Aaron and Horne, Tiffanie N and Lahav, Michal and MacDonald, Robert and Michaels, Rain Breaw and Narayanan, Ajit and others},
  booktitle={Proceedings of the 24th International ACM SIGACCESS Conference on Computers and Accessibility},
  pages={1--18},
  year={2022}
}

@inproceedings{lee2022coauthor,
  title={Coauthor: Designing a human-ai collaborative writing dataset for exploring language model capabilities},
  author={Lee, Mina and Liang, Percy and Yang, Qian},
  booktitle={Proceedings of the 2022 CHI conference on human factors in computing systems},
  pages={1--19},
  year={2022}
}

@article{longtweetorial,
  title={Tweetorial Hooks: Generative AI Tools to Motivate Science on Social Media},
  author={Long, Tao and ZhangQ, Dorothy and LiQ, Grace and TaraifQ, Batool and MenonK, Samia and SmithK, Kynnedy Simone and WangK, Sitong and GeroK, Katy Ilonka and Chilton, Lydia B}
}

@inproceedings{mirowski2023co,
  title={Co-writing screenplays and theatre scripts with language models: Evaluation by industry professionals},
  author={Mirowski, Piotr and Mathewson, Kory W and Pittman, Jaylen and Evans, Richard},
  booktitle={Proceedings of the 2023 CHI Conference on Human Factors in Computing Systems},
  pages={1--34},
  year={2023}
}

@inproceedings{shakeri2021saga,
  title={Saga: Collaborative storytelling with gpt-3},
  author={Shakeri, Hanieh and Neustaedter, Carman and DiPaola, Steve},
  booktitle={Companion Publication of the 2021 Conference on Computer Supported Cooperative Work and Social Computing},
  pages={163--166},
  year={2021}
}

@article{singh2023hide,
  title={Where to hide a stolen elephant: Leaps in creative writing with multimodal machine intelligence},
  author={Singh, Nikhil and Bernal, Guillermo and Savchenko, Daria and Glassman, Elena L},
  journal={ACM Transactions on Computer-Human Interaction},
  volume={30},
  number={5},
  pages={1--57},
  year={2023},
  publisher={ACM New York, NY}
}

@article{bowman2022new,
  title={A new AI chatbot might do your homework for you. But it’s still not an A+ student},
  author={Bowman, Emma},
  journal={NPR},
  year={2022}
}

@article{meyer2023chatgpt,
  title={ChatGPT and large language models in academia: opportunities and challenges},
  author={Meyer, Jesse G and Urbanowicz, Ryan J and Martin, Patrick CN and O’Connor, Karen and Li, Ruowang and Peng, Pei-Chen and Bright, Tiffani J and Tatonetti, Nicholas and Won, Kyoung Jae and Gonzalez-Hernandez, Graciela and others},
  journal={BioData Mining},
  volume={16},
  number={1},
  pages={20},
  year={2023},
  publisher={Springer}
}

@article{wan2022user,
  title={User or labor: An interaction framework for human-machine relationships in NLP},
  author={Wan, Ruyuan and Etori, Naome and Badillo-Urquiola, Karla and Kang, Dongyeop},
  journal={arXiv preprint arXiv:2211.01553},
  year={2022}
}

@inproceedings{gero2022design,
  title={A design space for writing support tools using a cognitive process model of writing},
  author={Gero, Katy and Calderwood, Alex and Li, Charlotte and Chilton, Lydia},
  booktitle={Proceedings of the first workshop on intelligent and interactive writing assistants (In2Writing 2022)},
  pages={11--24},
  year={2022}
}

@inproceedings{gero2023social,
  title={Social dynamics of AI support in creative writing},
  author={Gero, Katy Ilonka and Long, Tao and Chilton, Lydia B},
  booktitle={Proceedings of the 2023 CHI Conference on Human Factors in Computing Systems},
  pages={1--15},
  year={2023}
}

@inproceedings{lin2024rambler,
  title={Rambler: Supporting Writing With Speech via LLM-Assisted Gist Manipulation},
  author={Lin, Susan and Warner, Jeremy and Zamfirescu-Pereira, JD and Lee, Matthew G and Jain, Sauhard and Cai, Shanqing and Lertvittayakumjorn, Piyawat and Huang, Michael Xuelin and Zhai, Shumin and Hartmann, Bj{\"o}rn and others},
  booktitle={Proceedings of the CHI Conference on Human Factors in Computing Systems},
  pages={1--19},
  year={2024}
}

@article{lu2018inkplanner,
  title={Inkplanner: Supporting prewriting via intelligent visual diagramming},
  author={Lu, Zhicong and Fan, Mingming and Wang, Yun and Zhao, Jian and Annett, Michelle and Wigdor, Daniel},
  journal={IEEE transactions on visualization and computer graphics},
  volume={25},
  number={1},
  pages={277--287},
  year={2018},
  publisher={IEEE}
}

@inproceedings{park2023designing,
  title={Designing a language model-based authoring tool prototype for interactive storytelling},
  author={Park, Jeongyoon and Shin, Jumin and Kim, Gayeon and Bae, Byung-Chull},
  booktitle={International Conference on Interactive Digital Storytelling},
  pages={239--245},
  year={2023},
  organization={Springer}
}

@incollection{wengelin2007word,
  title={The word-level focus in text production by adults with reading and writing difficulties},
  author={Wengelin, {\AA}sa},
  booktitle={Writing and cognition},
  pages={67--82},
  year={2007},
  publisher={Brill}
}

@inproceedings{benharrak2024writer,
  title={Writer-defined AI personas for on-demand feedback generation},
  author={Benharrak, Karim and Zindulka, Tim and Lehmann, Florian and Heuer, Hendrik and Buschek, Daniel},
  booktitle={Proceedings of the CHI Conference on Human Factors in Computing Systems},
  pages={1--18},
  year={20
        24}
}

@article{millerpsychology,
author = {Miller, George A.},
title = {Psychology and information},
journal = {American Documentation},
volume = {19},
number = {3},
pages = {286-289},
year = {1968}
}

@article{peakurland,
author = {Roy D. Pea and D. Midian Kurland},
title ={Chapter 7: Cognitive Technologies for Writing},
journal = {Review of Research in Education},
volume = {14},
number = {1},
pages = {277-326},
year = {1987},
doi = {10.3102/0091732X014001277},
}

@inproceedings{ji2024chain,
  title={Chain-of-Thought Improves Text Generation with Citations in Large Language Models},
  author={Ji, Bin and Liu, Huijun and Du, Mingzhe and Ng, See-Kiong},
  booktitle={Proceedings of the AAAI Conference on Artificial Intelligence},
  volume={38},
  number={16},
  pages={18345--18353},
  year={2024}
}