@inproceedings{bronstein2023embedding,
  title={Embedding synthetic off-policy experience for autonomous driving via zero-shot curricula},
  author={Bronstein, Eli and Srinivasan, Sirish and Paul, Supratik and Sinha, Aman and O’Kelly, Matthew and Nikdel, Payam and Whiteson, Shimon},
  booktitle=proc_CoRL,
  year={2023},
}

@article{dinparastdjadid2023measuring,
  title={Measuring surprise in the wild},
  author={Dinparastdjadid, Azadeh and Supeene, Isaac and Engstrom, Johan},
  journal = {{Available at } \url{https://arxiv.org/abs/2305.07733}},
  year={2023}
}

@inproceedings{feng2024unitraj,
  title={{UniTraj}: A Unified Framework for Scalable Vehicle Trajectory Prediction},
  author={Feng, Lan and Bahari, Mohammadhossein and Amor, Kaouther Messaoud Ben and Zablocki, {\'E}loi and Cord, Matthieu and Alahi, Alexandre},
  booktitle=proc_ECCV,
  year={2024}
}

@article{girgis2021latent,
  title={Latent variable sequential set transformers for joint multi-agent motion prediction},
  author={Girgis, Roger and Golemo, Florian and Codevilla, Felipe and Weiss, Martin and D'Souza, Jim Aldon and Kahou, Samira Ebrahimi and Heide, Felix and Pal, Christopher},
  journal = {{Available at } \url{https://arxiv.org/abs/2104.00563}},
  year={2021}
}

@inproceedings{gu2021densetnt,
  title={{DenseTNT}: End-to-end trajectory prediction from dense goal sets},
  author={Gu, Junru and Sun, Chen and Zhao, Hang},
  booktitle=proc_IEEE_ICCV,
  year={2021}
}

@article{ho2020denoising,
  title={Denoising diffusion probabilistic models},
  author={Ho, Jonathan and Jain, Ajay and Abbeel, Pieter},
  journal=proc_NIPS,
  year={2020}
}

@inproceedings{hsu2023interpretable,
  author    = {Hsu, Kai-Chieh and Leung, Karen and Chen, Yuxiao and Fisac, Jaime Fern{\'a}ndez and Pavone, Marco},
  booktitle = proc_IEEE_IROS,
  title     = {Interpretable Trajectory Prediction for Autonomous Vehicles Via Counterfactual Responsibility},
  year      = {2023},
}

@inproceedings{hu2025solving,
  title={Solving motion planning tasks with a scalable generative model},
  author={Hu, Yihan and Chai, Siqi and Yang, Zhening and Qian, Jingyu and Li, Kun and Shao, Wenxin and Zhang, Haichao and Xu, Wei and Liu, Qiang},
  booktitle=proc_ECCV,
  year={2025},
}

@article{huang2024versatile,
  title={Versatile Scene-Consistent Traffic Scenario Generation as Optimization with Diffusion},
  author={Huang, Zhiyu and Zhang, Zixu and Vaidya, Ameya and Chen, Yuxiao and Lv, Chen and Fisac, Jaime Fern{\'a}ndez},
  journal = {{Available at } \url{https://arxiv.org/abs/2404.02524}},
  year={2024}
}

@inproceedings{jiang2023motiondiffuser,
  title={Motiondiffuser: Controllable multi-agent motion prediction using diffusion},
  author={Jiang, Chiyu and Cornman, Andre and Park, Cheolho and Sapp, Benjamin and Zhou, Yin and Anguelov, Dragomir and others},
  booktitle=proc_IEEE_CVPR,
  year={2023}
}

@article{jiang2024interhub,
  title={{InterHub}: A Naturalistic Trajectory Dataset with Dense Interaction for Autonomous Driving},
  author={Jiang, Xiyan and Zhao, Xiaocong and Liu, Yiru and Li, Zirui and Hang, Peng and Xiong, Lu and Sun, Jian},
  journal = {{Available at } \url{https://arxiv.org/abs/2411.18302}},
  year={2024}
}

@inproceedings{junietz2018criticality,
  author={Junietz, Philipp and Bonakdar, Farid and Klamann, Björn and Winner, Hermann},
  booktitle=proc_IEEE_ITSC,
  title={Criticality Metric for the Safety Validation of Automated Driving using Model Predictive Trajectory Optimization}, 
  year={2018},
}

@inproceedings{makansi2021exposing,
  title={On exposing the challenging long tail in future prediction of traffic actors},
  author={Makansi, Osama and Cicek, {\"O}zg{\"u}n and Marrakchi, Yassine and Brox, Thomas},
  booktitle=proc_IEEE_ICCV,
  year={2021}
}

@article{ngiam2021scene,
  title={Scene transformer: A unified architecture for predicting multiple agent trajectories},
  author={Ngiam, Jiquan and Caine, Benjamin and Vasudevan, Vijay and Zhang, Zhengdong and Chiang, Hao-Tien Lewis and Ling, Jeffrey and Roelofs, Rebecca and Bewley, Alex and Liu, Chenxi and Venugopal, Ashish and others},
  journal = {{Available at } \url{https://arxiv.org/abs/2106.08417}},
  year={2021}
}

@inproceedings{philion2024trajeglish,
  title={Trajeglish: Traffic Modeling as Next-Token Prediction},
  author={Philion, Jonah and Peng, Xue Bin and Fidler, Sanja},
  booktitle=proc_ICLR,
  year={2024}
}

@inproceedings{sadat2021diverse,
  title={Diverse complexity measures for dataset curation in self-driving},
  author={Sadat, Abbas and Segal, Sean and Casas, Sergio and Tu, James and Yang, Bin and Urtasun, Raquel and Yumer, Ersin},
  booktitle=proc_IEEE_IROS,
  year={2021},
}

@inproceedings{schaefer2021leveraging,
  author = {Schaefer, Simon and Leung, Karen and Ivanovic, Boris and Pavone, Marco},
  booktitle = proc_IEEE_ICRA,
  title = {Leveraging Neural Network Gradients within Trajectory Optimization for Proactive Human-Robot Interactions},
  year = {2021},
}

@inproceedings{seff2023motionlm,
  title={{MotionLM}: Multi-agent motion forecasting as language modeling},
  author={Seff, Ari and Cera, Brian and Chen, Dian and Ng, Mason and Zhou, Aurick and Nayakanti, Nigamaa and Refaat, Khaled S and Al-Rfou, Rami and Sapp, Benjamin},
  booktitle=proc_IEEE_ICCV,
  year={2023}
}

@article{shi2022motion,
  title={Motion transformer with global intention localization and local movement refinement},
  author={Shi, Shaoshuai and Jiang, Li and Dai, Dengxin and Schiele, Bernt},
  journal=proc_NIPS,
  year={2022}
}

@article{shi2024mtr++,
  title={{MTR++}: Multi-agent motion prediction with symmetric scene modeling and guided intention querying},
  author={Shi, Shaoshuai and Jiang, Li and Dai, Dengxin and Schiele, Bernt},
  journal=jrn_IEEE_TPAMI,
  pages={3955--3971},
  volume={46},
  number={5},
  year={2024},
}

@inproceedings{stoler2024safeshift,
  title={SafeShift: Safety-informed distribution shifts for robust trajectory prediction in autonomous driving},
  author={Stoler, Benjamin and Navarro, Ingrid and Jana, Meghdeep and Hwang, Soonmin and Francis, Jonathan and Oh, Jean},
  booktitle=proc_IEEE_IV,
  year={2024},
}

@inproceedings{tolstaya2021identifying,
  title={Identifying driver interactions via conditional behavior prediction},
  author={Tolstaya, Ekaterina and Mahjourian, Reza and Downey, Carlton and Vadarajan, Balakrishnan and Sapp, Benjamin and Anguelov, Dragomir},
  booktitle=proc_IEEE_ICRA,
  year={2021},
}

@inproceedings{topan2022interaction,
  author = {Topan, S. and Leung, K. and Chen, Y. and Tupekar, P. and Schmerling, E. and Nilsson, J. and Cox, M. and Pavone, M.},
  booktitle = proc_IEEE_IV,
  title = {Interaction-Dynamics-Aware Perception Zones for Obstacle Detection Safety Evaluation},
  year = {2022},
}

@article{westhofen2023criticality,
  author={Westhofen, L. and Neurohr, C. and Koopmann, T. and Butz, M. and Schütt, B.~U. and Utesch, F. and Kramer, B. and Gutenkunst, C. and B\"{o}de, E.},
  journal={Archives of Computational Methods in Engineering}, 
  title={Finding Critical Scenarios for Automated Driving Systems: A Systematic Mapping Study}, 
  year={2023},
  volume={30},
  pages={1--35},
}

@article{wu2024smart,
  title={{SMART}: Scalable Multi-agent Real-time Simulation via Next-token Prediction},
  author={Wu, Wei and Feng, Xiaoxin and Gao, Ziyan and Kan, Yuheng},
  journal = {{Available at } \url{https://arxiv.org/abs/2405.15677}},
  year={2024}
}

@article{zhang2024closed,
  title={Closed-Loop Supervised Fine-Tuning of Tokenized Traffic Models},
  author={Zhang, Zhejun and Karkus, Peter and Igl, Maximilian and Ding, Wenhao and Chen, Yuxiao and Ivanovic, Boris and Pavone, Marco},
  journal = {{Available at } \url{https://arxiv.org/abs/2412.05334}},
  year={2024}
}

@inproceedings{zhao2021tnt,
  title={{TNT}: Target-driven trajectory prediction},
  author={Zhao, Hang and Gao, Jiyang and Lan, Tian and Sun, Chen and Sapp, Ben and Varadarajan, Balakrishnan and Shen, Yue and Shen, Yi and Chai, Yuning and Schmid, Cordelia and others},
  booktitle=proc_CoRL,
  year={2021},
}

@article{zhao2024kigras,
  title={Kigras: Kinematic-driven generative model for realistic agent simulation},
  author={Zhao, Jianbo and Zhuang, Jiaheng and Zhou, Qibin and Ban, Taiyu and Xu, Ziyao and Zhou, Hangning and Wang, Junhe and Wang, Guoan and Li, Zhiheng and Li, Bin},
  journal=jrn_IEEE_RAL,
  year={2024},
  publisher={IEEE}
}

@inproceedings{zhong2023guided,
  title={Guided conditional diffusion for controllable traffic simulation},
  author={Zhong, Ziyuan and Rempe, Davis and Xu, Danfei and Chen, Yuxiao and Veer, Sushant and Che, Tong and Ray, Baishakhi and Pavone, Marco},
  booktitle=proc_IEEE_ICRA,
  year={2023},
}

@inproceedings{zhong2023language,
  title={Language-guided traffic simulation via scene-level diffusion},
  author={Zhong, Ziyuan and Rempe, Davis and Chen, Yuxiao and Ivanovic, Boris and Cao, Yulong and Xu, Danfei and Pavone, Marco and Ray, Baishakhi},
  booktitle=proc_CoRL,
  year={2023},
}

@inproceedings{zhou2023query,
  title={Query-centric trajectory prediction},
  author={Zhou, Zikang and Wang, Jianping and Li, Yung-Hui and Huang, Yu-Kai},
  booktitle=proc_IEEE_CVPR,
  year={2023}
}

