
@article{1997Prior,
  title={Prior learning and Gibbs reaction-diffusion},
  author={ Song, C. Z.  and  Mumford, D. },
  journal={IEEE Transactions on Pattern Analysis and Machine Intelligence},
  volume={19},
  number={11},
  pages={1236-1250},
  year={1997},
}
@ARTICLE{10747495,
  author={Gao, Hu and Dang, Depeng},
  journal={IEEE Transactions on Circuits and Systems for Video Technology}, 
  title={Exploring Richer and More Accurate Information via Frequency Selection for Image Restoration}, 
  year={2024},
  volume={},
  number={},
  pages={1-1},
  doi={10.1109/TCSVT.2024.3494239}}

@inproceedings{
gao2024learning,
title={Learning Enriched Features via Selective State Spaces Model for Efficient Image Deblurring},
author={Hu Gao and Bowen Ma and Ying Zhang and Jingfan Yang and Jing Yang and Depeng Dang},
booktitle={ACM Multimedia 2024},
year={2024},
}
@article{2002Scale,
  title={Scale-space and edge detection using anisotropic diffusion},
  author={ Perona, P.  and  Malik, J. },
  journal={IEEE Transactions on Pattern Analysis and Machine Intelligence},
  volume={12},
  number={7},
  pages={629-639},
  year={2002},
}
@inproceedings{2005Fields,
  title={Fields of Experts: A Framework for Learning Image Priors},
  author={ Roth, Stefan  and  Black, Michael J. },
  booktitle={IEEE Computer Society Conference on Computer Vision and Pattern Recognition},
  year={2005},
}
@article{2010Single,
  title={Single-Image Super-Resolution Using Sparse Regression and Natural Image Prior},
  author={ Kim, K. I.  and  Kwon, Y. },
  journal={IEEE Transactions on Pattern Analysis and Machine Intelligence},
  volume={32},
  number={6},
  pages={1127},
  year={2010},
}
@article{2011Image,
  title={Image Deblurring and Super-Resolution by Adaptive Sparse Domain Selection and Adaptive Regularization},
  author={ Dong, Weisheng  and  Zhang, Lei  and  Shi, Guangming  and  Wu, Xiaolin },
  journal={IEEE Transactions on Image Processing},
  volume={20},
  number={7},
  pages={1838-1857},
  year={2011},
}
@article{2011Single,
  title={Single Image Haze Removal Using Dark Channel Prior.},
  author={ He, Kaiming  and  Sun, Jian  and  Tang, Xiaoou },
  journal={IEEE Transactions on Pattern Analysis and Machine Intelligence},
  year={2011},
}

@article{2016Photo,
  title={Photo-Realistic Single Image Super-Resolution Using a Generative Adversarial Network},
  author={ Ledig, C.  and  Theis, L.  and  Huszar, F.  and  Caballero, J.  and  Cunningham, A.  and  Acosta, A.  and  Aitken, A.  and  Tejani, A.  and  Totz, J.  and  Wang, Z. },
  journal={IEEE Computer Society},
  year={2016},
}

@ARTICLE{pan2020dgp_pami,
    author={Pan, Xingang and Zhan, Xiaohang and Dai, Bo and Lin, Dahua and Loy, Chen Change and Luo, Ping},
    journal={IEEE Transactions on Pattern Analysis and Machine Intelligence}, 
    title={Exploiting Deep Generative Prior for Versatile Image Restoration and Manipulation}, 
    year={2021},
    volume={},
    number={},
    pages={1-1},
    doi={10.1109/TPAMI.2021.3115428}
}
@inproceedings{Zamir2020CycleISP,
    title={CycleISP: Real Image Restoration via Improved Data Synthesis},
    author={Syed Waqas Zamir and Aditya Arora and Salman Khan and Munawar Hayat
            and Fahad Shahbaz Khan and Ming-Hsuan Yang and Ling Shao},
    booktitle={CVPR},
    year={2020}
}
@inproceedings{Zamir2020MIRNet,
    title={Learning Enriched Features for Real Image Restoration and Enhancement},
    author={Syed Waqas Zamir and Aditya Arora and Salman Khan and Munawar Hayat
            and Fahad Shahbaz Khan and Ming-Hsuan Yang and Ling Shao},
    booktitle={ECCV},
    year={2020}
}
@article{2017Beyond,
  title={Beyond a Gaussian Denoiser: Residual Learning of Deep CNN for Image Denoising},
  author={ Zhang, K.  and  Zuo, W.  and  Chen, Y.  and  Meng, D.  and  Zhang, L. },
  journal={IEEE Transactions on Image Processing},
  year={2017},
}
@misc{2017Learning,
  title={Learning Deep CNN Denoiser Prior for Image Restoration},
  author={ Kai, Z.  and  Zuo, W.  and  Gu, S.  and  Lei, Z. },
  publisher={IEEE},
  year={2017},
}
@misc{2020Residual,
  title={Residual Dense Network for Image Restoration},
  author={ Zhang, Yulun  and  Tian, Yapeng  and  Kong, Yu  and  Zhong, Bineng  and  Fu, Yun },
  publisher={IEEE},
  pages={1-1},
  year={2020},
}
@inproceedings{li2019selective,
  title={Selective kernel networks},
  author={Li, Xiang and Wang, Wenhai and Hu, Xiaolin and Yang, Jian},
  booktitle={Proceedings of the IEEE/CVF conference on computer vision and pattern recognition},
  pages={510--519},
  year={2019}
}
@ARTICLE{u2former,
  author={Feng, Xin and Ji, Haobo and Pei, Wenjie and Li, Jinxing and Lu, Guangming and Zhang, David},
  journal={IEEE Transactions on Circuits and Systems for Video Technology}, 
  title={U2-Former: Nested U-shaped Transformer for Image Restoration via Multi-view Contrastive Learning}, 
  year={2023},
  volume={},
  number={},
  pages={1-1},
  doi={10.1109/TCSVT.2023.3286405}}
@article{MSFSnet,
  author={Zhang, Yanni and Li, Qiang and Qi, Miao and Liu, Di and Kong, Jun and Wang, Jianzhong},
  journal={IEEE Transactions on Circuits and Systems for Video Technology}, 
  title={Multi-Scale Frequency Separation Network for Image Deblurring}, 
  year={2023},
  volume={33},
  number={10},
  pages={5525-5537},
  doi={10.1109/TCSVT.2023.3259393}
}
@ARTICLE{MDARNet,
  author={Hao, Zhiwei and Gai, Shan and Li, Pengcheng},
  journal={IEEE Transactions on Circuits and Systems for Video Technology}, 
  title={Multi-Scale Self-Calibrated Dual-Attention Lightweight Residual Dense Deraining Network Based on Monogenic Wavelets}, 
  year={2023},
  volume={33},
  number={6},
  pages={2642-2655},
  doi={10.1109/TCSVT.2022.3229730}}
@ARTICLE{SDLNet,
  author={Wu, Wei and Liu, Yong and Li, Zhu},
  journal={IEEE Transactions on Circuits and Systems for Video Technology}, 
  title={Subband Differentiated Learning Network for Rain Streak Removal}, 
  year={2023},
  volume={33},
  number={9},
  pages={4675-4688},
  doi={10.1109/TCSVT.2023.3246953}}
@inproceedings{Zamir2021MPRNet,
    title={Multi-Stage Progressive Image Restoration},
    author={Syed Waqas Zamir and Aditya Arora and Salman Khan and Munawar Hayat
            and Fahad Shahbaz Khan and Ming-Hsuan Yang and Ling Shao},
    booktitle={CVPR},
    year={2021}
}
@article{107han2021connection,
  title={On the connection between local attention and dynamic depth-wise convolution},
  author={Han, Qi and Fan, Zejia and Dai, Qi and Sun, Lei and Cheng, Ming-Ming and Liu, Jiaying and Wang, Jingdong},
  journal={arXiv preprint arXiv:2106.04263},
  year={2021}
}
@article{108wu2019pay,
  title={Pay less attention with lightweight and dynamic convolutions},
  author={Wu, Felix and Fan, Angela and Baevski, Alexei and Dauphin, Yann N and Auli, Michael},
  journal={arXiv preprint arXiv:1901.10430},
  year={2019}
}
@article{57zhou2022deep,
  title={Deep fourier up-sampling},
  author={Zhou, Man and Yu, Hu and Huang, Jie and Zhao, Feng and Gu, Jinwei and Loy, Chen Change and Meng, Deyu and Li, Chongyi},
  journal={Advances in Neural Information
Processing Systems},
  year={2022}
}
@ARTICLE{BSD500,
  author={Arbel√°ez, Pablo and Maire, Michael and Fowlkes, Charless and Malik, Jitendra},
  journal={IEEE Transactions on Pattern Analysis and Machine Intelligence}, 
  title={Contour Detection and Hierarchical Image Segmentation}, 
  year={2011},
  volume={33},
  number={5},
  pages={898-916},
  doi={10.1109/TPAMI.2010.161}}
@article{ma2016waterloo,
  title={Waterloo exploration database: New challenges for image quality assessment models},
  author={Ma, Kede and Duanmu, Zhengfang and Wu, Qingbo and Wang, Zhou and Yong, Hongwei and Li, Hongliang and Zhang, Lei},
  journal={IEEE Transactions on Image Processing},
  volume={26},
  number={2},
  pages={1004--1016},
  year={2016},
  publisher={IEEE}
}
@inproceedings{lim2017enhanced,
  title={Enhanced deep residual networks for single image super-resolution},
  author={Lim, Bee and Son, Sanghyun and Kim, Heewon and Nah, Seungjun and Mu Lee, Kyoung},
  booktitle={Proceedings of the IEEE conference on computer vision and pattern recognition workshops},
  pages={136--144},
  year={2017}
}
@INPROCEEDINGS{DIK,
  author={Agustsson, Eirikur and Timofte, Radu},
  booktitle={2017 IEEE Conference on Computer Vision and Pattern Recognition Workshops (CVPRW)}, 
  title={NTIRE 2017 Challenge on Single Image Super-Resolution: Dataset and Study}, 
  year={2017},
  volume={},
  number={},
  pages={1122-1131},
  doi={10.1109/CVPRW.2017.150}}

@INPROCEEDINGS{7780668,
  author={Li, Yu and Tan, Robby T. and Guo, Xiaojie and Lu, Jiangbo and Brown, Michael S.},
  booktitle={2016 IEEE Conference on Computer Vision and Pattern Recognition (CVPR)}, 
  title={Rain Streak Removal Using Layer Priors}, 
  year={2016},
  volume={},
  number={},
  pages={2736-2744},
  doi={10.1109/CVPR.2016.299}}

@ARTICLE{IDT,
  author={Xiao, Jie and Fu, Xueyang and Liu, Aiping and Wu, Feng and Zha, Zheng-Jun},
  journal={IEEE Transactions on Pattern Analysis and Machine Intelligence}, 
  title={Image De-Raining Transformer}, 
  year={2023},
  volume={45},
  number={11},
  pages={12978-12995},
  doi={10.1109/TPAMI.2022.3183612}}

@inproceedings{kong2023efficient,
  title={Efficient Frequency Domain-based Transformers for High-Quality Image Deblurring},
  author={Kong, Lingshun and Dong, Jiangxin and Ge, Jianjun and Li, Mingqiang and Pan, Jinshan},
  booktitle={Proceedings of the IEEE/CVF Conference on Computer Vision and Pattern Recognition},
  pages={5886--5895},
  year={2023}
}
@InProceedings{fLi2023ICLR,
    author = {Li, Chongyi and Guo, Chun-Le and Zhou, Man and Liang, Zhexin and Zhou, Shangchen and Feng, Ruicheng and Loy, Chen Change},
    title = {Embedding Fourier for Ultra-High-Definition Low-Light Image Enhancement},
    booktitle = {ICLR},
    year = {2023}
}
@article{huang2022WINNet,
  author={Huang, Jun-Jie and Dragotti, Pier Luigi},
  journal={IEEE Transactions on Image Processing},
  title={{WINNet}: Wavelet-Inspired Invertible Network for Image Denoising},
  year={2022},
  volume={31},
  number={},
  pages={4377-4392},
  doi={10.1109/TIP.2022.3184845}
}
@INPROCEEDINGS{8099669,
  author={Fu, Xueyang and Huang, Jiabin and Zeng, Delu and Huang, Yue and Ding, Xinghao and Paisley, John},
  booktitle={2017 IEEE Conference on Computer Vision and Pattern Recognition (CVPR)}, 
  title={Removing Rain from Single Images via a Deep Detail Network}, 
  year={2017},
  volume={},
  number={},
  pages={1715-1723},
  doi={10.1109/CVPR.2017.186}}

@ARTICLE{10196308,
  author={Gao, Tao and Wen, Yuanbo and Zhang, Kaihao and Zhang, Jing and Chen, Ting and Liu, Lidong and Luo, Wenhan},
  journal={IEEE Transactions on Circuits and Systems for Video Technology}, 
  title={Frequency-oriented Efficient Transformer for All-in-one Weather-degraded Image Restoration}, 
  year={2023},
  volume={},
  number={},
  pages={1-1},
  doi={10.1109/TCSVT.2023.3299324}}
@ARTICLE{ma10209231,
  author={Zhang, Fan and Liu, Na and Duan, Fuqing},
  journal={IEEE Transactions on Multimedia}, 
  title={Coarse-to-Fine Depth Super-Resolution with Adaptive RGB-D Feature Attention}, 
  year={2023},
  volume={},
  number={},
  pages={1-14},
  doi={10.1109/TMM.2023.3301238}}
@ARTICLE{mg9671019,
  author={Wu, Shixiang and Dong, Chao and Qiao, Yu},
  journal={IEEE Transactions on Multimedia}, 
  title={Blind Image Restoration Based on Cycle-Consistent Network}, 
  year={2023},
  volume={25},
  number={},
  pages={1111-1124},
  doi={10.1109/TMM.2021.3139209}}
@ARTICLE{ms9919385,
  author={Zheng, Lirong and Li, Yanshan and Zhang, Kaihao and Luo, Wenhan},
  journal={IEEE Transactions on Multimedia}, 
  title={T-Net: Deep Stacked Scale-Iteration Network for Image Dehazing}, 
  year={2023},
  volume={25},
  number={},
  pages={6794-6807},
  doi={10.1109/TMM.2022.3214780}}
@ARTICLE{mf9917526,
  author={Sheng, Zehua and Liu, Xiongwei and Cao, Si-Yuan and Shen, Hui-Liang and Zhang, Huaqi},
  journal={IEEE Transactions on Multimedia}, 
  title={Frequency-Domain Deep Guided Image Denoising}, 
  year={2023},
  volume={25},
  number={},
  pages={6767-6781},
  doi={10.1109/TMM.2022.3214375}}

@ARTICLE{mf9786841,
  author={Zou, Wenbin and Chen, Liang and Wu, Yi and Zhang, Yunchen and Xu, Yuxiang and Shao, Jun},
  journal={IEEE Transactions on Multimedia}, 
  title={Joint Wavelet Sub-Bands Guided Network for Single Image Super-Resolution}, 
  year={2023},
  volume={25},
  number={},
  pages={4623-4637},
  doi={10.1109/TMM.2022.3179926}}
@ARTICLE{mg10130403,
  author={Wu, Kangle and Huang, Jun and Ma, Yong and Fan, Fan and Ma, Jiayi},
  journal={IEEE Transactions on Multimedia}, 
  title={Cycle-Retinex: Unpaired Low-Light Image Enhancement Via Retinex-Inline CycleGAN}, 
  year={2023},
  volume={},
  number={},
  pages={1-16},
  doi={10.1109/TMM.2023.3278385}}






@ARTICLE{mt10387581,
  author={Zhou, Xiaoqiang and Huang, Huaibo and Wang, Zilei and He, Ran},
  journal={IEEE Transactions on Multimedia}, 
  title={RISTRA: Recursive Image Super-resolution Transformer with Relativistic Assessment}, 
  year={2024},
  volume={},
  number={},
  pages={1-12},
  doi={10.1109/TMM.2024.3352400}}

@inproceedings{fxint2023freqsel, 
    title = {Intriguing Findings of Frequency Selection for Image Deblurring},
    author = {Xintian, Mao and Yiming, Liu and Fengze, Liu and Qingli, Li and Wei, Shen and Yan, Wang}, 
    booktitle = {Proceedings of the 37th AAAI Conference on Artificial Intelligence}, 
    year = {2023}
    }
@INPROCEEDINGS{f8803391,
  author={Yang, Hao-Hsiang and Fu, Yanwei},
  booktitle={2019 IEEE International Conference on Image Processing (ICIP)}, 
  title={Wavelet U-Net and the Chromatic Adaptation Transform for Single Image Dehazing}, 
  year={2019},
  volume={},
  number={},
  pages={2736-2740},
  doi={10.1109/ICIP.2019.8803391}}

@InProceedings{DRSformer,
    author={Chen, Xiang and Li, Hao and Li, Mingqiang and Pan, Jinshan}, 
    title={Learning a Sparse Transformer Network for Effective Image Deraining},
    booktitle={Proceedings of the IEEE/CVF Conference on Computer Vision and Pattern Recognition (CVPR)},
    month={June},
    year={2023},
    pages={5896-5905}
}
@misc{DeblurDiNAT,
      title={DeblurDiNAT: A Lightweight and Effective Transformer for Image Deblurring}, 
      author={Hanzhou Liu and Binghan Li and Chengkai Liu and Mi Lu},
      year={2024},
      eprint={2403.13163},
      archivePrefix={arXiv},
      primaryClass={cs.CV}
}
@inproceedings{Zamir2021Restormer,
    title={Restormer: Efficient Transformer for High-Resolution Image Restoration}, 
    author={Syed Waqas Zamir and Aditya Arora and Salman Khan and Munawar Hayat 
            and Fahad Shahbaz Khan and Ming-Hsuan Yang},
    booktitle={CVPR},
    year={2022}
}
@article{Zamir2022MIRNetv2,
title={Learning Enriched Features for Fast Image Restoration and Enhancement}, 
author={Syed Waqas Zamir and Aditya Arora and Salman Khan and Munawar Hayat 
        and Fahad Shahbaz Khan and Ming-Hsuan Yang and Ling Shao},
journal={IEEE Transactions on Pattern Analysis and Machine Intelligence (TPAMI)},
year={2022}
}
@article{chen2022simple,
  title={Simple Baselines for Image Restoration},
  author={Chen, Liangyu and Chu, Xiaojie and Zhang, Xiangyu and Sun, Jian},
  journal={ECCV},
  year={2022}
}
@InProceedings{chu2022nafssr,
    author    = {Chu, Xiaojie and Chen, Liangyu and Yu, Wenqing},
    title     = {NAFSSR: Stereo Image Super-Resolution Using NAFNet},
    booktitle = {Proceedings of the IEEE/CVF Conference on Computer Vision and Pattern Recognition (CVPR) Workshops},
    month     = {June},
    year      = {2022},
    pages     = {1239-1248}
}
@InProceedings{Chi_2020_FFC,
  author = {Chi, Lu and Jiang, Borui and Mu, Yadong},
  title = {Fast Fourier Convolution},
  booktitle = {Advances in Neural Information Processing Systems},
  year = {2020}
}
@inproceedings{Tsai2022Stripformer,
  author    = {Fu-Jen Tsai and Yan-Tsung Peng and Yen-Yu Lin and Chung-Chi Tsai and Chia-Wen Lin},
  title     = {Stripformer: Strip Transformer for Fast Image Deblurring},
  booktitle = {ECCV},
  year      = {2022}
}
@inproceedings{fgst,
  title={Flow-Guided Sparse Transformer for Video Deblurring},
  author={Lin, Jing and Cai, Yuanhao and Hu, Xiaowan and Wang, Haoqian and Yan, Youliang and Zou, Xueyi and Ding, Henghui and Zhang, Yulun and Timofte, Radu and Van Gool, Luc},
  booktitle={ICML},
  year={2022}
}
@inproceedings{seq2seq,
  title={Unsupervised Flow-Aligned Sequence-to-Sequence Learning for Video Restoration},
  author={Lin, Jing  and Hu, Xiaowan and Cai, Yuanhao and Wang, Haoqian and Yan, Youliang and Zou, Xueyi and Zhang, Yulun and Van Gool, Luc},
  booktitle={ICML},
  year={2022}
}
@inproceedings{ffanet,
title={FFA-Net: Feature fusion attention network for single image dehazing},
author={Qin, Xu and Wang, Zhilin and Bai, Yuanchao and Xie, Xiaodong and Jia, Huizhu},
booktitle={Proceedings of the AAAI Conference on Artificial Intelligence},
volume={34},
number={07},
pages={11908--11915},
year={2020}
}
@InProceedings{Wang_2022_CVPR,
    author    = {Wang, Zhendong and Cun, Xiaodong and Bao, Jianmin and Zhou, Wengang and Liu, Jianzhuang and Li, Houqiang},
    title     = {Uformer: A General U-Shaped Transformer for Image Restoration},
    booktitle = {Proceedings of the IEEE/CVF Conference on Computer Vision and Pattern Recognition (CVPR)},
    month     = {June},
    year      = {2022},
    pages     = {17683-17693}
}
@inproceedings{2021Rethinking,
  title={Rethinking Coarse-to-Fine Approach in Single Image Deblurring},
  author={ Cho, Sung Jin  and  Ji, Seo Won  and  Hong, Jun Pyo  and  Jung, Seung Won  and  Ko, Sung Jea },
  booktitle = {ICCV},
  year={2021},
}
@InProceedings{Chen_2021_CVPR,
    author    = {Chen, Liangyu and Lu, Xin and Zhang, Jie and Chu, Xiaojie and Chen, Chengpeng},
    title     = {HINet: Half Instance Normalization Network for Image Restoration},
    booktitle = {Proceedings of the IEEE/CVF Conference on Computer Vision and Pattern Recognition (CVPR) Workshops},
    month     = {June},
    year      = {2021},
    pages     = {182-192}
}
@misc{2018Unprocessing,
  title={Unprocessing Images for Learned Raw Denoising},
  author={ Brooks, Tim  and  Mildenhall, Ben  and  Xue, Tianfan  and  Chen, Jiawen  and  Sharlet, Dillon  and  Barron, Jonathan T. },
  booktitle = {CVPR},
  year={2018},
}
@InProceedings{2018learning,
  title={Learning to See in the Dark},
  author={Chen, Chen and Qifeng, Chen and Jia, Xu and Vladlen, Koltun. },
  booktitle = {The IEEE Conference on Computer Vision and Pattern Recognition (CVPR)},
  year={2018},
}

@InProceedings{RFB15a,
  author       = {O. Ronneberger and P.Fischer and T. Brox},
  title        = {U-Net: Convolutional Networks for Biomedical Image Segmentation},
  booktitle    = {Medical Image Computing and Computer-Assisted Intervention (MICCAI)},
  year         = {2015},
}
@InProceedings{2018LearningD,
  title={Learning Dual Convolutional Neural Networks for Low-Level Vision},
  author={ Pan, Jinshan  and  Liu, Sifei  and  Sun, Deqing  and  Zhang, Jiawei  and  Liu, Yang  and  Ren, Jimmy  and  Li, Zechao  and  Tang, Jinhui  and  Lu, Huchuan  and  Tai, Yu Wing  and },
  booktitle={CVPR},
  year={2018},
}
@article{2022Learning,
  title={Dual Convolutional Neural Networks for Low-Level Vision},
  author={ Pan, Jinshan  and Sun, Deqing   and  Zhang, Jiawei  and   Tang, Jinhui  and  Yang, Jian  and  Tai, Yu Wing  and Yang, Ming Hsuan},
  journal={International Journal of Computer Vision},
  year={2022},
}
@article{2019Single,
  title={Single-Image Dehazing via Compositional Adversarial Network},
  author={ Zhu, Hongyuan  and  Cheng, Yi  and  Peng, Xi  and  Zhou, Joey Tianyi  and  Lim, Joo Hwee },
  journal={IEEE Transactions on Cybernetics},
  volume={PP},
  number={99},
  pages={1-10},
  year={2019},
}
@article{2020Refining,
  title={Refining high-frequencies for sharper super-resolution and deblurring},
  author={ Singh, V.  and  Ramnath, K.  and  Mittal, A. },
  journal={Computer Vision and Image Understanding},
  volume={199},
  number={C},
  pages={103034},
  year={2020},
}
@InProceedings{Lim_2017_CVPR_Workshops,
  author = {Lim, Bee and Son, Sanghyun and Kim, Heewon and Nah, Seungjun and Lee, Kyoung Mu},
  title = {Enhanced Deep Residual Networks for Single Image Super-Resolution},
  booktitle = {The IEEE Conference on Computer Vision and Pattern Recognition (CVPR) Workshops},
  month = {July},
  year = {2017}
}
@article{2019Real,
  title={Real Image Denoising with Feature Attention},
  author={ Anwar, S. },
  journal={ICCV},
  year={2019},
}
@inproceedings{zhang2023accurate,
  title={Accurate Image Restoration with Attention Retractable Transformer},
  author={Zhang, Jiale and Zhang, Yulun and Gu, Jinjin and Zhang, Yongbing and Kong, Linghe and Yuan, Xin},
  booktitle={ICLR},
  year={2023}
}
@article{Chan1998TotalVB,
  title={Total variation blind deconvolution},
  author={Tony F. Chan and Chiu-Kwong Wong},
  journal={IEEE transactions on image processing : a publication of the IEEE Signal Processing Society},
  year={1998},
  volume={7 3},
  pages={
          370-5
        }
}
@article{1992Nonlinear,
  title={Nonlinear total variation based noise removal algorithms},
  author={ Rudin, L. I.  and  Osher, S.  and  Fatemi, E. },
  journal={Physica D Nonlinear Phenomena},
  volume={60},
  number={1-4},
  pages={259-268},
  year={1992},
}
@inproceedings{2015Removing,
  title={Removing Rain from a Single Image via Discriminative Sparse Coding},
  author={ Yu, L.  and  Yong, X.  and  Hui, J. },
  booktitle={2015 IEEE International Conference on Computer Vision (ICCV)},
  year={2015},
}
@article{2007Sparse,
  title={Sparse Representation for Color Image Restoration},
  author={ Mairal, J.  and  Elad, M.  and  Sapiro, G. },
  journal={IEEE Transactions on Image Processing},
  volume={17},
  number={1},
  pages={53-69},
  year={2007},
}
@article{20060K,
  title={K-SVD: An Algorithm for Designing Overcomplete Dictionaries for Sparse Representation},
  author={ Aharon, M.  and  Elad, M.  and  Bruckstein, A. },
  journal={IEEE TRANSACTIONS ON SIGNAL PROCESSING},
  year={2006},
}
@inproceedings{2005A,
  title={A non-local algorithm for image denoising},
  author={ Buades, A.  and  Coll, B.  and  Morel, J. M. },
  booktitle={Computer Vision and Pattern Recognition, 2005. CVPR 2005. IEEE Computer Society Conference on},
  year={2005},
}
@inproceedings{2007Image,
  title={Image Denoising by Sparse 3-D Transform-Domain Collaborative Filtering},
  author={ Dabov, K.  and  Foi, A.  and  Katkovnik, V.  and  Egiazarian, K. },
  booktitle={IEEE},
  pages={2080-2095},
  year={2007},
}
@article{2008High,
  title={High-quality motion deblurring from a single image},
  author={ Qi, S.  and  Jia, J.  and  Agarwala, A. },
  journal={Acm Transactions on Graphics},
  volume={27},
  number={3},
  pages={1-10},
  year={2008},
}
@inproceedings{2013Unnatural,
  title={Unnatural L0 Sparse Representation for Natural Image Deblurring},
  author={ Li, X.  and  Zheng, S.  and  Jia, J. },
  booktitle={IEEE Conference on Computer Vision and Pattern Recognition},
  year={2013},
}
@article{2020arXiv201215028C,
       author = {{Cheng}, Shen and {Wang}, Yuzhi and {Huang}, Haibin and {Liu}, Donghao and {Fan}, Haoqiang and {Liu}, Shuaicheng},
        title = "{NBNet: Noise Basis Learning for Image Denoising with Subspace Projection}",
      journal = {CVPR},
         year = 2021,
        month = dec,
}
@article{chu2021tlc,
  title={Improving Image Restoration by Revisiting Global Information Aggregation},
  author={Chu, Xiaojie and Chen, Liangyu and and Chen, Chengpeng and Lu, Xin},
  journal={arXiv preprint arXiv:2112.04491},
  year={2021}
}
@article{tu2022maxim,
  title={MAXIM: Multi-Axis MLP for Image Processing},
  author={Tu, Zhengzhong and Talebi, Hossein and Zhang, Han and Yang, Feng and Milanfar, Peyman and Bovik, Alan and Li, Yinxiao},
  journal={CVPR},
  year={2022},
}
@inproceedings{2016Imagenip,
  title={Image Restoration Using Very Deep Convolutional Encoder-Decoder Networks with Symmetric Skip Connections},
  author={ Mao, X. J.  and  Shen, C.  and  Yang, Y. B. },
  booktitle={NIPS},
  year={2016},
}
@article{Mastan2019MultiLevelEA,
  title={Multi-Level Encoder-Decoder Architectures for Image Restoration},
  author={Indra Deep Mastan and Shanmuganathan Raman},
  journal={2019 IEEE/CVF Conference on Computer Vision and Pattern Recognition Workshops (CVPRW)},
  year={2019},
  pages={1728-1737}
}
@article{2022As,
  title={A survey of deep learning approaches to image restoration},
  author={ Su, J.  and  Xu, B.  and  Yin, H. },
  journal={Neurocomputing},
  volume={487},
  pages={46-65},
  year={2022},
}
@article{2020RedCap,
  title={RedCap: residual encoder-decoder capsule network for holographic image reconstruction},
  author={ Zeng, T.  and  So, H.  and  Lam, E. },
  journal={Optics Express},
  year={2020},
}

@article{2018Lightweight,
  title={Lightweight Pyramid Networks for Image Deraining},
  author={ Fu, Xueyang  and  Liang, Borong  and  Huang, Yue  and  Ding, Xinghao  and  Paisley, John },
  journal={IEEE Transactions on Neural Networks and Learning Systems},
  year={2018},
}
@article{2018Scale,
  title={Scale-recurrent Network for Deep Image Deblurring},
  author={ Tao, Xin  and  Gao, Hongyun  and  Wang, Yi  and  Shen, Xiaoyong  and  Wang, Jue  and  Jia, Jiaya },
  journal={CVPR},
  year={2018},
}
@InProceedings{Zhang_2019_CVPR,
    author = {Zhang, Hongguang and Dai, Yuchao and Li, Hongdong and Koniusz, Piotr},
    title = {Deep Stacked Hierarchical Multi-Patch Network for Image Deblurring},
    booktitle = {The IEEE Conference on Computer Vision and Pattern Recognition (CVPR)},
    month = {June},
    year = {2019}
}
@article{zhang2022event,
    title={Event-guided Multi-patch Network with Self-supervision for Non-uniform Motion Deblurring},
    author={Zhang, Hongguang and Zhang, Limeng and Dai, Yuchao and Li, Hongdong and Koniusz, Piotr},
    journal={International Journal of Computer Vision},
    pages={1--18},
    year={2022},

}
@inproceedings{2018DehazeGAN,
  title={DehazeGAN: When Image Dehazing Meets Differential Programming},
  author={ Zhu, H.  and  Xi, P.  and  Chandrasekhar, V.  and  Li, L.  and  Lim, Joo Hwee },
  booktitle={Twenty-Seventh International Joint Conference on Artificial Intelligence IJCAI-18},
  year={2018},
}
@inproceedings{2019Dual,
  title={Dual-Path in Dual-Path Network for Single Image Dehazing},
  author={ Yang, A.  and  Wang, H.  and  Ji, Z.  and  Pang, Y.  and  Shao, L. },
  booktitle={Twenty-Eighth International Joint Conference on Artificial Intelligence {IJCAI-19}},
  year={2019},
}
@inproceedings{2019Dense,
  title={Dense Scene Information Estimation Network for Dehazing},
  author={ Guo, Tiantong  and  Li, Xuelu  and  Cherukuri, Venkateswararao  and  Monga, Vishal },
  booktitle={2019 IEEE/CVF Conference on Computer Vision and Pattern Recognition Workshops (CVPRW)},
  year={2019},
}
@misc{2018Fast,
  title={Fast Single Image Rain Removal via a Deep Decomposition-Composition Network},
  author={ Siyuan, L. I.  and  Ren, W.  and  Zhang, J.  and  Yu, J.  and  Guo, X. },
  publisher={Computer Vision and Image Understanding},
  year={2018},
}
@article{tian2021designing,
title={Designing and training of a dual CNN for image denoising},
author={Tian, Chunwei and Xu, Yong and Zuo, Wangmeng and Du, Bo and Lin, Chia-Wen and Zhang, David},
journal={Knowledge-Based Systems},
volume={226},
pages={106949},
year={2021},
publisher={Elsevier}
}
@article{DBLP:journals/corr/abs-2008-00455,
  author    = {Takashi Isobe and
               Xu Jia and
               Shuhang Gu and
               Songjiang Li and
               Shengjin Wang and
               Qi Tian},
  title     = {Video Super-Resolution with Recurrent Structure-Detail Network},
  journal   = {CoRR},
 
  year      = {2020},
}

@inproceedings{chen2020decomposition,
	author = {Chen, Dongdong and Davies, Mike E},
	title = {Deep Decomposition Learning for Inverse Imaging Problems},
	booktitle={Proceedings of the European Conference on Computer Vision (ECCV)},
	year = {2020}
}

@article{2017Attention,
  title={Attention Is All You Need},
  author={ Vaswani, A.  and  Shazeer, N.  and  Parmar, N.  and  Uszkoreit, J.  and  Jones, L.  and  Gomez, A. N.  and  Kaiser, L.  and  Polosukhin, I. },
  journal={arXiv},
  year={2017},
}
@InProceedings{Conde_2021_CVPR,
    author    = {Conde, Marcos V. and Turgutlu, Kerem},
    title     = {CLIP-Art: Contrastive Pre-Training for Fine-Grained Art Classification},
    booktitle = {Proceedings of the IEEE/CVF Conference on Computer Vision and Pattern Recognition (CVPR) Workshops},
    month     = {June},
    year      = {2021},
    pages     = {3956-3960}
}
@article{dosovitskiy2020vit,
  title={An Image is Worth 16x16 Words: Transformers for Image Recognition at Scale},
  author={Dosovitskiy, Alexey and Beyer, Lucas and Kolesnikov, Alexander and Weissenborn, Dirk and Zhai, Xiaohua and Unterthiner, Thomas and  Dehghani, Mostafa and Minderer, Matthias and Heigold, Georg and Gelly, Sylvain and Uszkoreit, Jakob and Houlsby, Neil},
  journal={ICLR},
  year={2021}
}
@article{chen2021outperform,
  title={When Vision Transformers Outperform ResNets without Pretraining or Strong Data Augmentations},
  author={Chen, Xiangning and Hsieh, Cho-Jui and Gong, Boqing},
  journal={arXiv preprint arXiv:2106.01548},
  year={2021},
}
@inproceedings{liu2021swin,
author = {Liu, Ze and Lin, Yutong and Cao, Yue and Hu, Han and Wei, Yixuan and Zhang, Zheng and Lin, Stephen and Guo, Baining},
title = {Swin Transformer: Hierarchical Vision Transformer Using Shifted Windows},
booktitle = {ICCV 2021},
year = {2021},
month = {October},
}
@inproceedings{conde2022swin2sr,
  title={{S}win2{SR}: SwinV2 Transformer for Compressed Image Super-Resolution and Restoration},
  author={Conde, Marcos V and Choi, Ui-Jin and Burchi, Maxime and Timofte, Radu},
  booktitle={Proceedings of the European Conference on Computer Vision (ECCV) Workshops},
  year={2022}
}

@article{liang2021swinir,
  title={SwinIR: Image Restoration Using Swin Transformer},
  author={Liang, Jingyun and Cao, Jiezhang and Sun, Guolei and Zhang, Kai and Van Gool, Luc and Timofte, Radu},
  journal={arXiv preprint arXiv:2108.10257},
  year={2021}
}


@inproceedings{dai2019second,
title={Second-order Attention Network for Single Image Super-Resolution}, 
author={Dai, Tao and Cai, Jianrui and Zhang, Yongbing and Xia, Shu-Tao and Zhang, Lei},
booktitle={Proceedings of the IEEE Conference on Computer Vision and Pattern Recognition}, 
pages={11065--11074}, 
year={2019}
}
@inproceedings{zhang2018image,
title={Image super-resolution using very deep residual channel attention networks},
author={Zhang, Yulun and Li, Kunpeng and Li, Kai and Wang, Lichen and Zhong, Bineng and Fu, Yun},
booktitle={Proceedings of the European Conference on Computer Vision (ECCV)}, 
pages={286--301}, 
year={2018} 
}
@article{2019Residual,
  title={Residual Non-local Attention Networks for Image Restoration},
  author={ Zhang, Y.  and  Li, K.  and  Li, K.  and  Zhong, B.  and  Fu, Y. },
  journal={ICLR},
  year={2019},
}
@article{Wang2019DeepLF,
  title={Deep Learning for Image Super-Resolution: A Survey},
  author={Zhihao Wang and Jian Chen and Steven C. H. Hoi},
  journal={IEEE Transactions on Pattern Analysis and Machine Intelligence},
  year={2019},
  volume={43},
  pages={3365-3387}
}
@inproceedings{Woo2018CBAMCB,
  title={CBAM: Convolutional Block Attention Module},
  author={Sanghyun Woo and Jongchan Park and Joon-Young Lee and In-So Kweon},
  booktitle={European Conference on Computer Vision},
  year={2018}
}
@inproceedings{hu2018senet,
  title={Squeeze-and-Excitation Networks},
  author={Jie Hu and Li Shen and Gang Sun},
  journal={IEEE Conference on Computer Vision and Pattern Recognition},
  year={2018}
}
@article{2014Adam,
  title={Adam: A Method for Stochastic Optimization},
  author={ Kingma, D.  and  Ba, J. },
  journal={Computer Science},
  year={2014},
}
@article{2016SGDR,
  title={SGDR: Stochastic Gradient Descent with Warm Restarts},
  author={ Loshchilov, I.  and  Hutter, F. },
  year={2016},
}
@article{MSPFN,
  title={Multi-Scale Progressive Fusion Network for Single Image Deraining},
  author={ Jiang, Kui  and  Wang, Zhongyuan  and  Yi, Peng  and  Chen, Chen  and  Huang, Baojin  and  Luo, Yimin  and  Ma, Jiayi  and  Jiang, Junjun },
journal={CVPR},
  year={2020},
}
@article{SPAIR,
  author    = {Kuldeep Purohit and
               Maitreya Suin and
               A. N. Rajagopalan and
               Vishnu Naresh Boddeti},
  title     = {Spatially-Adaptive Image Restoration using Distortion-Guided Networks},
  journal   = {CoRR},
  volume    = {abs/2108.08617},
  year      = {2021},
}

@article{DerainNet,
  title={Clearing the Skies: A Deep Network Architecture for Single-Image Rain Removal},
  author={Xueyang Fu and Jiabin Huang and Xinghao Ding and Yinghao Liao and John William Paisley},
  journal={IEEE Transactions on Image Processing},
  year={2016},
  volume={26},
  pages={2944-2956}
}
@article{semi,
  title={Semi-supervised CNN for Single Image Rain Removal},
  author={Wei Wei and Deyu Meng and Qian Zhao and Zongben Xu},
  journal={ArXiv},
  year={2018},
  volume={abs/1807.11078}
}
@article{DIDMDN,
  title={Density-Aware Single Image De-raining Using a Multi-stream Dense Network},
  author={He Zhang and Vishal M. Patel},
  journal={2018 IEEE/CVF Conference on Computer Vision and Pattern Recognition},
  year={2018},
  pages={695-704}
}
@article{UMRL,
  title={Uncertainty Guided Multi-Scale Residual Learning-Using a Cycle Spinning CNN for Single Image De-Raining},
  author={Rajeev Yasarla and Vishal M. Patel},
  journal={2019 IEEE/CVF Conference on Computer Vision and Pattern Recognition (CVPR)},
  year={2019},
  pages={8397-8406}
}
@inproceedings{RESCAN,
  title={Recurrent Squeeze-and-Excitation Context Aggregation Net for Single Image Deraining},
  author={Xia Li and Jianlong Wu and Zhouchen Lin and Hong Liu and Hongbin Zha},
  booktitle={European Conference on Computer Vision},
  year={2018}
}
@article{PREnet,
  title={Progressive Image Deraining Networks: A Better and Simpler Baseline},
  author={Dongwei Ren and Wangmeng Zuo and Qinghua Hu and Peng Fei Zhu and Deyu Meng},
  journal={2019 IEEE/CVF Conference on Computer Vision and Pattern Recognition (CVPR)},
  year={2019},
  pages={3932-3941}
}

@article{Rain100,
  title={Deep Joint Rain Detection and Removal from a Single Image},
  author={Wenhan Yang and Robby T. Tan and Jiashi Feng and Jiaying Liu and Zongming Guo and Shuicheng Yan},
  journal={2017 IEEE Conference on Computer Vision and Pattern Recognition (CVPR)},
  year={2016},
  pages={1685-1694}
}
@article{Test100,
  title={Image De-Raining Using a Conditional Generative Adversarial Network},
  author={He Zhang and Vishwanath A. Sindagi and Vishal M. Patel},
  journal={IEEE Transactions on Circuits and Systems for Video Technology},
  year={2017},
  volume={30},
  pages={3943-3956}
}
@article{IRSDE,
  title={Image Restoration with Mean-Reverting Stochastic Differential Equations},
  author={Ziwei Luo and Fredrik K. Gustafsson and Zheng Zhao and Jens Sj{\"o}lund and Thomas Bo Sch{\"o}n},
  journal={ArXiv},
  year={2023},
  volume={abs/2301.11699}
}
@article{Gopro,
  title={Deep Multi-scale Convolutional Neural Network for Dynamic Scene Deblurring},
  author={Seungjun Nah and Tae Hyun Kim and Kyoung Mu Lee},
  journal={2017 IEEE Conference on Computer Vision and Pattern Recognition (CVPR)},
  year={2016},
  pages={257-265}
}
@article{HIDE,
  title={Human-Aware Motion Deblurring},
  author={Ziyi Shen and Wenguan Wang and Xiankai Lu and Jianbing Shen and Haibin Ling and Tingfa Xu and Ling Shao},
  journal={2019 IEEE/CVF International Conference on Computer Vision (ICCV)},
  year={2019},
  pages={5571-5580}
}
@article{Xu2013UnnaturalLS,
  title={Unnatural L0 Sparse Representation for Natural Image Deblurring},
  author={Li Xu and Shicheng Zheng and Jiaya Jia},
  journal={2013 IEEE Conference on Computer Vision and Pattern Recognition},
  year={2013},
  pages={1107-1114}
}
@article{Degan,
  title={DeblurGAN: Blind Motion Deblurring Using Conditional Adversarial Networks},
  author={Orest Kupyn and Volodymyr Budzan and Mykola Mykhailych and Dmytro Mishkin and Jiri Matas},
  journal={2018 IEEE/CVF Conference on Computer Vision and Pattern Recognition},
  year={2017},
  pages={8183-8192}
}
@article{Zhangmox2018DynamicSD,
  title={Dynamic Scene Deblurring Using Spatially Variant Recurrent Neural Networks},
  author={Jiawei Zhang and Jinshan Pan and Jimmy S. J. Ren and Yibing Song and Linchao Bao and Rynson W. H. Lau and Ming-Hsuan Yang},
  journal={2018 IEEE/CVF Conference on Computer Vision and Pattern Recognition},
  year={2018},
  pages={2521-2529}
}
@article{deganv2,
  title={DeblurGAN-v2: Deblurring (Orders-of-Magnitude) Faster and Better},
  author={Orest Kupyn and T. Martyniuk and Junru Wu and Zhangyang Wang},
  journal={2019 IEEE/CVF International Conference on Computer Vision (ICCV)},
  year={2019},
  pages={8877-8886}
}
@article{Gao2019DynamicSD,
  title={Dynamic Scene Deblurring With Parameter Selective Sharing and Nested Skip Connections},
  author={Hongyun Gao and Xin Tao and Xiaoyong Shen and Jiaya Jia},
  journal={2019 IEEE/CVF Conference on Computer Vision and Pattern Recognition (CVPR)},
  year={2019},
  pages={3843-3851}
}
@article{DBGAN,
  title={Deblurring by Realistic Blurring},
  author={Kaihao Zhang and Wenhan Luo and Yiran Zhong and Lin Ma and Bj{\"o}rn Stenger and Wei Liu and Hongdong Li},
  journal={2020 IEEE/CVF Conference on Computer Vision and Pattern Recognition (CVPR)},
  year={2020},
  pages={2734-2743}
}
@inproceedings{MTRNN,
  title={Multi-Temporal Recurrent Neural Networks For Progressive Non-Uniform Single Image Deblurring With Incremental Temporal Training},
  author={Dongwon Park and Dong Un Kang and Jisoo Kim and Se Young Chun},
  booktitle={European Conference on Computer Vision},
  year={2019}
}
@article{Suin2020SpatiallyAttentivePN,
  title={Spatially-Attentive Patch-Hierarchical Network for Adaptive Motion Deblurring},
  author={Maitreya Suin and Kuldeep Purohit and A. N. Rajagopalan},
  journal={2020 IEEE/CVF Conference on Computer Vision and Pattern Recognition (CVPR)},
  year={2020},
  pages={3603-3612}
}
@inproceedings{IRNeXt,
author = {Cui, Yuning and Ren, Wenqi and Yang, Sining and Cao, Xiaochun and Knoll, Alois},
title = {IRNeXt: Rethinking Convolutional Network Design for Image Restoration},
year = {2023},
booktitle = {Proceedings of the 40th International Conference on Machine Learning},
}
@ARTICLE{FSNet,
  author={Cui, Yuning and Ren, Wenqi and Cao, Xiaochun and Knoll, Alois},
  journal={IEEE Transactions on Pattern Analysis and Machine Intelligence}, 
  title={Image Restoration via Frequency Selection}, 
  year={2024},
  volume={46},
  number={2},
  pages={1093-1108},
  doi={10.1109/TPAMI.2023.3330416}}
@ARTICLE{set12,
  author={Zhang, Kai and Zuo, Wangmeng and Chen, Yunjin and Meng, Deyu and Zhang, Lei},
  journal={IEEE Transactions on Image Processing}, 
  title={Beyond a Gaussian Denoiser: Residual Learning of Deep CNN for Image Denoising}, 
  year={2017},
  volume={26},
  number={7},
  pages={3142-3155},
  doi={10.1109/TIP.2017.2662206}}
@article{karaali2017edge,
  title={Edge-based defocus blur estimation with adaptive scale selection},
  author={Karaali, Ali and Jung, Claudio Rosito},
  journal={IEEE Transactions on Image Processing},
  volume={27},
  number={3},
  pages={1126--1137},
  year={2017},
  publisher={IEEE}
}
@article{yang2020single,
  title={Single image deraining: From model-based to data-driven and beyond},
  author={Yang, Wenhan and Tan, Robby T and Wang, Shiqi and Fang, Yuming and Liu, Jiaying},
  journal={IEEE Transactions on pattern analysis and machine intelligence},
  volume={43},
  number={11},
  pages={4059--4077},
  year={2020},
  publisher={IEEE}
}

@article{DudaNet,
title={Designing and training of a dual CNN for image denoising},
author={Tian, Chunwei and Xu, Yong and Zuo, Wangmeng and Du, Bo and Lin, Chia-Wen and Zhang, David},
journal={Knowledge-Based Systems},
volume={226},
pages={106949},
year={2021},
publisher={Elsevier}
}
@article{WACAFRN,
  title={Wavelet and Adaptive Coordinate Attention Guided Fine-grained Residual Network for Image Denoising},
  author={Ding, Shifei and Wang, Qidong and Guo, Lili and Li, Xuan and Ding, Ling and Wu, Xindong},
  journal={IEEE Transactions on Circuits and Systems for Video Technology},
  year={2024},
  publisher={IEEE}
}
@article{MWDCNN,
  title={Multi-stage image denoising with the wavelet transform},
  author={Tian, Chunwei and Zheng, Menghua and Zuo, Wangmeng and Zhang, Bob and Zhang, Yanning and Zhang, David},
  journal={Pattern Recognition},
  volume={134},
  pages={109050},
  year={2023},
  publisher={Elsevier}
}
@INPROCEEDINGS{IRCNN,
  author={Zhang, Kai and Zuo, Wangmeng and Gu, Shuhang and Zhang, Lei},
  booktitle={2017 IEEE Conference on Computer Vision and Pattern Recognition (CVPR)}, 
  title={Learning Deep CNN Denoiser Prior for Image Restoration}, 
  year={2017},
  volume={},
  number={},
  pages={2808-2817},
  doi={10.1109/CVPR.2017.300}}
@article{FFDNet,
  title={FFDNet: Toward a Fast and Flexible Solution for {CNN} based Image Denoising},
  author={Zhang, Kai and Zuo, Wangmeng and Zhang, Lei},
  journal={IEEE Transactions on Image Processing},
  year={2018},
}
@inproceedings{DPDNet,
  title={Defocus deblurring using dual-pixel data},
  author={Abuolaim, Abdullah and Brown, Michael S},
  booktitle={European Conference on Computer Vision},
  pages={111--126},
  year={2020},
  organization={Springer}
}
@article{kodak,
  title={Kodak lossless true color image suite},
  author={Franzen, Rich},
  journal={source: http://r0k. us/graphics/kodak},
  volume={4},
  number={2},
  pages={9},
  year={1999}
}
@INPROCEEDINGS{urban100,
  author={Huang, Jia-Bin and Singh, Abhishek and Ahuja, Narendra},
  booktitle={2015 IEEE Conference on Computer Vision and Pattern Recognition (CVPR)}, 
  title={Single image super-resolution from transformed self-exemplars}, 
  year={2015},
  volume={},
  number={},
  pages={5197-5206},
  doi={10.1109/CVPR.2015.7299156}}

@ARTICLE{EBDB,
  author={Karaali, Ali and Jung, Claudio Rosito},
  journal={IEEE Transactions on Image Processing}, 
  title={Edge-Based Defocus Blur Estimation With Adaptive Scale Selection}, 
  year={2018},
  volume={27},
  number={3},
  pages={1126-1137},
  doi={10.1109/TIP.2017.2771563}}

@InProceedings{DMENet,
    author    = {Junyong Lee and Sungkil Lee and Sunghyun Cho and Seungyong Lee},
    title     = {Deep Defocus Map Estimation Using Domain Adaptation},
    booktitle = {Proceedings of the IEEE Conference on Computer Vision and Pattern Recognition (CVPR)},
    year      = {2019}
}
@INPROCEEDINGS{JNB,
  author={Shi, Jianping and Xu, Li and Jia, Jiaya},
  booktitle={2015 IEEE Conference on Computer Vision and Pattern Recognition (CVPR)}, 
  title={Just noticeable defocus blur detection and estimation}, 
  year={2015},
  volume={},
  number={},
  pages={657-665},
  doi={10.1109/CVPR.2015.7298665}}
@inproceedings{KPAC,
  title={Single image defocus deblurring using kernel-sharing parallel atrous convolutions},
  author={Son, Hyeongseok and Lee, Junyong and Cho, Sunghyun and Lee, Seungyong},
  booktitle={Proceedings of the IEEE/CVF International Conference on Computer Vision},
  pages={2642--2650},
  year={2021}
}
@inproceedings{IFAN,
  title={Iterative filter adaptive network for single image defocus deblurring},
  author={Lee, Junyong and Son, Hyeongseok and Rim, Jaesung and Cho, Sunghyun and Lee, Seungyong},
  booktitle={Proceedings of the IEEE/CVF Conference on Computer Vision and Pattern Recognition},
  pages={2034--2042},
  year={2021}
}
@inproceedings{SFNet,
  title={Selective Frequency Network for Image Restoration},
  author={Cui, Yuning and Tao, Yi and Bing, Zhenshan and Ren, Wenqi and Gao, Xinwei and Cao, Xiaochun and Huang, Kai and Knoll, Alois},
  booktitle={The Eleventh International Conference on Learning Representations},
  year={2023}
}
@INPROCEEDINGS {MRLPFNet,
author = {J. Dong and J. Pan and Z. Yang and J. Tang},
booktitle = {2023 IEEE/CVF International Conference on Computer Vision (ICCV)},
title = {Multi-scale Residual Low-Pass Filter Network for Image Deblurring},
year = {2023},
pages = {12311-12320},
}
@article{gu2023mamba,
  title={Mamba: Linear-time sequence modeling with selective state spaces},
  author={Gu, Albert and Dao, Tri},
  journal={arXiv preprint arXiv:2312.00752},
  year={2023}
}
@article{sssmith2022simplified,
  title={Simplified state space layers for sequence modeling},
  author={Smith, Jimmy TH and Warrington, Andrew and Linderman, Scott W},
  journal={arXiv preprint arXiv:2208.04933},
  year={2022}
}
@article{s4gu2021combining,
  title={Combining recurrent, convolutional, and continuous-time models with linear state space layers},
  author={Gu, Albert and Johnson, Isys and Goel, Karan and Saab, Khaled and Dao, Tri and Rudra, Atri and R{\'e}, Christopher},
  journal={Advances in neural information processing systems},
  volume={34},
  pages={572--585},
  year={2021}
}
@article{ma2022mega,
  title={Mega: Moving Average Equipped Gated Attention},
  author={Ma, Xuezhe and Zhou, Chunting and Kong, Xiang and He, Junxian and Gui, Liangke and Neubig, Graham and May, Jonathan and Zettlemoyer Luke},
  journal={ICLR},
  year={2023}
}
@inproceedings{realblurrim_2020_ECCV,
 title={Real-World Blur Dataset for Learning and Benchmarking Deblurring Algorithms},
 author={Rim, Jaesung and Lee, Haeyun and Won, Jucheol and Cho, Sunghyun},
 booktitle={Proceedings of the European Conference on Computer Vision (ECCV)},
 year={2020}
}
@article{guo2024mambair,
  title={MambaIR: A Simple Baseline for Image Restoration with State-Space Model},
  author={Guo, Hang and Li, Jinmin and Dai, Tao and Ouyang, Zhihao and Ren, Xudong and Xia, Shu-Tao},
  journal={arXiv preprint arXiv:2402.15648},
  year={2024}
}
@article{U-Mamba,
    title={U-Mamba: Enhancing Long-range Dependency for Biomedical Image Segmentation},
    author={Ma, Jun and Li, Feifei and Wang, Bo},
    journal={arXiv preprint arXiv:2401.04722},
    year={2024}
}
@article{liu2024vmamba,
  title={VMamba: Visual State Space Model},
  author={Liu, Yue and Tian, Yunjie and Zhao, Yuzhong and Yu, Hongtian and Xie, Lingxi and Wang, Yaowei and Ye, Qixiang and Liu, Yunfan},
  journal={arXiv preprint arXiv:2401.10166},
  year={2024}
}
@misc{zhu2024vision,
    title={Vision Mamba: Efficient Visual Representation Learning with Bidirectional State Space Model}, 
    author={Lianghui Zhu and Bencheng Liao and Qian Zhang and Xinlong Wang and Wenyu Liu and Xinggang Wang},
    year={2024},
    eprint={2401.09417},
    archivePrefix={arXiv},
    primaryClass={cs.CV}
}
@inproceedings{Sim,
author = {Fu, Daniel Y. and Epstein, Elliot L. and Nguyen, Eric and Thomas, Armin W. and Zhang, Michael and Dao, Tri and Rudra, Atri and R\'{e}, Christopher},
title = {Simple hardware-efficient long convolutions for sequence modeling},
year = {2023},
booktitle = {Proceedings of the 40th International Conference on Machine Learning},
articleno = {417},
numpages = {19},
}
@article{s5smith2022simplified,
  title={Simplified state space layers for sequence modeling},
  author={Smith, Jimmy TH and Warrington, Andrew and Linderman, Scott W},
  journal={ICLR},
  year={2023}
}
@article{longli2022makes,
  title={What makes convolutional models great on long sequence modeling?},
  author={Li, Yuhong and Cai, Tianle and Zhang, Yi and Chen, Deming and Dey, Debadeepta},
  journal={ICLR},
  year={2023}
}

@article{ssmehta2022long,
  title={Long range language modeling via gated state spaces},
  author={Mehta, Harsh and Gupta, Ankit and Cutkosky, Ashok and Neyshabur, Behnam},
  journal={arXiv preprint arXiv:2206.13947},
  year={2022}
}
@article{IPT,
  title={Pre-Trained Image Processing Transformer},
  author={Hanting Chen and Yunhe Wang and Tianyu Guo and Chang Xu and Yiping Deng and Zhenhua Liu and Siwei Ma and Chunjing Xu and Chao Xu and Wen Gao},
  journal={2021 IEEE/CVF Conference on Computer Vision and Pattern Recognition (CVPR)},
  year={2020},
  pages={12294-12305}
}
@inproceedings{focalnetcui2023focal,
  title={Focal Network for Image Restoration},
  author={Cui, Yuning and Ren, Wenqi and Cao, Xiaochun and Knoll, Alois},
  booktitle={Proceedings of the IEEE/CVF International Conference on Computer Vision},
  pages={13001--13011},
  year={2023}
}
@article{DDAnet, 
    title={Dual-Domain Attention for Image Deblurring}, 
    volume={37}, 
    DOI={10.1609/aaai.v37i1.25122}, 
    number={1}, 
    journal={Proceedings of the AAAI Conference on Artificial Intelligence}, author={Cui, Yuning and Tao, Yi and Ren, Wenqi and Knoll, Alois}, year={2023}, month={Jun.}, 
    pages={479-487} 
}
@InProceedings{SDWNet, 
  author = {Zou, Wenbin and Jiang, Mingchao and Zhang, Yunchen and Chen, Liang and Lu, Zhiyong and Wu, Yi}, 
  title = {SDWNet: A Straight Dilated Network With Wavelet Transformation for Image Deblurring}, 
  booktitle = {Proceedings of the IEEE/CVF International Conference on Computer Vision (ICCV) Workshops}, 
  month = {October}, 
  year = {2021}, 
  pages = {1895-1904} 
  }
@article{potlapalli2023promptir,
title={PromptIR: Prompting for All-in-One Blind Image Restoration},
author={Potlapalli, Vaishnav and Zamir, Syed Waqas and Khan, Salman and Khan, Fahad Shahbaz},
journal={Advances in Neural Information Processing Systems (NeurIPS)},
year={2023}
}
@InProceedings{AdaRevD,
    author    = {Mao, Xintian and Li, Qingli and Wang, Yan},
    title     = {AdaRevD: Adaptive Patch Exiting Reversible Decoder Pushes the Limit of Image Deblurring},
    booktitle = {Proceedings of the IEEE/CVF Conference on Computer Vision and Pattern Recognition (CVPR)},
    month     = {June},
    year      = {2024},
    pages     = {25681-25690}
}
@article{CascadedGaze,
title={CascadedGaze: Efficiency in Global Context Extraction for Image Restoration},
author={Amirhosein Ghasemabadi and Muhammad Kamran Janjua and Mohammad Salameh and CHUNHUA ZHOU and Fengyu Sun and Di Niu},
journal={Transactions on Machine Learning Research},
issn={2835-8856},
year={2024},
url={https://openreview.net/forum?id=C3FXHxMVuq},
note={}
}
@book{meyer2023matrix,
  title={Matrix analysis and applied linear algebra},
  author={Meyer, Carl D},
  year={2023},
  publisher={SIAM}
}
@ARTICLE{latticenet9847064,
  author={Luo, Xiaotong and Qu, Yanyun and Xie, Yuan and Zhang, Yulun and Li, Cuihua and Fu, Yun},
  journal={TPAMI}, 
  title={Lattice Network for Lightweight Image Restoration}, 
  year={2023},
  volume={45},
  number={4},
  pages={4826-4842},
}
@article{tao2024hierarchical,
  title={Hierarchical attention network with progressive feature fusion for facial expression recognition},
  author={Tao, Huanjie and Duan, Qianyue},
  journal={Neural Networks},
  volume={170},
  pages={337--348},
  year={2024},
  publisher={Elsevier}
}
@InProceedings{MR-VNet,
    author    = {Roheda, Siddharth and Unde, Amit and Rashid, Loay},
    title     = {MR-VNet: Media Restoration using Volterra Networks},
    booktitle = {Proceedings of the IEEE/CVF Conference on Computer Vision and Pattern Recognition (CVPR)},
    month     = {June},
    year      = {2024},
    pages     = {6098-6107}
}
@INPROCEEDINGS{BSD68,
  author={Martin, D. and Fowlkes, C. and Tal, D. and Malik, J.},
  booktitle={Proceedings Eighth IEEE International Conference on Computer Vision. ICCV 2001}, 
  title={A database of human segmented natural images and its application to evaluating segmentation algorithms and measuring ecological statistics}, 
  year={2001},
  volume={2},
  number={},
  pages={416-423 vol.2},
  doi={10.1109/ICCV.2001.937655}}

@article{BANet,
  title={BANet: A Blur-Aware Attention Network for Dynamic Scene Deblurring},
  author={Fu-Jen Tsai and Yan-Tsung Peng and Chung-Chi Tsai and Yen-Yu Lin and Chia-Wen Lin},
  journal={IEEE Transactions on Image Processing},
  year={2021},
  volume={31},
  pages={6789-6799}
}
@article{Mssnet,
  title={MSSNet: Multi-Scale-Stage Network for Single Image Deblurring},
  author={Kiyeon Kim and Seungyong Lee and Sunghyun Cho},
  journal={ArXiv},
  year={2022},
  volume={abs/2202.09652}
}
