@ARTICLE{10196308,
  author={Gao, Tao and Wen, Yuanbo and Zhang, Kaihao and Zhang, Jing and Chen, Ting and Liu, Lidong and Luo, Wenhan},
  journal={IEEE Transactions on Circuits and Systems for Video Technology}, 
  title={Frequency-oriented Efficient Transformer for All-in-one Weather-degraded Image Restoration}, 
  year={2023},
  volume={},
  number={},
  pages={1-1},
  doi={10.1109/TCSVT.2023.3299324}}

@article{2011Image,
  title={Image Deblurring and Super-Resolution by Adaptive Sparse Domain Selection and Adaptive Regularization},
  author={ Dong, Weisheng  and  Zhang, Lei  and  Shi, Guangming  and  Wu, Xiaolin },
  journal={IEEE Transactions on Image Processing},
  volume={20},
  number={7},
  pages={1838-1857},
  year={2011},
}

@article{2017Attention,
  title={Attention Is All You Need},
  author={ Vaswani, A.  and  Shazeer, N.  and  Parmar, N.  and  Uszkoreit, J.  and  Jones, L.  and  Gomez, A. N.  and  Kaiser, L.  and  Polosukhin, I. },
  journal={arXiv},
  year={2017},
}

@InProceedings{AdaRevD,
    author    = {Mao, Xintian and Li, Qingli and Wang, Yan},
    title     = {AdaRevD: Adaptive Patch Exiting Reversible Decoder Pushes the Limit of Image Deblurring},
    booktitle = {Proceedings of the IEEE/CVF Conference on Computer Vision and Pattern Recognition (CVPR)},
    month     = {June},
    year      = {2024},
    pages     = {25681-25690}
}

@article{CascadedGaze,
title={CascadedGaze: Efficiency in Global Context Extraction for Image Restoration},
author={Amirhosein Ghasemabadi and Muhammad Kamran Janjua and Mohammad Salameh and CHUNHUA ZHOU and Fengyu Sun and Di Niu},
journal={Transactions on Machine Learning Research},
issn={2835-8856},
year={2024},
url={https://openreview.net/forum?id=C3FXHxMVuq},
note={}
}

@article{DDAnet, 
    title={Dual-Domain Attention for Image Deblurring}, 
    volume={37}, 
    DOI={10.1609/aaai.v37i1.25122}, 
    number={1}, 
    journal={Proceedings of the AAAI Conference on Artificial Intelligence}, author={Cui, Yuning and Tao, Yi and Ren, Wenqi and Knoll, Alois}, year={2023}, month={Jun.}, 
    pages={479-487} 
}

@ARTICLE{FSNet,
  author={Cui, Yuning and Ren, Wenqi and Cao, Xiaochun and Knoll, Alois},
  journal={IEEE Transactions on Pattern Analysis and Machine Intelligence}, 
  title={Image Restoration via Frequency Selection}, 
  year={2024},
  volume={46},
  number={2},
  pages={1093-1108},
  doi={10.1109/TPAMI.2023.3330416}}

@inproceedings{IRNeXt,
author = {Cui, Yuning and Ren, Wenqi and Yang, Sining and Cao, Xiaochun and Knoll, Alois},
title = {IRNeXt: Rethinking Convolutional Network Design for Image Restoration},
year = {2023},
booktitle = {Proceedings of the 40th International Conference on Machine Learning},
}

@InProceedings{MR-VNet,
    author    = {Roheda, Siddharth and Unde, Amit and Rashid, Loay},
    title     = {MR-VNet: Media Restoration using Volterra Networks},
    booktitle = {Proceedings of the IEEE/CVF Conference on Computer Vision and Pattern Recognition (CVPR)},
    month     = {June},
    year      = {2024},
    pages     = {6098-6107}
}

@InProceedings{SDWNet, 
  author = {Zou, Wenbin and Jiang, Mingchao and Zhang, Yunchen and Chen, Liang and Lu, Zhiyong and Wu, Yi}, 
  title = {SDWNet: A Straight Dilated Network With Wavelet Transformation for Image Deblurring}, 
  booktitle = {Proceedings of the IEEE/CVF International Conference on Computer Vision (ICCV) Workshops}, 
  month = {October}, 
  year = {2021}, 
  pages = {1895-1904} 
  }

@inproceedings{SFNet,
  title={Selective Frequency Network for Image Restoration},
  author={Cui, Yuning and Tao, Yi and Bing, Zhenshan and Ren, Wenqi and Gao, Xinwei and Cao, Xiaochun and Huang, Kai and Knoll, Alois},
  booktitle={The Eleventh International Conference on Learning Representations},
  year={2023}
}

@inproceedings{Zamir2021MPRNet,
    title={Multi-Stage Progressive Image Restoration},
    author={Syed Waqas Zamir and Aditya Arora and Salman Khan and Munawar Hayat
            and Fahad Shahbaz Khan and Ming-Hsuan Yang and Ling Shao},
    booktitle={CVPR},
    year={2021}
}

@inproceedings{Zamir2021Restormer,
    title={Restormer: Efficient Transformer for High-Resolution Image Restoration}, 
    author={Syed Waqas Zamir and Aditya Arora and Salman Khan and Munawar Hayat 
            and Fahad Shahbaz Khan and Ming-Hsuan Yang},
    booktitle={CVPR},
    year={2022}
}

@article{Zamir2022MIRNetv2,
title={Learning Enriched Features for Fast Image Restoration and Enhancement}, 
author={Syed Waqas Zamir and Aditya Arora and Salman Khan and Munawar Hayat 
        and Fahad Shahbaz Khan and Ming-Hsuan Yang and Ling Shao},
journal={IEEE Transactions on Pattern Analysis and Machine Intelligence (TPAMI)},
year={2022}
}

@article{chen2022simple,
  title={Simple Baselines for Image Restoration},
  author={Chen, Liangyu and Chu, Xiaojie and Zhang, Xiangyu and Sun, Jian},
  journal={ECCV},
  year={2022}
}

@inproceedings{focalnetcui2023focal,
  title={Focal Network for Image Restoration},
  author={Cui, Yuning and Ren, Wenqi and Cao, Xiaochun and Knoll, Alois},
  booktitle={Proceedings of the IEEE/CVF International Conference on Computer Vision},
  pages={13001--13011},
  year={2023}
}

@inproceedings{fxint2023freqsel, 
    title = {Intriguing Findings of Frequency Selection for Image Deblurring},
    author = {Xintian, Mao and Yiming, Liu and Fengze, Liu and Qingli, Li and Wei, Shen and Yan, Wang}, 
    booktitle = {Proceedings of the 37th AAAI Conference on Artificial Intelligence}, 
    year = {2023}
    }

@article{karaali2017edge,
  title={Edge-based defocus blur estimation with adaptive scale selection},
  author={Karaali, Ali and Jung, Claudio Rosito},
  journal={IEEE Transactions on Image Processing},
  volume={27},
  number={3},
  pages={1126--1137},
  year={2017},
  publisher={IEEE}
}

@inproceedings{kong2023efficient,
  title={Efficient Frequency Domain-based Transformers for High-Quality Image Deblurring},
  author={Kong, Lingshun and Dong, Jiangxin and Ge, Jianjun and Li, Mingqiang and Pan, Jinshan},
  booktitle={Proceedings of the IEEE/CVF Conference on Computer Vision and Pattern Recognition},
  pages={5886--5895},
  year={2023}
}

@article{liang2021swinir,
  title={SwinIR: Image Restoration Using Swin Transformer},
  author={Liang, Jingyun and Cao, Jiezhang and Sun, Guolei and Zhang, Kai and Van Gool, Luc and Timofte, Radu},
  journal={arXiv preprint arXiv:2108.10257},
  year={2021}
}

@article{potlapalli2023promptir,
title={PromptIR: Prompting for All-in-One Blind Image Restoration},
author={Potlapalli, Vaishnav and Zamir, Syed Waqas and Khan, Salman and Khan, Fahad Shahbaz},
journal={Advances in Neural Information Processing Systems (NeurIPS)},
year={2023}
}

@ARTICLE{u2former,
  author={Feng, Xin and Ji, Haobo and Pei, Wenjie and Li, Jinxing and Lu, Guangming and Zhang, David},
  journal={IEEE Transactions on Circuits and Systems for Video Technology}, 
  title={U2-Former: Nested U-shaped Transformer for Image Restoration via Multi-view Contrastive Learning}, 
  year={2023},
  volume={},
  number={},
  pages={1-1},
  doi={10.1109/TCSVT.2023.3286405}}

