@article{forster2006complex,
  title={Complex B-splines},
  author={Forster, Brigitte and Blu, Thierry and Unser, Michael},
  journal={Applied and Computational Harmonic Analysis},
  volume={20},
  number={2},
  pages={261--282},
  year={2006},
  publisher={Elsevier}
}

@article{ahlberg1967complex,
  title={Complex cubic splines},
  author={Ahlberg, JH and Nilson, EN and Walsh, JL},
  journal={Transactions of the American Mathematical Society},
  volume={129},
  number={3},
  pages={391--413},
  year={1967}
}


@article{unser2000fractional,
  title={Fractional splines and wavelets},
  author={Unser, Michael and Blu, Thierry},
  journal={SIAM review},
  volume={42},
  number={1},
  pages={43--67},
  year={2000},
  publisher={SIAM}
}


@article{wang2025kolmogorov,
  author       = {Yizheng Wang and Jia Sun and Jinshuai Bai and Cosmin Anitescu and Mohammad Sadegh Eshaghi and Xiaoying Zhuang and Timon Rabczuk and Yinghua Liu},
  title        = {{Kolmogorov–Arnold}-Informed neural network: A physics-informed deep learning framework for solving forward and inverse problems  based on {Kolmogorov–Arnold} Networks},
  journal      = {Computer Methods in Applied Mechanics and Engineering},
  volume       = {433},
  pages = {117518},
  year         = {2025}
}

@article{Abueidda2025,
  author       = {Diab W. Abueidda and Panos Pantidis and Mostafa E. Mobasher},
  title        = {{DeepOKAN}: Deep operator network based on {Kolmogorov Arnold} networks for mechanics problems},
  journal      = {Computer Methods in Applied Mechanics and Engineering},
  volume       = {436},
  pages = {117699},
  year         = {2025}
}

@article{hou2024comprehensive,
  title={A comprehensive survey on Kolmogorov Arnold networks ({KAN})},
  author={Hou, Yuntian and Zhang, Di},
  journal={arXiv:2407.11075},
  year={2024}
}


@article{liu2024kan,
      title={{KAN}: {Kolmogorov-Arnold Networks}}, 
      author={Ziming Liu and Yixuan Wang and Sachin Vaidya and Fabian Ruehle and James Halverson and Marin Soljačić and Thomas Y. Hou and Max Tegmark},
      journal = {ICLR (accepted)},
      year={2025}
}

@article{liu2024kan20,
      title={{KAN} 2.0: {Kolmogorov-Arnold} Networks Meet Science}, 
      author={Ziming Liu and Pingchuan Ma and Yixuan Wang and Wojciech Matusik and Max Tegmark},
      year={2024},
      journal={arXiv:2408.10205}
}

@article{li2024kolmogorov,
  title={{Kolmogorov-Arnold} networks are radial basis function networks},
  author={Li, Ziyao},
  journal={arXiv:2405.06721},
  year={2024}
}


@inproceedings{soares2024deep,
  title={Deep complex-valued radial basis function neural networks and parameter selection},
  author={Soares, Jonathan A and Luiz, Vin{\'\i}cius H and Arantes, Dalton S and Mayer, Kayol S},
  booktitle={19th International Symposium on Wireless Communication Systems (ISWCS)},
  pages={1--6},
  year={2024}
}

@article{yu2024kan,
  title={{KAN} or {MLP}: A fairer comparison},
  author={Yu, Runpeng and Yu, Weihao and Wang, Xinchao},
  journal={arXiv:2407.16674},
  year={2024}
}

@article{chen2008fully,
  title={Fully complex-valued radial basis function networks: Orthogonal least squares regression and classification},
  author={Chen, Sheng and Hong, Xia and Harris, Chris J and Hanzo, Lajos},
  journal={Neurocomputing},
  volume={71},
  number={16-18},
  pages={3421--3433},
  year={2008},
  publisher={Elsevier}
}

@article{davies2021advancing,
  title={Advancing mathematics by guiding human intuition with {AI}},
  author={Davies, Alex and Veli{\v{c}}kovi{\'c}, Petar and Buesing, Lars and Blackwell, Sam and Zheng, Daniel and Toma{\v{s}}ev, Nenad and Tanburn, Richard and Battaglia, Peter and Blundell, Charles and Juh{\'a}sz, Andr{\'a}s and others},
  journal={Nature},
  volume={600},
  number={7887},
  pages={70--74},
  year={2021},
  publisher={Nature Publishing Group}
}

@article{girosi1989representation,
  title={Representation properties of networks: Kolmogorov's theorem is irrelevant},
  author={Girosi, Federico and Poggio, Tomaso},
  journal={Neural Computation},
  volume={1},
  number={4},
  pages={465--469},
  year={1989},
  publisher={MIT Press}
}

@inproceedings{trabelsi2018deep,
  title={Deep Complex Networks},
  author={Trabelsi, Chiheb and Bilaniuk, Olexa and Zhang, Ying and Serdyuk, Dmitriy and Subramanian, Sandeep and Santos, Joao Felipe and Mehri, Soroush and Rostamzadeh, Negar and Bengio, Yoshua and Pal, Christopher J},
  booktitle={International Conference on Learning Representations},
  year={2018}
}


@book{hirose2003complex,
  title={Complex-Valued Neural Networks: Theories and Applications},
  author={Hirose, A.},
  year={2003},
  publisher={World Scientific}
}

@article{bassey2021survey,
  author       = {Joshua Bassey and
                  Lijun Qian and
                  Xiangfang Li},
  title        = {A Survey of Complex-Valued Neural Networks},
  journal      = {arXiv:2101.12249},
  year         = {2021}
}

@article{lee2022complex,
  title={Complex-valued neural networks: A comprehensive survey},
  author={Lee, ChiYan and Hasegawa, Hideyuki and Gao, Shangce},
  journal={IEEE/CAA Journal of Automatica Sinica},
  year={2022},
}

@article{ioffe2015batch,
  title={Batch normalization: Accelerating deep network training by reducing internal covariate shift},
  author={Ioffe, Sergey},
  journal={arXiv:1502.03167},
  year={2015}
}

@article{kolmogorov1958On,
  title={On the representation of continous functions of many variables by superposition of continous functions of one variable and addition},
  author={Kolmogorov, A. N.},
  journal={Dokl. Akad. Nauk SSSR},
  number={5},
  pages={953--956},
  year={1957}
}

@article{tan2022real,
  title={Real-valued backpropagation is unsuitable for complex-valued neural networks},
  author={Tan, Zhi-Hao and Xie, Yi and Jiang, Yuan and Zhou, Zhi-Hua},
  journal={Advances in Neural Information Processing Systems},
  volume={35},
  pages={34052--34063},
  year={2022}
}

@article{zhang2021optical,
  title={An optical neural chip for implementing complex-valued neural network},
  author={Zhang, Hui and Gu, Mile and Jiang, XD and Thompson, Jayne and Cai, Hong and Paesani, S and Santagati, R and Laing, A and Zhang, Y and Yung, MH and others},
  journal={Nature Communications},
  volume={12},
  number={1},
  pages={457},
  year={2021},
  publisher={Nature Publishing Group UK London}
}

@inproceedings{eilers2023building,
  title={Building Blocks for a Complex-Valued Transformer Architecture},
  author={Eilers, Florian and Jiang, Xiaoyi},
  booktitle={IEEE International Conference on Acoustics, Speech and Signal Processing (ICASSP)},
  year={2023}
}

@article{yakupouglu2024comparison,
  title={Comparison of complex-valued and real-valued neural networks for protein sequence classification},
  author={Yakupo{\u{g}}lu, Abdullah and Bilgin, {\"O}mer Cevdet},
  journal={Neural Computing and Applications},
  pages={1--14},
  year={2024},
  publisher={Springer}
}

@article{xing2023phase,
  title={Phase aberration correction for in vivo ultrasound localization microscopy using a spatiotemporal complex-valued neural network},
  author={Xing, Paul and Por{\'e}e, Jonathan and Rauby, Brice and Malescot, Antoine and Martineau, Eric and Perrot, Vincent and Rungta, Ravi L and Provost, Jean},
  journal={IEEE Transactions on Medical Imaging},
  year={2023},
  publisher={IEEE}
}

@article{liu2023pixelwise,
  title={Pixelwise complex-valued neural network based on 1d {FFT} of hyperspectral data to improve green pepper segmentation in agriculture},
  author={Liu, Xinzhi and Yu, Jun and Kurihara, Toru and Wu, Congzhong and Niu, Zhao and Zhan, Shu},
  journal={Applied Sciences},
  volume={13},
  number={4},
  pages={2697},
  year={2023},
  publisher={MDPI}
}

@article{chen2023spectral,
  title={Spectral complexity-scaled generalisation bound of complex-valued neural networks},
  author={Chen, Haowen and He, Fengxiang and Lei, Shiye and Tao, Dacheng},
  journal={Artificial Intelligence},
  volume={322},
  pages={103951},
  year={2023},
  publisher={Elsevier}
}

@article{zhong2023real,
  title={Real-time high-quality computer-generated hologram using complex-valued convolutional neural network},
  author={Zhong, Chongli and Sang, Xinzhu and Yan, Binbin and Li, Hui and Chen, Duo and Qin, Xiujuan and Chen, Shuo and Ye, Xiaoqian},
  journal={IEEE Transactions on Visualization and Computer Graphics},
  year={2023},
  publisher={IEEE}
}
@article{bozorgasl2024wav,
  title={Wav-{KAN}: Wavelet {Kolmogorov-Arnold} networks},
  author={Bozorgasl, Zavareh and Chen, Hao},
  journal={arXiv:2405.12832},
  year={2024}
}
@article{bodner2024convolutional,
  title={Convolutional {Kolmogorov-Arnold} Networks},
  author={Bodner, Alexander Dylan and Tepsich, Antonio Santiago and Spolski, Jack Natan and Pourteau, Santiago},
  journal={arXiv:2406.13155},
  year={2024}
}
@article{kiamari2024gkan,
  title={{GKAN}: Graph {Kolmogorov-Arnold} Networks},
  author={Kiamari, Mehrdad and Kiamari, Mohammad and Krishnamachari, Bhaskar},
  journal={arXiv:2406.06470},
  year={2024}
}
@article{yang2024kolmogorov,
  title={{Kolmogorov-Arnold} transformer},
  author={Yang, Xingyi and Wang, Xinchao},
  journal={arXiv:2409.10594},
  year={2024}
}
@article{cambrin2024kan,
  title={{KAN} You See It? {KANs} and Sentinel for Effective and Explainable Crop Field Segmentation},
  author={Cambrin, Daniele Rege and Poeta, Eleonora and Pastor, Eliana and Cerquitelli, Tania and Baralis, Elena and Garza, Paolo},
  journal={arXiv:2408.07040},
  year={2024}
}
@article{knottenbelt2024coxkan,
  title={Coxkan: Kolmogorov-arnold networks for interpretable, high-performance survival analysis},
  author={Knottenbelt, William and Gao, Zeyu and Wray, Rebecca and Zhang, Woody Zhidong and Liu, Jiashuai and Crispin-Ortuzar, Mireia},
  journal={arXiv:2409.04290},
  year={2024}
}
@article{bresson2024kagnns,
  title={{KAGNNS}: {Kolmogorov-Arnold} networks meet graph learning},
  author={Bresson, Roman and Nikolentzos, Giannis and Panagopoulos, George and Chatzianastasis, Michail and Pang, Jun and Vazirgiannis, Michalis},
  journal={arXiv:2406.18380},
  year={2024}
}
@article{poeta2024benchmarking,
  title={A Benchmarking Study of {Kolmogorov-Arnold} Networks on Tabular Data},
  author={Poeta, Eleonora and Giobergia, Flavio and Pastor, Eliana and Cerquitelli, Tania and Baralis, Elena},
  journal={arXiv:2406.14529},
  year={2024}
}
@article{alter2024robustness,
  title={On the robustness of kolmogorov-arnold networks: An adversarial perspective},
  author={Alter, Tal and Lapid, Raz and Sipper, Moshe},
  journal={arXiv:2408.13809},
  year={2024}
}


8@article{Jamali2024,
  author       = {Ali Jamali and
                  Swalpa Kumar Roy and
                  Danfeng Hong and
                  Bing Lu and
                  Pedram Ghamisi},
  title        = {How to Learn More? {Exploring Kolmogorov-Arnold} Networks for Hyperspectral
                  Image Classification},
  journal      = {Remote Sensing},
  volume       = {16},
  pages        = {4015},
  year         = {2024}
}



IEEEabrv.bib
V1.12 (2007/01/11)
Copyright (c) 2002-2007 by Michael Shell
See: http://www.michaelshell.org/
for current contact information.

BibTeX bibliography string definitions of the ABBREVIATED titles of
IEEE journals and magazines and online publications.

This file is designed for bibliography styles that require 
abbreviated titles and is not for use in bibliographies that
require full-length titles.

Support sites:
http://www.michaelshell.org/tex/ieeetran/
http://www.ctan.org/tex-archive/macros/latex/contrib/IEEEtran/
and/or
http://www.ieee.org/

Special thanks to Laura Hyslop and ken Rawson of IEEE for their help
in obtaining the information needed to compile this file. Also,
Volker Kuhlmann and Moritz Borgmann kindly provided some corrections
and additions.

*************************************************************************
Legal Notice:
This code is offered as-is without any warranty either expressed or
implied; without even the implied warranty of MERCHANTABILITY or
FITNESS FOR A PARTICULAR PURPOSE! 
User assumes all risk.
In no event shall IEEE or any contributor to this code be liable for
any damages or losses, including, but not limited to, incidental,
consequential, or any other damages, resulting from the use or misuse
of any information contained here.

All comments are the opinions of their respective authors and are not
necessarily endorsed by the IEEE.

This work is distributed under the LaTeX Project Public License (LPPL)
( http://www.latex-project.org/ ) version 1.3, and may be freely used,
distributed and modified. A copy of the LPPL, version 1.3, is included
in the base LaTeX documentation of all distributions of LaTeX released
2003/12/01 or later.
Retain all contribution notices and credits.
** Modified files should be clearly indicated as such, including  **
** renaming them and changing author support contact information. **

File list of work: IEEEabrv.bib, IEEEfull.bib, IEEEexample.bib,
                   IEEEtran.bst, IEEEtranS.bst, IEEEtranSA.bst,
                   IEEEtranN.bst, IEEEtranSN.bst, IEEEtran_bst_HOWTO.pdf
*************************************************************************


USAGE:

\bibliographystyle{mybstfile}
\bibliography{IEEEabrv,mybibfile}

where the IEEE titles in the .bib database entries use the strings
defined here. e.g.,


   journal = IEEE_J_AC,


to yield "{IEEE} Trans. Automat. Contr."


IEEE uses abbreviated journal titles in their bibliographies -
this file is suitable for work that is to be submitted to the IEEE.


For work that requires full-length titles, you should use the full
titles provided in the companion file, IEEEfull.bib.


** NOTES **

 1. Journals have been grouped according to subject in order to make it
    easier to locate and extract the definitions for related journals - 
    as most works use references that are confined to a single topic.
    Magazines are listed in straight alphabetical order.

 2. String names are closely based on IEEE's own internal acronyms.
 
 3. Abbreviations follow IEEE's style.

 4. Older, out-of-print IEEE titles are included (but not including titles
    dating prior to IEEE's formation from the IRE and AIEE in 1963).

 5. The following NEW/current journal definitions have been disabled because
    their abbreviations have not yet been verified:
    
    STRING{IEEE_J_CBB        = "{IEEE/ACM} Trans. Comput. Biology Bioinformatics"}
    STRING{IEEE_J_CJECE      = "Canadian J. Elect. Comput. Eng."}
    STRING{IEEE_J_DSC        = "{IEEE} Trans. Dependable Secure Comput."}
    STRING{IEEE_O_DSO        = "{IEEE} Distrib. Syst. Online"}
    
 6. The following OLD journal definitions have been disabled because
    their abbreviations have not yet been found/verified:

    STRING{IEEE_J_BCTV       = "{IEEE} Trans. Broadcast Television Receivers"}
    STRING{IEEE_J_EWS        = "{IEEE} Trans. Eng. Writing Speech"}

If you know what the proper abbreviation is for a string in #5 or #6 above,
email me and I will correct them in the next release.





IEEE Journals 



aerospace and military
@STRING{IEEE_J_AES        = "{IEEE} Trans. Aerosp. Electron. Syst."}
@STRING{IEEE_J_ANE        = "{IEEE} Trans. Aerosp. Navig. Electron."}
@STRING{IEEE_J_ANNE       = "{IEEE} Trans. Aeronaut. Navig. Electron."}
@STRING{IEEE_J_AS         = "{IEEE} Trans. Aerosp."}
@STRING{IEEE_J_AIRE       = "{IEEE} Trans. Airborne Electron."}
@STRING{IEEE_J_MIL        = "{IEEE} Trans. Mil. Electron."}



autos, transportation and vehicles (non-aerospace)
@STRING{IEEE_J_ITS        = "{IEEE} Trans. Intell. Transp. Syst."}
@STRING{IEEE_J_VT         = "{IEEE} Trans. Veh. Technol."}
@STRING{IEEE_J_VC         = "{IEEE} Trans. Veh. Commun."}



circuits, signals, systems, audio and controls
@STRING{IEEE_J_SPL        = "{IEEE} Signal Process. Lett."}
@STRING{IEEE_J_ASSP       = "{IEEE} Trans. Acoust., Speech, Signal Process."}
@STRING{IEEE_J_AU         = "{IEEE} Trans. Audio"}
@STRING{IEEE_J_AUEA       = "{IEEE} Trans. Audio Electroacoust."}
@STRING{IEEE_J_AC         = "{IEEE} Trans. Autom. Control"}
@STRING{IEEE_J_CAS        = "{IEEE} Trans. Circuits Syst."}
@STRING{IEEE_J_CASVT      = "{IEEE} Trans. Circuits Syst. Video Technol."}
@STRING{IEEE_J_CASI       = "{IEEE} Trans. Circuits Syst. {I}"}
@STRING{IEEE_J_CASII      = "{IEEE} Trans. Circuits Syst. {II}"}
in 2004 CASI and CASII renamed part title to CASI_RP and CASII_EB, respectively.
@STRING{IEEE_J_CASI_RP    = "{IEEE} Trans. Circuits Syst. {I}"}
@STRING{IEEE_J_CASII_EB   = "{IEEE} Trans. Circuits Syst. {II}"}
@STRING{IEEE_J_CT         = "{IEEE} Trans. Circuit Theory"}
@STRING{IEEE_J_CST        = "{IEEE} Trans. Control Syst. Technol."}
@STRING{IEEE_J_SP         = "{IEEE} Trans. Signal Process."}
@STRING{IEEE_J_SU         = "{IEEE} Trans. Sonics Ultrason."}
@STRING{IEEE_J_SAP        = "{IEEE} Trans. Speech Audio Process."}
@STRING{IEEE_J_UE         = "{IEEE} Trans. Ultrason. Eng."}
@STRING{IEEE_J_UFFC       = "{IEEE} Trans. Ultrason., Ferroelectr., Freq. Control"}



communications
@STRING{IEEE_J_COML       = "{IEEE} Commun. Lett."}
@STRING{IEEE_J_JSAC       = "{IEEE} J. Sel. Areas Commun."}
@STRING{IEEE_J_COM        = "{IEEE} Trans. Commun."}
@STRING{IEEE_J_COMT       = "{IEEE} Trans. Commun. Technol."}
@STRING{IEEE_J_WCOM       = "{IEEE} Trans. Wireless Commun."}



components, packaging and manufacturing
@STRING{IEEE_J_ADVP       = "{IEEE} Trans. Adv. Packag."}
@STRING{IEEE_J_CHMT       = "{IEEE} Trans. Compon., Hybrids, Manuf. Technol."}
@STRING{IEEE_J_CPMTA      = "{IEEE} Trans. Compon., Packag., Manuf. Technol. {A}"}
@STRING{IEEE_J_CPMTB      = "{IEEE} Trans. Compon., Packag., Manuf. Technol. {B}"}
@STRING{IEEE_J_CPMTC      = "{IEEE} Trans. Compon., Packag., Manuf. Technol. {C}"}
@STRING{IEEE_J_CAPT       = "{IEEE} Trans. Compon. Packag. Technol."}
@STRING{IEEE_J_CAPTS      = "{IEEE} Trans. Compon. Packag. Technol."}
@STRING{IEEE_J_CPART      = "{IEEE} Trans. Compon. Parts"}
@STRING{IEEE_J_EPM        = "{IEEE} Trans. Electron. Packag. Manuf."}
@STRING{IEEE_J_MFT        = "{IEEE} Trans. Manuf. Technol."}
@STRING{IEEE_J_PHP        = "{IEEE} Trans. Parts, Hybrids, Packag."}
@STRING{IEEE_J_PMP        = "{IEEE} Trans. Parts, Mater., Packag."}



CAD
@STRING{IEEE_J_TCAD       = "{IEEE} J. Technol. Comput. Aided Design"}
@STRING{IEEE_J_CAD        = "{IEEE} Trans. Comput.-Aided Design Integr. Circuits Syst."}



coding, data, information, knowledge
@STRING{IEEE_J_IT         = "{IEEE} Trans. Inf. Theory"}
@STRING{IEEE_J_KDE        = "{IEEE} Trans. Knowl. Data Eng."}



computers, computation, networking and software
@STRING{IEEE_J_C          = "{IEEE} Trans. Comput."}
@STRING{IEEE_J_CAL        = "{IEEE} Comput. Archit. Lett."}
disabled till definition is verified
STRING{IEEE_J_DSC         = "{IEEE} Trans. Dependable Secure Comput."}
@STRING{IEEE_J_ECOMP      = "{IEEE} Trans. Electron. Comput."}
@STRING{IEEE_J_EVC        = "{IEEE} Trans. Evol. Comput."}
@STRING{IEEE_J_FUZZ       = "{IEEE} Trans. Fuzzy Syst."}
@STRING{IEEE_J_IFS        = "{IEEE} Trans. Inf. Forensics Security"}
@STRING{IEEE_J_MC         = "{IEEE} Trans. Mobile Comput."}
@STRING{IEEE_J_NET        = "{IEEE/ACM} Trans. Netw."}
@STRING{IEEE_J_NN         = "{IEEE} Trans. Neural Netw."}
@STRING{IEEE_J_PDS        = "{IEEE} Trans. Parallel Distrib. Syst."}
@STRING{IEEE_J_SE         = "{IEEE} Trans. Softw. Eng."}



computer graphics, imaging, and multimedia
@STRING{IEEE_J_JDT        = "{IEEE/OSA} J. Display Technol."}
@STRING{IEEE_J_IP         = "{IEEE} Trans. Image Process."}
@STRING{IEEE_J_MM         = "{IEEE} Trans. Multimedia"}
@STRING{IEEE_J_VCG        = "{IEEE} Trans. Vis. Comput. Graphics"}



cybernetics, ergonomics, robots, man-machine, and automation
@STRING{IEEE_J_ASE        = "{IEEE} Trans. Autom. Sci. Eng."}
@STRING{IEEE_J_JRA        = "{IEEE} J. Robot. Autom."}
@STRING{IEEE_J_HFE        = "{IEEE} Trans. Hum. Factors Electron."}
@STRING{IEEE_J_MMS        = "{IEEE} Trans. Man-Mach. Syst."}
@STRING{IEEE_J_PAMI       = "{IEEE} Trans. Pattern Anal. Mach. Intell."}
in 1989 JRA became RA
in August 2004, RA split into ASE and RO
@STRING{IEEE_J_RA         = "{IEEE} Trans. Robot. Autom."}
@STRING{IEEE_J_RO         = "{IEEE} Trans. Robot."}
@STRING{IEEE_J_SMC        = "{IEEE} Trans. Syst., Man, Cybern."}
@STRING{IEEE_J_SMCA       = "{IEEE} Trans. Syst., Man, Cybern. {A}"}
@STRING{IEEE_J_SMCB       = "{IEEE} Trans. Syst., Man, Cybern. {B}"}
@STRING{IEEE_J_SMCC       = "{IEEE} Trans. Syst., Man, Cybern. {C}"}
@STRING{IEEE_J_SSC        = "{IEEE} Trans. Syst. Sci. Cybern."}



earth, wind, fire and water
@STRING{IEEE_J_GE         = "{IEEE} Trans. Geosci. Electron."}
@STRING{IEEE_J_GRS        = "{IEEE} Trans. Geosci. Remote Sens."}
@STRING{IEEE_J_GRSL       = "{IEEE} Geosci. Remote Sens. Lett."}
@STRING{IEEE_J_OE         = "{IEEE} J. Ocean. Eng."}



education, engineering, history, IEEE, professional
disabled till definition is verified
STRING{IEEE_J_CJECE       = "Canadian J. Elect. Comput. Eng."}
@STRING{IEEE_J_PROC       = "Proc. {IEEE}"}
@STRING{IEEE_J_EDU        = "{IEEE} Trans. Educ."}
@STRING{IEEE_J_EM         = "{IEEE} Trans. Eng. Manag."}
disabled till definition is verified
STRING{IEEE_J_EWS         = "{IEEE} Trans. Eng. Writing Speech"}
@STRING{IEEE_J_PC         = "{IEEE} Trans. Prof. Commun."}



electromagnetics, antennas, EMI, magnetics and microwave
@STRING{IEEE_J_AWPL       = "{IEEE} Antennas Wireless Propag. Lett."}
@STRING{IEEE_J_MGWL       = "{IEEE} Microw. Guided Wave Lett."}
IEEE seems to want "Compon." here, not "Comp."
@STRING{IEEE_J_MWCL       = "{IEEE} Microw. Wireless Compon. Lett."}
@STRING{IEEE_J_AP         = "{IEEE} Trans. Antennas Propag."}
@STRING{IEEE_J_EMC        = "{IEEE} Trans. Electromagn. Compat."}
@STRING{IEEE_J_MAG        = "{IEEE} Trans. Magn."}
@STRING{IEEE_J_MTT        = "{IEEE} Trans. Microw. Theory Tech."}
@STRING{IEEE_J_RFI        = "{IEEE} Trans. Radio Freq. Interference"}
@STRING{IEEE_J_TJMJ       = "{IEEE} Transl. J. Magn. Jpn."}



energy and power
@STRING{IEEE_J_EC         = "{IEEE} Trans. Energy Convers."}
@STRING{IEEE_J_PEL        = "{IEEE} Power Electron. Lett."}
@STRING{IEEE_J_PWRAS      = "{IEEE} Trans. Power App. Syst."}
@STRING{IEEE_J_PWRD       = "{IEEE} Trans. Power Del."}
@STRING{IEEE_J_PWRE       = "{IEEE} Trans. Power Electron."}
@STRING{IEEE_J_PWRS       = "{IEEE} Trans. Power Syst."}



industrial, commercial and consumer
@STRING{IEEE_J_APPIND     = "{IEEE} Trans. Appl. Ind."}
@STRING{IEEE_J_BC         = "{IEEE} Trans. Broadcast."}
disabled till definition is verified
STRING{IEEE_J_BCTV        = "{IEEE} Trans. Broadcast Television Receivers"}
@STRING{IEEE_J_CE         = "{IEEE} Trans. Consum. Electron."}
@STRING{IEEE_J_IE         = "{IEEE} Trans. Ind. Electron."}
@STRING{IEEE_J_IECI       = "{IEEE} Trans. Ind. Electron. Contr. Instrum."}
@STRING{IEEE_J_IA         = "{IEEE} Trans. Ind. Appl."}
@STRING{IEEE_J_IGA        = "{IEEE} Trans. Ind. Gen. Appl."}
@STRING{IEEE_J_IINF       = "{IEEE} Trans. Ind. Informat."}
@STRING{IEEE_J_PSE        = "{IEEE} J. Product Safety Eng."}



instrumentation and measurement
@STRING{IEEE_J_IM         = "{IEEE} Trans. Instrum. Meas."}



insulation and materials
@STRING{IEEE_J_JEM        = "{IEEE/TMS} J. Electron. Mater."}
@STRING{IEEE_J_DEI        = "{IEEE} Trans. Dielectr. Electr. Insul."}
@STRING{IEEE_J_EI         = "{IEEE} Trans. Electr. Insul."}



mechanical
@STRING{IEEE_J_MECH       = "{IEEE/ASME} Trans. Mechatronics"}
@STRING{IEEE_J_MEMS       = "J. Microelectromech. Syst."}



medical and biological
@STRING{IEEE_J_BME        = "{IEEE} Trans. Biomed. Eng."}
Note: The B-ME journal later dropped the hyphen and became the BME.
@STRING{IEEE_J_B-ME       = "{IEEE} Trans. Bio-Med. Eng."}
@STRING{IEEE_J_BMELC      = "{IEEE} Trans. Bio-Med. Electron."}
disabled till definition is verified
STRING{IEEE_J_CBB         = "{IEEE/ACM} Trans. Comput. Biology Bioinformatics"}
@STRING{IEEE_J_ITBM       = "{IEEE} Trans. Inf. Technol. Biomed."}
@STRING{IEEE_J_ME         = "{IEEE} Trans. Med. Electron."}
@STRING{IEEE_J_MI         = "{IEEE} Trans. Med. Imag."}
@STRING{IEEE_J_NB         = "{IEEE} Trans. Nanobiosci."}
@STRING{IEEE_J_NSRE       = "{IEEE} Trans. Neural Syst. Rehabil. Eng."}
@STRING{IEEE_J_RE         = "{IEEE} Trans. Rehabil. Eng."}



 optics, lightwave and photonics
@STRING{IEEE_J_PTL        = "{IEEE} Photon. Technol. Lett."}
@STRING{IEEE_J_JLT        = "J. Lightw. Technol."}



physics, electrons, nanotechnology, nuclear and quantum electronics
@STRING{IEEE_J_EDL        = "{IEEE} Electron Device Lett."}
@STRING{IEEE_J_JQE        = "{IEEE} J. Quantum Electron."}
@STRING{IEEE_J_JSTQE      = "{IEEE} J. Sel. Topics Quantum Electron."}
@STRING{IEEE_J_ED         = "{IEEE} Trans. Electron Devices"}
@STRING{IEEE_J_NANO       = "{IEEE} Trans. Nanotechnol."}
@STRING{IEEE_J_NS         = "{IEEE} Trans. Nucl. Sci."}
@STRING{IEEE_J_PS         = "{IEEE} Trans. Plasma Sci."}



reliability
IEEE seems to want "Mat." here, not "Mater."
@STRING{IEEE_J_DMR        = "{IEEE} Trans. Device Mater. Rel."}
@STRING{IEEE_J_R          = "{IEEE} Trans. Rel."}



semiconductors, superconductors, electrochemical and solid state
@STRING{IEEE_J_ESSL       = "{IEEE/ECS} Electrochem. Solid-State Lett."}
@STRING{IEEE_J_JSSC       = "{IEEE} J. Solid-State Circuits"}
@STRING{IEEE_J_ASC        = "{IEEE} Trans. Appl. Supercond."}
@STRING{IEEE_J_SM         = "{IEEE} Trans. Semicond. Manuf."}



sensors
@STRING{IEEE_J_SENSOR     = "{IEEE} Sensors J."}



VLSI
@STRING{IEEE_J_VLSI       = "{IEEE} Trans. {VLSI} Syst."}






IEEE Magazines 



@STRING{IEEE_M_AES        = "{IEEE} Aerosp. Electron. Syst. Mag."}
@STRING{IEEE_M_HIST       = "{IEEE} Ann. Hist. Comput."}
@STRING{IEEE_M_AP         = "{IEEE} Antennas Propag. Mag."}
@STRING{IEEE_M_ASSP       = "{IEEE} {ASSP} Mag."}
@STRING{IEEE_M_CD         = "{IEEE} Circuits Devices Mag."}
@STRING{IEEE_M_CAS        = "{IEEE} Circuits Syst. Mag."}
@STRING{IEEE_M_COM        = "{IEEE} Commun. Mag."}
@STRING{IEEE_M_COMSOC     = "{IEEE} Commun. Soc. Mag."}
@STRING{IEEE_M_CIM        = "{IEEE} Comput. Intell. Mag."}
CSEM changed to CSE in 1999
@STRING{IEEE_M_CSE        = "{IEEE} Comput. Sci. Eng."}
@STRING{IEEE_M_CSEM       = "{IEEE} Comput. Sci. Eng. Mag."}
@STRING{IEEE_M_C          = "{IEEE} Computer"}
@STRING{IEEE_M_CAP        = "{IEEE} Comput. Appl. Power"}
@STRING{IEEE_M_CGA        = "{IEEE} Comput. Graph. Appl."}
@STRING{IEEE_M_CONC       = "{IEEE} Concurrency"}
@STRING{IEEE_M_CS         = "{IEEE} Control Syst. Mag."}
@STRING{IEEE_M_DTC        = "{IEEE} Des. Test. Comput."}
@STRING{IEEE_M_EI         = "{IEEE} Electr. Insul. Mag."}
@STRING{IEEE_M_ETR        = "{IEEE} ElectroTechnol. Rev."}
@STRING{IEEE_M_EMB        = "{IEEE} Eng. Med. Biol. Mag."}
@STRING{IEEE_M_EMR        = "{IEEE} Eng. Manag. Rev."}
@STRING{IEEE_M_EXP        = "{IEEE} Expert"}
@STRING{IEEE_M_IA         = "{IEEE} Ind. Appl. Mag."}
@STRING{IEEE_M_IM         = "{IEEE} Instrum. Meas. Mag."}
@STRING{IEEE_M_IS         = "{IEEE} Intell. Syst."}
@STRING{IEEE_M_IC         = "{IEEE} Internet Comput."}
@STRING{IEEE_M_ITP        = "{IEEE} {IT} Prof."}
@STRING{IEEE_M_MICRO      = "{IEEE} Micro"}
@STRING{IEEE_M_MW         = "{IEEE} Microw. Mag."}
@STRING{IEEE_M_MM         = "{IEEE} Multimedia"}
@STRING{IEEE_M_NET        = "{IEEE} Netw."}
IEEE's editorial manual lists "Pers. Commun.", 
but "Personal Commun. Mag." seems to be what is used in the journals
@STRING{IEEE_M_PCOM       = "{IEEE} Personal Commun. Mag."}
@STRING{IEEE_M_POT        = "{IEEE} Potentials"}
CAP and PER merged to form PE in 2003
@STRING{IEEE_M_PE         = "{IEEE} Power Energy Mag."}
@STRING{IEEE_M_PER        = "{IEEE} Power Eng. Rev."}
@STRING{IEEE_M_PVC        = "{IEEE} Pervasive Comput."}
@STRING{IEEE_M_RA         = "{IEEE} Robot. Autom. Mag."}
@STRING{IEEE_M_SAP        = "{IEEE} Security Privacy"}
@STRING{IEEE_M_SP         = "{IEEE} Signal Process. Mag."}
@STRING{IEEE_M_S          = "{IEEE} Softw."}
@STRING{IEEE_M_SPECT      = "{IEEE} Spectr."}
@STRING{IEEE_M_TS         = "{IEEE} Technol. Soc. Mag."}
@STRING{IEEE_M_VT         = "{IEEE} Veh. Technol. Mag."}
@STRING{IEEE_M_WC         = "{IEEE} Wireless Commun. Mag."}
@STRING{IEEE_M_TODAY      = "Today's Engineer"}






IEEE Online Publications 



@STRING{IEEE_O_CSTO        = "{IEEE} Commun. Surveys Tuts."}
disabled till definition is verified
STRING{IEEE_O_DSO          = "{IEEE} Distrib. Syst. Online"}





--
EOF
