%%%%%%%%%%%%%%%%%%%%%%%%%%% SOTA

@article{10.1145/3238304,
  address    = {New York, NY, USA},
  articleno  = {13},
  author     = {Arenas, Marcelo and Gottlob, Georg and Pieris, Andreas},
  doi        = {10.1145/3238304},
  issn       = {0362-5915},
  issue_date = {September 2018},
  journal    = {ACM Trans. Database Syst.},
  keywords   = {query answering, Semantic web, SPARQL, RDF, Datalog-based languages},
  month      = nov,
  number     = {3},
  numpages   = {45},
  publisher  = {Association for Computing Machinery},
  title      = {Expressive Languages for Querying the Semantic Web},
  url        = {https://doi.org/10.1145/3238304},
  volume     = {43},
  year       = {2018}
}
%%%%%%%%%%%%%%%% ETL
@article{Arazzi_2024,
  author    = {Arazzi, Marco and Nocera, Antonino and Storti, Emanuele},
  doi       = {10.1109/jiot.2024.3452945},
  issn      = {2372-2541},
  journal   = {IEEE Internet of Things Journal},
  pages     = {1–1},
  publisher = {Institute of Electrical and Electronics Engineers (IEEE)},
  title     = {The SemIoE Ontology: A Semantic Model Solution for an IoE-Based Industry},
  url       = {http://dx.doi.org/10.1109/JIOT.2024.3452945},
  year      = {2024}
}

@inproceedings{Arora2017ASB,
  author    = {Sanjeev Arora and Yingyu Liang and Tengyu Ma},
  booktitle = {International Conference on Learning Representations},
  title     = {A Simple but Tough-to-Beat Baseline for Sentence Embeddings},
  url       = {https://api.semanticscholar.org/CorpusID:64908139},
  year      = {2017}
}

@article{arxiv_llms_nlp,
  author  = {Doe, John and Smith, Jane},
  journal = {arXiv preprint arXiv:2402.11441},
  note    = {Accessed November 2024},
  title   = {Large Language Models and Knowledge Graphs: A Survey},
  url     = {https://arxiv.org/abs/2402.11441},
  year    = {2024}
}
@article{Attia2007Arabic,
  author  = {Mohammed Attia},
  doi     = {10.3115/1654576.1654588},
  journal = {ACL Anthology},
  pages   = {65-72},
  title   = {Arabic Tokenization System},
  year    = {2007}
}
@article{Barry2022Stream2Graph,
  author  = {Mariam Barry and A. Bifet and Raja Chiky and Saad El Jaouhari and Jacob Montiel and Aissa El Ouafi and Eric Guerizec},
  doi     = {10.1109/BigData55660.2022.10020885},
  journal = {2022 IEEE International Conference on Big Data (Big Data)},
  pages   = {2190-2197},
  title   = {Stream2Graph: Dynamic Knowledge Graph for Online Learning Applied in Large-scale Network},
  year    = {2022}
}
@misc{bge_m3,
  archiveprefix = {arXiv},
  author        = {Chen, Jianlv and Xiao, Shitao and Zhang, Peitian and Luo, Kun and Lian, Defu and Liu, Zheng},
  eprint        = {2309.07597},
  primaryclass  = {cs.CL},
  title         = {BGE M3-Embedding: Multi-Lingual, Multi-Functionality, Multi-Granularity Text Embeddings Through Self-Knowledge Distillation},
  year          = {2023}
}

@misc{BibEntry2017Dec,
  month = dec,
  author={W3C},
  note  = {[Online; accessed 24. Nov. 2024]},
  title = {{Semantic Sensor Network Ontology}},
  url   = {https://www.w3.org/TR/vocab-ssn/#Observations},
  year  = {2017}
}

@misc{BibEntry2017May,
  month = may,
  note  = {[Online; accessed 24. Nov. 2024]},
  title = {{Digital.Me Device Ontology (DDO)}},
  url   = {https://www.semanticdesktop.org/ontologies/2011/10/05/ddo},
  year  = {2017}
}
@misc{BibEntry2024May,
  author  = {Antonino Nocera},
  journal = {Data science and big data analytics course, University of Pavia},
  month   = may,
  note    = {[Online; accessed 24. Nov. 2024]},
  title   = {Slide "Text Analysis: Natural Language Processing", Data Science and Big Data Analytics course, University of Pavia},
  url     = {https://elearning.unipv.it/pluginfile.php/621305/mod_resource/content/0/TextAnalysis.pdf},
  year    = {2024}
}
@article{Carbone2017State,
  author  = {Paris Carbone and Stephan Ewen and Gyula Fóra and Seif Haridi and Stefan Richter and K. Tzoumas},
  doi     = {10.14778/3137765.3137777},
  journal = {Proc. VLDB Endow.},
  pages   = {1718-1729},
  title   = {State Management in Apache Flink®: Consistent Stateful Distributed Stream Processing},
  volume  = {10},
  year    = {2017}
}


@article{Casas2020Combining,
  author  = {Noe Casas and M. Costa-jussà and José A. R. Fonollosa},
  doi     = {10.18653/v1/2020.acl-srw.10},
  journal = {ACL Anthology},
  pages   = {66-71},
  title   = {Combining Subword Representations into Word-level Representations in the Transformer Architecture},
  year    = {2020}
}

@misc{chen2024bgem3,
      title={BGE M3-Embedding: Multi-Lingual, Multi-Functionality, Multi-Granularity Text Embeddings Through Self-Knowledge Distillation}, 
      author={Jianlv Chen and Shitao Xiao and Peitian Zhang and Kun Luo and Defu Lian and Zheng Liu},
      year={2024},
      eprint={2402.03216},
      archivePrefix={arXiv},
      primaryClass={cs.CL},
      url={https://arxiv.org/abs/2402.03216}, 
}

@article{data_integration_2024,
  author  = {Walha, Afef and Ghozzi, Faiza and Gargouri, Faiez},
  doi     = {10.1007/s11227-024-06413-1},
  journal = {The Journal of Supercomputing},
  month   = {09},
  pages   = {26687-26725},
  title   = {Data integration from traditional to big data: main features and comparisons of ETL approaches},
  volume  = {80},
  year    = {2024}
}
@misc{devlin2019bertpretrainingdeepbidirectional,
  archiveprefix = {arXiv},
  author        = {Jacob Devlin and Ming-Wei Chang and Kenton Lee and Kristina Toutanova},
  eprint        = {1810.04805},
  primaryclass  = {cs.CL},
  title         = {BERT: Pre-training of Deep Bidirectional Transformers for Language Understanding},
  url           = {https://arxiv.org/abs/1810.04805},
  year          = {2019}
}

@inproceedings{dimou2014rml,
  author    = {Dimou, Anastasia and Vander Sande, Miel and Colpaert, Pieter and Verborgh, Ruben and Mannens, Erik and Van de Walle, Rik},
  booktitle = {Proceedings of the 7th Workshop on Linked Data on the Web},
  editor    = {Bizer, Christian and Heath, Tom and Auer, S\"oren and Berners-Lee, Tim},
  issn      = {1613-0073},
  month     = apr,
  series    = {CEUR Workshop Proceedings},
  title     = {{RML:} A Generic Language for Integrated {RDF} Mappings of Heterogeneous Data},
  url       = {http://ceur-ws.org/Vol-1184/ldow2014_paper_01.pdf},
  volume    = 1184,
  year      = 2014
}

@inproceedings{Dimou2016AutomatedMG,
  author    = {Anastasia Dimou and Tom De Nies and Ruben Verborgh and Erik Mannens and Rik Van de Walle},
  booktitle = {LDOW@WWW},
  title     = {Automated Metadata Generation for Linked Data Generation and Publishing Workflows},
  url       = {https://api.semanticscholar.org/CorpusID:7992252},
  year      = {2016}
}

%%%% query generation
@inproceedings{dimou2017rmllimitations,
  author    = {Dimou, Anastasia and Vander Sande, Miel and Verborgh, Ruben and et al.},
  booktitle = {Proceedings of the International Semantic Web Conference (ISWC)},
  pages     = {376--392},
  title     = {Assessing the Performance of RDF Mapping Languages},
  year      = {2017}
}

@article{emb2024mxbai,
  author  = {Sean Lee and Aamir Shakir and Darius Koenig and Julius Lipp},
  journal = {Mixed Bread AI},
  title   = {Open Source Strikes Bread - New Fluffy Embeddings Model},
  url     = {https://www.mixedbread.ai/blog/mxbai-embed-large-v1},
  year    = {2024}
}
@article{Fu2023CatSQL,
  author  = {Han Fu and Chang Liu and Bin Wu and Feifei Li and Jian Tan and Jianling Sun},
  doi     = {10.14778/3583140.3583165},
  journal = {Proc. VLDB Endow.},
  pages   = {1534-1547},
  title   = {CatSQL: Towards Real World Natural Language to SQL Applications},
  volume  = {16},
  year    = {2023}
}

@article{Hochreiter1997Long,
  author  = {S. Hochreiter and J. Schmidhuber},
  doi     = {10.1162/neco.1997.9.8.1735},
  journal = {Neural Computation},
  pages   = {1735-1780},
  title   = {Long Short-Term Memory},
  volume  = {9},
  year    = {1997}
}

@article{hogan2020sparql,
  title={SPARQL query language},
  author={Hogan, Aidan and Hogan, Aidan},
  journal={The Web of Data},
  pages={323--448},
  year={2020},
  publisher={Springer}
}

@article{Hussain2023Optimized,
  author  = {Yasir Hussain and Zhiqiu Huang and Yu Zhou and I. A. Khan and Nasrullah Khan and Muhammad Zahid Abbas},
  doi     = {10.1145/3593434.3594236},
  journal = {Proceedings of the 27th International Conference on Evaluation and Assessment in Software Engineering},
  title   = {Optimized Tokenization Process for Open-Vocabulary Code Completion: An Empirical Study},
  year    = {2023}
}

%%%%%%%%%%%%%%%%%%%%%%%%%%INTRO
@article{janowicz2019sosa,
  author  = {Janowicz, Krzysztof et al.},
  journal = {Semantic Web Journal},
  title   = {The SOSA/SSN Ontology},
  year    = {2019}
}

%%%%%%%%%%%%%%%%%%%%%%%% NLP
@article{Karttunen1996Regular,
  author  = {L. Karttunen and J. Chanod and G. Grefenstette and A. Schille},
  doi     = {10.1017/S1351324997001563},
  journal = {Natural Language Engineering},
  pages   = {305 - 328},
  title   = {Regular expressions for language engineering},
  volume  = {2},
  year    = {1996}
}

% TOKENIZATION TECHNIQUES

%%%%%%%%%%%%%%%%%%%%%%% white space tokenization
@article{Khorashadizadeh2023Exploring,
  author  = {H. Khorashadizadeh and Nandana Mihindukulasooriya and S. Tiwari and Jinghua Groppe and Sven Groppe},
  doi     = {10.48550/arXiv.2305.08804},
  journal = {ArXiv},
  title   = {Exploring In-Context Learning Capabilities of Foundation Models for Generating Knowledge Graphs from Text},
  volume  = {abs/2305.08804},
  year    = {2023}
}

@article{Kim2014RG,
  author  = {Kisung Kim and Bongki Moon and Hyoung-Joo Kim},
  doi     = {10.1016/j.eswa.2014.01.027},
  journal = {Expert Syst. Appl.},
  pages   = {4596-4607},
  title   = {RG-index: An RDF graph index for efficient SPARQL query processing},
  volume  = {41},
  year    = {2014}
}

%%%%%%%%%%%%%%%%%%%%%%% word tokenization

@inproceedings{knoblock2012karma,
  author    = {Knoblock, Craig A and Szekely, Pedro},
  booktitle = {Extended Semantic Web Conference},
  title     = {Semi-automatically mapping structured sources into the semantic web},
  year      = {2012}
}

%%%%%%%%%%%%%%%%%%%%%%% sentence tokenization
@inproceedings{kreps2011kafka,
  author       = {Kreps, Jay and Narkhede, Neha and Rao, Jun and others},
  booktitle    = {Proceedings of the NetDB},
  organization = {Athens, Greece},
  pages        = {1--7},
  title        = {Kafka: A distributed messaging system for log processing},
  volume       = {11},
  year         = {2011}
}

%%%%%%%%%%%%%%%%%%%%%%% N-grams tokenization
@article{Lamsiyah2021An,
  author  = {Salima Lamsiyah and Abdelkader El Mahdaouy and B. Espinasse and S. A. Ouatik},
  doi     = {10.1016/j.eswa.2020.114152},
  journal = {Expert Syst. Appl.},
  pages   = {114152},
  title   = {An unsupervised method for extractive multi-document summarization based on centroid approach and sentence embeddings},
  volume  = {167},
  year    = {2021}
}

%%%%%%%%%%%%%%%%%%%%%%% regex tokenization
@article{Lauren2022Reconstructing,
  author  = {Paula Lauren},
  doi     = {10.1109/CSCI58124.2022.00013},
  journal = {2022 International Conference on Computational Science and Computational Intelligence (CSCI)},
  pages   = {35-40},
  title   = {Reconstructing Word Representations from Pre-trained Subword Embeddings},
  year    = {2022}
}

%%%%%%%%%%%%%%%%%%%%%%% subwords tokenization

@misc{lee2024nvembed,
  archiveprefix = {arXiv},
  author        = {Chankyu Lee and Rajarshi Roy and Mengyao Xu and Jonathan Raiman and Mohammad Shoeybi and Bryan Catanzaro and Wei Ping},
  eprint        = {2405.17428},
  primaryclass  = {cs.CL},
  title         = {NV-Embed: Improved Techniques for Training LLMs as Generalist Embedding Models},
  url           = {https://arxiv.org/abs/2405.17428},
  year          = {2024}
}

@article{liang2021querying,
  title={Querying knowledge graphs in natural language},
  author={Liang, Shiqi and Stockinger, Kurt and De Farias, Tarcisio Mendes and Anisimova, Maria and Gil, Manuel},
  journal={Journal of big Data},
  volume={8},
  number={1},
  pages={3},
  year={2021},
  publisher={Springer}
}

@article{Long2021Bert-based,
  author  = {Hua Long and Dongyu Cao},
  doi     = {10.1109/ICISE-IE53922.2021.00222},
  journal = {2021 2nd International Conference on Information Science and Education (ICISE-IE)},
  pages   = {969-973},
  title   = {Bert-based Text-to-SQL Generation method with question-table content enhancement and template filling},
  year    = {2021}
}

%%%%%%%%%%%%%%%%%%%%%%% future works
@article{McNamee2004Character,
  author  = {Paul McNamee and J. Mayfield},
  doi     = {10.1023/B:INRT.0000009441.78971.be},
  journal = {Information Retrieval},
  pages   = {73-97},
  title   = {Character N-Gram Tokenization for European Language Text Retrieval},
  volume  = {7},
  year    = {2004}
}
@article{Meaney2023Comparing,
  author  = {C. Meaney and T. Stukel and P. Austin and Michael Escobar},
  doi     = {10.48550/arXiv.2305.08787},
  journal = {ArXiv},
  title   = {Comparing Variation in Tokenizer Outputs Using a Series of Problematic and Challenging Biomedical Sentences},
  volume  = {abs/2305.08787},
  year    = {2023}
}


%%%%%%%%%%%%%%%%%%%%%%% Word2Vec
@article{Mekki2023Tokenization,
  author  = {A. Mekki and Inès Zribi and M. Ellouze and Lamia Hadrich Belguith},
  doi     = {10.1145/3599234},
  journal = {ACM Transactions on Asian and Low-Resource Language Information Processing},
  pages   = {1 - 19},
  title   = {Tokenization of Tunisian Arabic: A Comparison between Three Machine Learning Models},
  volume  = {22},
  year    = {2023}
}
%%%%%%%%%%%%%%%%%%%%%%% Sentence Embeddings
@misc{mikolov2013efficientestimationwordrepresentations,
  archiveprefix = {arXiv},
  author        = {Tomas Mikolov and Kai Chen and Greg Corrado and Jeffrey Dean},
  eprint        = {1301.3781},
  primaryclass  = {cs.CL},
  title         = {Efficient Estimation of Word Representations in Vector Space},
  url           = {https://arxiv.org/abs/1301.3781},
  year          = {2013}
}

@misc{mikolov2013exploitingsimilaritieslanguagesmachine,
  archiveprefix = {arXiv},
  author        = {Tomas Mikolov and Quoc V. Le and Ilya Sutskever},
  eprint        = {1309.4168},
  primaryclass  = {cs.CL},
  title         = {Exploiting Similarities among Languages for Machine Translation},
  url           = {https://arxiv.org/abs/1309.4168},
  year          = {2013}
}

@article{Montiel2018ScikitMultiflow,
  author  = {Jacob Montiel and J. Read and A. Bifet and T. Abdessalem},
  doi     = {10.5555/3291125.3309634},
  journal = {J. Mach. Learn. Res.},
  pages   = {72:1-72:5},
  title   = {Scikit-Multiflow: A Multi-output Streaming Framework},
  volume  = {19},
  year    = {2018}
}
@article{muennighoff2022mteb,
  author    = {Muennighoff, Niklas and Tazi, Nouamane and Magne, Lo{\"\i}c and Reimers, Nils},
  doi       = {10.48550/ARXIV.2210.07316},
  journal   = {arXiv preprint arXiv:2210.07316},
  publisher = {arXiv},
  title     = {MTEB: Massive Text Embedding Benchmark},
  url       = {https://arxiv.org/abs/2210.07316},
  year      = {2022}
}

@inbook{Mukhopadhyay2018,
  abstract  = {Every data science professional has to extract, transform, and load (ETL) data from different data sources. In this chapter, I will discuss how to do ETL with Python for a selection of popular databases. For a relational database, I'll cover MySQL. As an example of a document database, I will cover Elasticsearch. For a graph database, I'll cover Neo4j, and for NoSQL, I'll cover MongoDB. I will also discuss the Pandas framework, which was inspired by R's data frame concept.},
  address   = {Berkeley, CA},
  author    = {Mukhopadhyay, Sayan},
  booktitle = {Advanced Data Analytics Using Python: With Machine Learning, Deep Learning and NLP Examples},
  doi       = {10.1007/978-1-4842-3450-1_2},
  isbn      = {978-1-4842-3450-1},
  pages     = {23--48},
  publisher = {Apress},
  title     = {ETL with Python (Structured Data)},
  url       = {https://doi.org/10.1007/978-1-4842-3450-1_2},
  year      = {2018}
}
@article{Pan_2024,
  author    = {Pan, Shirui and Luo, Linhao and Wang, Yufei and Chen, Chen and Wang, Jiapu and Wu, Xindong},
  doi       = {10.1109/tkde.2024.3352100},
  issn      = {2326-3865},
  journal   = {IEEE Transactions on Knowledge and Data Engineering},
  month     = jul,
  number    = {7},
  pages     = {3580–3599},
  publisher = {Institute of Electrical and Electronics Engineers (IEEE)},
  title     = {Unifying Large Language Models and Knowledge Graphs: A Roadmap},
  url       = {http://dx.doi.org/10.1109/TKDE.2024.3352100},
  volume    = {36},
  year      = {2024}
}


% %%%%%%%%%%%%%%%%%%%%%% LLMs
@misc{pyshacl2020,
  author = {PySHACL Developers},
  note   = {\url{https://github.com/RDFLib/pySHACL}},
  title  = {PySHACL: Python SHACL Validator},
  year   = {2020}
}

@article{Rajagopalan2020Prepping,
  author  = {Gayathri Rajagopalan},
  doi     = {10.1007/978-1-4842-6399-0_6},
  journal = {A Python Data Analyst’s Toolkit},
  pages   = {147 - 241},
  title   = {Prepping Your Data with Pandas},
  year    = {2020}
}

% %%%%%%%%%%%%%%%%%%%%%% SPARQL
@misc{rdflib2021docs,
  author = {RDFLib Developers},
  note   = {\url{https://rdflib.dev/}},
  title  = {RDFLib Documentation},
  year   = {2021}
}

@misc{reimers2019sentence,
      title={Sentence-BERT: Sentence Embeddings using Siamese BERT-Networks}, 
      author={Nils Reimers and Iryna Gurevych},
      year={2019},
      eprint={1908.10084},
      archivePrefix={arXiv},
      primaryClass={cs.CL},
      url={https://arxiv.org/abs/1908.10084}, 
}

@article{Reimers2019SentenceBERT,
  author  = {Nils Reimers and Iryna Gurevych},
  doi     = {10.18653/v1/D19-1410},
  journal = {ArXiv},
  pages   = {3980-3990},
  title   = {Sentence-BERT: Sentence Embeddings using Siamese BERT-Networks},
  year    = {2019}
}


%%%%%%%%%%%%%%%%%%%%%%%%%%%%% Knowledge Graphs

@article{Reyes2024SPARQLGA,
  author  = {Julio Cesar Rangel Reyes and Tarcisio Mendes de Farias and Ana Claudia Sima and Norio Kobayashi},
  journal = {ArXiv},
  title   = {SPARQL Generation: an analysis on fine-tuning OpenLLaMA for Question Answering over a Life Science Knowledge Graph},
  url     = {https://api.semanticscholar.org/CorpusID:267523049},
  volume  = {abs/2402.04627},
  year    = {2024}
}

@article{Rony2022SGPT,
  author  = {Md. Rony and Uttam Kumar and Roman Teucher and Liubov Kovriguina and Jens Lehmann},
  doi     = {10.1109/ACCESS.2022.3188714},
  journal = {IEEE Access},
  pages   = {70712-70723},
  title   = {SGPT: A Generative Approach for SPARQL Query Generation From Natural Language Questions},
  volume  = {10},
  year    = {2022}
}

@article{Sabtu2017The,
  author  = {Adilah Sabtu and Nurulhuda Firdaus Mohd Azmi and N. N. A. Sjarif and Saiful Adli Ismail and O. Yusop and H. Sarkan and S. Chuprat},
  doi     = {10.1109/ICRIIS.2017.8002467},
  journal = {2017 International Conference on Research and Innovation in Information Systems (ICRIIS)},
  pages   = {1-5},
  title   = {The challenges of Extract, Transform and Loading (ETL) system implementation for near real-time environment},
  year    = {2017}
}

@article{seanopen,
  title={Open source strikes bread-new fluffy embeddings model (2024)},
  author={Sean, L and Aamir, S and Darius, K and Julius, L},
  journal={Available also from: https://www. mixedbread. ai/blog/mxbaiembed-large-v1}
}

@article{sparkZaharia2016,
  author  = {Zaharia, Matei and Xin, Reynold and Wendell, Patrick and Das, Tathagata and Armbrust, Michael and Dave, Ankur and Meng, Xiangrui and Rosen, Josh and Venkataraman, Shivaram and Franklin, Michael and Ghodsi, Ali and Gonzalez, Joseph and Shenker, Scott and Stoica, Ion},
  doi     = {10.1145/2934664},
  journal = {Communications of the ACM},
  month   = {11},
  pages   = {56-65},
  title   = {Apache spark: A unified engine for big data processing},
  volume  = {59},
  year    = {2016}
}

@article{statista_data_growth,
  author  = {Petroc Taylor},
  journal = {Statista},
  note    = {Accessed November 2024},
  title   = {Global Data Creation Volume 2010-2025},
  url     = {https://www.statista.com/statistics/871513/worldwide-data-created/},
  year    = {2023}
}

% RML processor
@misc{sturua2024,
  archiveprefix = {arXiv},
  author        = {Saba Sturua and Isabelle Mohr and Mohammad Kalim Akram and Michael Günther and Bo Wang and Markus Krimmel and Feng Wang and Georgios Mastrapas and Andreas Koukounas and Andreas Koukounas and Nan Wang and Han Xiao},
  eprint        = {2409.10173},
  primaryclass  = {cs.CL},
  title         = {jina-embeddings-v3: Multilingual Embeddings With Task LoRA},
  url           = {https://arxiv.org/abs/2409.10173},
  year          = {2024}
}

% Sentence embeddings
@article{Toraman2022Impact,
  author  = {Cagri Toraman and E. Yilmaz and Furkan Şahinuç and Oguzhan Ozcelik},
  doi     = {10.1145/3578707},
  journal = {ACM Transactions on Asian and Low-Resource Language Information Processing},
  pages   = {1 - 21},
  title   = {Impact of Tokenization on Language Models: An Analysis for Turkish},
  volume  = {22},
  year    = {2022}
}
@article{Vassiliadis2009A,
  author  = {Panos Vassiliadis},
  doi     = {10.4018/jdwm.2009070101},
  journal = {Int. J. Data Warehous. Min.},
  pages   = {1-27},
  title   = {A Survey of Extract-Transform-Load Technology},
  volume  = {5},
  year    = {2009}
}
@misc{vaswani2023attentionneed,
  archiveprefix = {arXiv},
  author        = {Ashish Vaswani and Noam Shazeer and Niki Parmar and Jakob Uszkoreit and Llion Jones and Aidan N. Gomez and Lukasz Kaiser and Illia Polosukhin},
  eprint        = {1706.03762},
  primaryclass  = {cs.CL},
  title         = {Attention Is All You Need},
  url           = {https://arxiv.org/abs/1706.03762},
  year          = {2023}
}

@article{Wang2021Milvus,
  author  = {Jianguo Wang and Xiaomeng Yi and Rentong Guo and Hai Jin and Peng Xu and Shengjun Li and Xiangyu Wang and Xiangzhou Guo and Chengming Li and Xiaohai Xu and Kun Yu and Yuxing Yuan and Yinghao Zou and J. Long and Yudong Cai and Zhenxiang Li and Zhifeng Zhang and Yihua Mo and Jun Gu and Ruiyi Jiang and Yi Wei and Charles Xie},
  doi     = {10.1145/3448016.3457550},
  journal = {Proceedings of the 2021 International Conference on Management of Data},
  title   = {Milvus: A Purpose-Built Vector Data Management System},
  year    = {2021}
}
% TO REVIEW:
@misc{wang2023nlqxformlanguagemodelbasedquestion,
  archiveprefix = {arXiv},
  author        = {Ruijie Wang and Zhiruo Zhang and Luca Rossetto and Florian Ruosch and Abraham Bernstein},
  eprint        = {2311.07588},
  primaryclass  = {cs.CL},
  title         = {NLQxform: A Language Model-based Question to SPARQL Transformer},
  url           = {https://arxiv.org/abs/2311.07588},
  year          = {2023}
}
@article{Wiechetek2019Is,
  author  = {Linda Wiechetek and S. Moshagen and Thomas Omma},
  doi     = {10.18653/v1/W19-0312},
  journal = {Proceedings of the Fifth International Workshop on Computational Linguistics for Uralic Languages},
  title   = {Is this the end? Two-step tokenization of sentence boundaries},
  year    = {2019}
}

@article{compton2012ssn,
  title={The SSN ontology of the W3C semantic sensor network incubator group},
  author={Compton, Michael and Barnaghi, Payam and Bermudez, Luis and Garcia-Castro, Raul and Corcho, Oscar and Cox, Simon and Graybeal, John and Hauswirth, Manfred and Henson, Cory and Herzog, Arthur and others},
  journal={Journal of Web Semantics},
  volume={17},
  pages={25--32},
  year={2012},
  publisher={Elsevier}
}

@techreport{world2014organization,
  title={The organization ontology},
  author={World Wide Web Consortium and others},
  year={2014},
  institution={World Wide Web Consortium}
}

@article{rasmussen2021bot,
  title={BOT: The building topology ontology of the W3C linked building data group},
  author={Rasmussen, Mads Holten and Lefran{\c{c}}ois, Maxime and Schneider, Georg Ferdinand and Pauwels, Pieter},
  journal={Semantic Web},
  volume={12},
  number={1},
  pages={143--161},
  year={2021},
  publisher={IOS Press}
}
