@article{Fu2023CatSQL,
  author  = {Han Fu and Chang Liu and Bin Wu and Feifei Li and Jian Tan and Jianling Sun},
  doi     = {10.14778/3583140.3583165},
  journal = {Proc. VLDB Endow.},
  pages   = {1534-1547},
  title   = {CatSQL: Towards Real World Natural Language to SQL Applications},
  volume  = {16},
  year    = {2023}
}

@article{Long2021Bert-based,
  author  = {Hua Long and Dongyu Cao},
  doi     = {10.1109/ICISE-IE53922.2021.00222},
  journal = {2021 2nd International Conference on Information Science and Education (ICISE-IE)},
  pages   = {969-973},
  title   = {Bert-based Text-to-SQL Generation method with question-table content enhancement and template filling},
  year    = {2021}
}

@article{Pan_2024,
  author    = {Pan, Shirui and Luo, Linhao and Wang, Yufei and Chen, Chen and Wang, Jiapu and Wu, Xindong},
  doi       = {10.1109/tkde.2024.3352100},
  issn      = {2326-3865},
  journal   = {IEEE Transactions on Knowledge and Data Engineering},
  month     = jul,
  number    = {7},
  pages     = {3580â€“3599},
  publisher = {Institute of Electrical and Electronics Engineers (IEEE)},
  title     = {Unifying Large Language Models and Knowledge Graphs: A Roadmap},
  url       = {http://dx.doi.org/10.1109/TKDE.2024.3352100},
  volume    = {36},
  year      = {2024}
}

@article{Reyes2024SPARQLGA,
  author  = {Julio Cesar Rangel Reyes and Tarcisio Mendes de Farias and Ana Claudia Sima and Norio Kobayashi},
  journal = {ArXiv},
  title   = {SPARQL Generation: an analysis on fine-tuning OpenLLaMA for Question Answering over a Life Science Knowledge Graph},
  url     = {https://api.semanticscholar.org/CorpusID:267523049},
  volume  = {abs/2402.04627},
  year    = {2024}
}

@article{Rony2022SGPT,
  author  = {Md. Rony and Uttam Kumar and Roman Teucher and Liubov Kovriguina and Jens Lehmann},
  doi     = {10.1109/ACCESS.2022.3188714},
  journal = {IEEE Access},
  pages   = {70712-70723},
  title   = {SGPT: A Generative Approach for SPARQL Query Generation From Natural Language Questions},
  volume  = {10},
  year    = {2022}
}

@article{liang2021querying,
  title={Querying knowledge graphs in natural language},
  author={Liang, Shiqi and Stockinger, Kurt and De Farias, Tarcisio Mendes and Anisimova, Maria and Gil, Manuel},
  journal={Journal of big Data},
  volume={8},
  number={1},
  pages={3},
  year={2021},
  publisher={Springer}
}

@misc{wang2023nlqxformlanguagemodelbasedquestion,
  archiveprefix = {arXiv},
  author        = {Ruijie Wang and Zhiruo Zhang and Luca Rossetto and Florian Ruosch and Abraham Bernstein},
  eprint        = {2311.07588},
  primaryclass  = {cs.CL},
  title         = {NLQxform: A Language Model-based Question to SPARQL Transformer},
  url           = {https://arxiv.org/abs/2311.07588},
  year          = {2023}
}

