
% Journals

% First the Full Name is given, then the abbreviation used in the AMS Math
% Reviews, with an indication if it could not be found there.
% Note the 2nd overwrites the 1st, so swap them if you want the full name.

 %{AMS}
 @String{AMSTrans = "American Mathematical Society Translations" }
 @String{AMSTrans = "Amer. Math. Soc. Transl." }
 @String{BullAMS = "Bulletin of the American Mathematical Society" }
 @String{BullAMS = "Bull. Amer. Math. Soc." }
 @String{ProcAMS = "Proceedings of the American Mathematical Society" }
 @String{ProcAMS = "Proc. Amer. Math. Soc." }
 @String{TransAMS = "Transactions of the American Mathematical Society" }
 @String{TransAMS = "Trans. Amer. Math. Soc." }

 %ACM
 @String{CACM = "Communications of the {ACM}" }
 @String{CACM = "Commun. {ACM}" }
 @String{CompServ = "Comput. Surveys" }
 @String{JACM = "J. ACM" }
 @String{ACMMathSoft = "{ACM} Transactions on Mathematical Software" }
 @String{ACMMathSoft = "{ACM} Trans. Math. Software" }
 @String{SIGNUM = "{ACM} {SIGNUM} Newsletter" }
 @String{SIGNUM = "{ACM} {SIGNUM} Newslett." }

 @String{AmerSocio = "American Journal of Sociology" }
 @String{AmerStatAssoc = "Journal of the American Statistical Association" }
 @String{AmerStatAssoc = "J. Amer. Statist. Assoc." }
 @String{ApplMathComp = "Applied Mathematics and Computation" }
 @String{ApplMathComp = "Appl. Math. Comput." }
 @String{AmerMathMonthly = "American Mathematical Monthly" }
 @String{AmerMathMonthly = "Amer. Math. Monthly" }
 @String{BIT = "{BIT}" }
 @String{BritStatPsych = "British Journal of Mathematical and Statistical
          Psychology" }
 @String{BritStatPsych = "Brit. J. Math. Statist. Psych." }
 @String{CanMathBull = "Canadian Mathematical Bulletin" }
 @String{CanMathBull = "Canad. Math. Bull." }
 @String{CompApplMath = "Journal of Computational and Applied Mathematics" }
 @String{CompApplMath = "J. Comput. Appl. Math." }
 @String{CompPhys = "Journal of Computational Physics" }
 @String{CompPhys = "J. Comput. Phys." }
 @String{CompStruct = "Computers and Structures" }
 @String{CompStruct = "Comput. \& Structures" }
 @String{CompJour = "The Computer Journal" }
 @String{CompJour = "Comput. J." }
 @String{CompSysSci = "Journal of Computer and System Sciences" }
 @String{CompSysSci = "J. Comput. System Sci." }
 @String{Computing = "Computing" }
 @String{ContempMath = "Contemporary Mathematics" }
 @String{ContempMath = "Contemp. Math." }
 @String{Crelle = "Crelle's Journal" }
 @String{GiornaleMath = "Giornale di Mathematiche" }
 @String{GiornaleMath = "Giorn. Mat." } % didn't find in AMS MR., ibid.

 %IEEE
 @String{Computer = "{IEEE} Computer" }
 @String{IEEETransComp = "{IEEE} Transactions on Computers" }
 @String{IEEETransComp = "{IEEE} Trans. Comput." }
 @String{IEEETransAC = "{IEEE} Transactions on Automatic Control" }
 @String{IEEETransAC = "{IEEE} Trans. Automat. Control" }
 @String{IEEESpec = "{IEEE} Spectrum" } % didn't find in AMS MR
 @String{ProcIEEE = "Proceedings of the {IEEE}" }
 @String{ProcIEEE = "Proc. {IEEE}" } % didn't find in AMS MR
 @String{IEEETransAeroElec = "{IEEE} Transactions on Aerospace and Electronic
     Systems" }
 @String{IEEETransAeroElec = "{IEEE} Trans. Aerospace Electron. Systems" }

 @String{IMANumerAna = "{IMA} Journal of Numerical Analysis" }
 @String{IMANumerAna = "{IMA} J. Numer. Anal." }
 @String{InfProcLet = "Information Processing Letters" }
 @String{InfProcLet = "Inform. Process. Lett." }
 @String{InstMathApp = "Journal of the Institute of Mathematics and
     its Applications" }
 @String{InstMathApp = "J. Inst. Math. Appl." }
 @String{IntControl = "International Journal of Control" }
 @String{IntControl = "Internat. J. Control" }
 @String{IntNumerEng = "International Journal for Numerical Methods in
     Engineering" }
 @String{IntNumerEng = "Internat. J. Numer. Methods Engrg." }
 @String{IntSuper = "International Journal of Supercomputing Applications" }
 @String{IntSuper = "Internat. J. Supercomputing Applic." } % didn't find
%% in AMS MR
 @String{Kibernetika = "Kibernetika" }
 @String{JResNatBurStand = "Journal of Research of the National Bureau
     of Standards" }
 @String{JResNatBurStand = "J. Res. Nat. Bur. Standards" }
 @String{LinAlgApp = "Linear Algebra and its Applications" }
 @String{LinAlgApp = "Linear Algebra Appl." }
 @String{MathAnaAppl = "Journal of Mathematical Analysis and Applications" }
 @String{MathAnaAppl = "J. Math. Anal. Appl." }
 @String{MathAnnalen = "Mathematische Annalen" }
 @String{MathAnnalen = "Math. Ann." }
 @String{MathPhys = "Journal of Mathematical Physics" }
 @String{MathPhys = "J. Math. Phys." }
 @String{MathComp = "Mathematics of Computation" }
 @String{MathComp = "Math. Comp." }
 @String{MathScand = "Mathematica Scandinavica" }
 @String{MathScand = "Math. Scand." }
 @String{TablesAidsComp = "Mathematical Tables and Other Aids to Computation" }
 @String{TablesAidsComp = "Math. Tables Aids Comput." }
 @String{NumerMath = "Numerische Mathematik" }
 @String{NumerMath = "Numer. Math." }
 @String{PacificMath = "Pacific Journal of Mathematics" }
 @String{PacificMath = "Pacific J. Math." }
 @String{ParDistComp = "Journal of Parallel and Distributed Computing" }
 @String{ParDistComp = "J. Parallel and Distrib. Comput." } % didn't find
%% in AMS MR
 @String{ParComputing = "Parallel Computing" }
 @String{ParComputing = "Parallel Comput." }
 @String{PhilMag = "Philosophical Magazine" }
 @String{PhilMag = "Philos. Mag." }
 @String{ProcNAS = "Proceedings of the National Academy of Sciences
                    of the USA" }
 @String{ProcNAS = "Proc. Nat. Acad. Sci. U. S. A." }
 @String{Psychometrika = "Psychometrika" }
 @String{QuartMath = "Quarterly Journal of Mathematics, Oxford, Series (2)" }
 @String{QuartMath = "Quart. J. Math. Oxford Ser. (2)" }
 @String{QuartApplMath = "Quarterly of Applied Mathematics" }
 @String{QuartApplMath = "Quart. Appl. Math." }
 @String{RevueInstStat = "Review of the International Statisical Institute" }
 @String{RevueInstStat = "Rev. Inst. Internat. Statist." }

 %SIAM
 @String{JSIAM = "Journal of the Society for Industrial and Applied
     Mathematics" }
 @String{JSIAM = "J. Soc. Indust. Appl. Math." }
 @String{JSIAMB = "Journal of the Society for Industrial and Applied
     Mathematics, Series B, Numerical Analysis" }
 @String{JSIAMB = "J. Soc. Indust. Appl. Math. Ser. B Numer. Anal." }
 @String{SIAMAlgMeth = "{SIAM} Journal on Algebraic and Discrete Methods" }
 @String{SIAMAlgMeth = "{SIAM} J. Algebraic Discrete Methods" }
 @String{SIAMAppMath = "{SIAM} Journal on Applied Mathematics" }
 @String{SIAMAppMath = "{SIAM} J. Appl. Math." }
 @String{SIAMComp = "{SIAM} Journal on Computing" }
 @String{SIAMComp = "{SIAM} J. Comput." }
 @String{SIAMMatrix = "{SIAM} Journal on Matrix Analysis and Applications" }
 @String{SIAMMatrix = "{SIAM} J. Matrix Anal. Appl." }
 @String{SIAMNumAnal = "{SIAM} Journal on Numerical Analysis" }
 @String{SIAMNumAnal = "{SIAM} J. Numer. Anal." }
 @String{SIAMReview = "{SIAM} Review" }
 @String{SIAMReview = "{SIAM} Rev." }
 @String{SIAMSciStat = "{SIAM} Journal on Scientific and Statistical
     Computing" }
 @String{SIAMSciStat = "{SIAM} J. Sci. Statist. Comput." }

 @String{SoftPracExp = "Software Practice and Experience" }
 @String{SoftPracExp = "Software Prac. Experience" } % didn't find in AMS MR
 @String{StatScience = "Statistical Science" }
 @String{StatScience = "Statist. Sci." }
 @String{Techno = "Technometrics" }
 @String{USSRCompMathPhys = "{USSR} Computational Mathematics and Mathematical
     Physics" }
 @String{USSRCompMathPhys = "{U. S. S. R.} Comput. Math. and Math. Phys." }
 @String{VLSICompSys = "Journal of {VLSI} and Computer Systems" }
 @String{VLSICompSys = "J. {VLSI} Comput. Syst." }
 @String{ZAngewMathMech = "Zeitschrift fur Angewandte Mathematik und
     Mechanik" }
 @String{ZAngewMathMech = "Z. Angew. Math. Mech." }
 @String{ZAngewMathPhys = "Zeitschrift fur Angewandte Mathematik und Physik" }
 @String{ZAngewMathPhys = "Z. Angew. Math. Phys." }

% Publishers % ================================================= |

 @String{Academic = "Academic Press" }
 @String{ACMPress = "{ACM} Press" }
 @String{AdamHilger = "Adam Hilger" }
 @String{AddisonWesley = "Addison-Wesley" }
 @String{AllynBacon = "Allyn and Bacon" }
 @String{AMS = "American Mathematical Society" }
 @String{Birkhauser = "Birkha{\"u}ser" }
 @String{CambridgePress = "Cambridge University Press" }
 @String{Chelsea = "Chelsea" }
 @String{ClaredonPress = "Claredon Press" }
 @String{DoverPub = "Dover Publications" }
 @String{Eyolles = "Eyolles" }
 @String{HoltRinehartWinston = "Holt, Rinehart and Winston" }
 @String{Interscience = "Interscience" }
 @String{JohnsHopkinsPress = "The Johns Hopkins University Press" }
 @String{JohnWileySons = "John Wiley and Sons" }
 @String{Macmillan = "Macmillan" }
 @String{MathWorks = "The Math Works Inc." }
 @String{McGrawHill = "McGraw-Hill" }
 @String{NatBurStd = "National Bureau of Standards" }
 @String{NorthHolland = "North-Holland" }
 @String{OxfordPress = "Oxford University Press" }  %address Oxford or London?
 @String{PergamonPress = "Pergamon Press" }
 @String{PlenumPress = "Plenum Press" }
 @String{PrenticeHall = "Prentice-Hall" }
 @String{SIAMPub = "{SIAM} Publications" }
 @String{Springer = "Springer-Verlag" }
 @String{TexasPress = "University of Texas Press" }
 @String{VanNostrand = "Van Nostrand" }
 @String{WHFreeman = "W. H. Freeman and Co." }

%Entries

@Article{Abril07,
  author        = "Patricia S. Abril and Robert Plant",
  title         = "The patent holder's dilemma: Buy, sell, or troll?",
  journal       = "Communications of the ACM",
  volume        = "50",
  number        = "1",
  month         = jan,
  year          = "2007",
  pages         = "36--44",
  doi           = "10.1145/1188913.1188915",
  url           = "http://doi.acm.org/10.1145/1219092.1219093",
  note          = "",
}

@Article{Cohen07,
  author        = "Sarah Cohen and Werner Nutt and Yehoshua Sagic",
  title         = "Deciding equivalances among conjunctive aggregate queries",
  journal       = JACM,
  articleno     = "5",
  numpages      = "50",
  volume        = "54",
  number        = "2",
  month         = apr,
  year          = "2007",
  doi           = "10.1145/1219092.1219093",
  url           = "http://doi.acm.org/10.1145/1219092.1219093",
  acmid         = "1219093",
  note          = "",
}


@periodical{JCohen96,
  key =          "Cohen",
  editor =       "Jacques Cohen",
  title =        "Special issue: Digital Libraries",
  journal =      CACM,
  volume =       "39",
  number =       "11",
  month =        nov,
  year =         "1996",
}


@Book{Kosiur01,
  author =       "David Kosiur",
  title =        "Understanding Policy-Based Networking",
  publisher =    "Wiley",
  year =         "2001",
  address =      "USA",
  edition =      "2.",
  editor =       "",
  volume =       "",
  number =       "",
  series =       "",
  month =        "",
  note =         "",
}


@Book{Harel79,
  author =       "David Harel",
  year =         "1979",
  title =        "First-Order Dynamic Logic",
  series =       "Lecture Notes in Computer Science",
  volume =       "68",
  address =      "New York, NY",
  publisher =    "Springer-Verlag",
  doi =          "10.1007/3-540-09237-4",
  url =          "http://dx.doi.org/10.1007/3-540-09237-4",
  editor =       "",
  number =       "",
  month =        "",
  note =         "",
}

@inbook{Editor00,
  author       = {Peter Eston}, 
  title        = {The title of the work},
  chapter      = 8,
  pages        = {201-213},
  publisher    = {The name of the publisher},
  doi =          "10.1007/3-540-09237-4",
  year         = 1993,
  volume       = 4,
  series       = 5,
  address      = {The address of the publisher},
  edition      = 3,
  month        = 7,
  note         = {An optional note}
}

%
@InBook{Editor00a,
  author =       "",
  editor =       "Ian Editor",
  title =        "The title of book two",
  subtitle =     "The book subtitle",
  series =       "The name of the series two",
  year =         "2008",
  address =      "Chicago",
  edition =      "2nd.",
  publisher =    "University of Chicago Press",
  doi =          "10.1007/3-540-09237-4",
  url =          "http://dx.doi.org/10.1007/3-540-09456-9",
  volume =       "",
  chapter =      "100",
  pages        = {201-213},
  number =       "",
  type =         "",
  month =        "",
  note =         "",
}


% incollection (has an editor, title, and possibly a booktitle)
@Incollection{Spector90,
  author =       "Asad Z. Spector",
  title =        "Achieving application requirements",
  booktitle =    "Distributed Systems",
  publisher =    "ACM Press",
  address =      "New York, NY",
  year =         "1990",
  edition =      "2nd.",
  chapter =      "",
  editor =       "Sape Mullender",
  pages =        "19--33",
  doi =          "10.1145/90417.90738",
  url =          "http://doi.acm.org/10.1145/90417.90738",
  volume =       "",
  number =       "",
  series =       "",
  type =         "",
  month =        "",
  note =         "",
}


% incollection (has an editor, title, and possibly a booktitle)
@Incollection{Douglass98,
  author =       "Bruce P. Douglass and David Harel and Mark B. Trakhtenbrot",
  title =        "Statecarts in use: structured analysis and object-orientation",
  series =       "Lecture Notes in Computer Science",
  booktitle =    "Lectures on Embedded Systems",
  publisher =    "Springer-Verlag",
  address =      "London",
  volume =       "1494",
  year =         "1998",
  chapter =      "",
  editor =       "Grzegorz Rozenberg and Frits W. Vaandrager",
  pages =        "368--394",
  doi =          "10.1007/3-540-65193-4_29",
  url =          "http://dx.doi.org/10.1007/3-540-65193-4_29",
  edition =      "",
  number =       "",
  type =         "",
  month =        "",
  note =         "",
}


@Book{Knuth97,
  author =       "Donald E. Knuth",
  title =        "The Art of Computer Programming, Vol. 1: Fundamental Algorithms (3rd. ed.)",
  publisher =    "Addison Wesley Longman Publishing Co., Inc.",
  year =         "1997",
  address =      "USA",
  edition =      "",
  editor =       "",
  volume =       "",
  number =       "",
  series =       "",
  month =        "",
  note =         "",
}


@Book{Knuth98,
  author =       "Donald E. Knuth",
  year =         "1998",
  title =        "The Art of Computer Programming",
  series =       "Fundamental Algorithms",
  volume =       "1",
  edition =      "3rd",
  address =      "",
  publisher =    "Addison Wesley Longman Publishing Co., Inc.",
  doi =          "",
  url =          "",
  editor =       "",
  number =       "",
  month =        "",
  note =         "(book)",
}

%Inbook{Knuth97,
%  author =       "Donald E. Knuth",
%  title =        "The Art of Computer Programming",
%  booktitle =    "the booktitle",
%  edition =      "3",
%  volume =       "1",
%  year =         "1997",
%  publisher =    "Addison Wesley Longman Publishing Co., Inc.",
%  editor =       "",
%  number =       "",
%  series =       "Fundamental Algorithms",
%  type =         "",
%  chapter =      "",
%  pages =        "",
%  address =      "",
%  month =        "",
%  note =         "(inbook)",
%}

%INBOOK{DK:73-inbook-full,
%   author = "Donald E. Knuth",
%   title = "Fundamental Algorithms (inbook w series)",
%   volume = 1,
%   series = "The Art of Computer Programming",
%   publisher = "Addison-Wesley",
%   address = "Reading, Massachusetts",
%   edition = "Second",
%   month = "10~" # jan,
%   year = "1973",
%   type = "Section",
%   chapter = "1.2",
%   pages = "10--119",
%   note = "Full INBOOK entry (w series)",
%}

%INcollection{DK:74-incoll,
%   author = "Donald E. Knuth",
%   title = "Fundamental Algorithms (incoll)",
%   volume = 1,
%   booktitle = "The Art of Computer Programming",
%   publisher = "Addison-Wesley",
%   address = "Reading, Massachusetts",
%   month = "10~" # jan,
%   year = "1974",
%   pages = "10--119",
%   editor = "Bernard Rous",
%   note = "This is a full incoll entry with an editor",
%}

%INcollection{DK:75-incollws,
%   author = "Donald E. Knuth",
%   title = "Fundamental Algorithms (incoll w series)",
%   volume = 1,
%   booktitle = "The Art of Computer Programming",
%   series = "The Art of Computer Programming",
%   publisher = "Addison-Wesley",
%   address = "Reading, Massachusetts",
%   month = "10~" # jan,
%   year = "1975",
%   pages = "10--119",
%   editor = "Bernard Rous",
%   note = "This is a full incoll entry with an editor and series",
%}


@incollection{GM05,
Author= "Dan Geiger and Christopher Meek",
Title= "Structured Variational Inference Procedures and their Realizations (as incol)",
Year= 2005,
Booktitle="Proceedings of Tenth International Workshop on Artificial Intelligence and Statistics, {\rm The Barbados}",
Publisher="The Society for Artificial Intelligence and Statistics",
Month= jan,
Editors= "Z. Ghahramani and R. Cowell"
}

@Inproceedings{Smith10,
  author =       "Stan W. Smith",
  title =        "An experiment in bibliographic mark-up: Parsing metadata for XML export",
  booktitle =    "Proceedings of the 3rd. annual workshop on Librarians and Computers",
  series =       "LAC '10",
  editor =       "Reginald N. Smythe and Alexander Noble",
  volume =       "3",
  year =         "2010",
  publisher =    "Paparazzi Press",
  address =      "Milan Italy",
  pages =        "422--431",
  doi =          "10.1038/nphys1170",
  url =          "https://dx.doi.org/10.1038/nphys1170",
  number =       "",
  month =        "",
  organization = "",
  note =         "",
}

@Inproceedings{VanGundy07,
  author =       "Matthew Van Gundy and Davide Balzarotti and Giovanni Vigna",
  year =         "2007",
  title =        "Catch me, if you can: Evading network signatures with web-based polymorphic worms",
  booktitle =    "Proceedings of the first USENIX workshop on Offensive Technologies",
  series =       "WOOT '07",
  publisher =    "USENIX Association",
  address =      "Berkley, CA",
  articleno =    "7",
  numpages =     "9",
  editor =       "",
  volume =       "",
  number =       "",
  pages =        "",
  month =        "",
  organization = "",
  note =         "",
}

@Inproceedings{VanGundy08,
  author =       "Matthew Van Gundy and Davide Balzarotti and Giovanni Vigna",
  year =         "2008",
  title =        "Catch me, if you can: Evading network signatures with web-based polymorphic worms",
  booktitle =    "Proceedings of the first USENIX workshop on Offensive Technologies",
  series =       "WOOT '08",
  publisher =    "USENIX Association",
  address =      "Berkley, CA",
  articleno =    "7",
  numpages =     "2",
  editor =       "",
  volume =       "",
  number =       "",
  pages =        "99-100",
  month =        "",
  organization = "",
  note =         "",
}

@Inproceedings{VanGundy09,
  author =       "Matthew Van Gundy and Davide Balzarotti and Giovanni Vigna",
  year =         "2009",
  title =        "Catch me, if you can: Evading network signatures with web-based polymorphic worms",
  booktitle =    "Proceedings of the first USENIX workshop on Offensive Technologies",
  series =       "WOOT '09",
  publisher =    "USENIX Association",
  address =      "Berkley, CA",
  articleno =    "",
  numpages =     "",
  editor =       "",
  volume =       "",
  number =       "",
  pages =        "90--100",
  month =        "",
  organization = "",
  note =         "",
}

@Inproceedings{Andler79,
  author =       "Sten Andler",
  title =        "Predicate Path expressions",
  booktitle =    "Proceedings of the 6th. ACM SIGACT-SIGPLAN symposium on Principles of Programming Languages",
  series =       "POPL '79",
  year =         "1979",
  publisher =    "ACM Press",
  address =      "New York, NY",
  pages =        "226--236",
  doi =          "10.1145/567752.567774",
  url =          "http://doi.acm.org/10.1145/567752.567774",
  editor =       "",
  volume =       "",
  number =       "",
  month =        "",
  organization = "",
  note =         "",
}

@Techreport{Harel78,
  author =       "David Harel",
  year =         "1978",
  title =        "LOGICS of Programs: AXIOMATICS and DESCRIPTIVE POWER",
  institution =  "Massachusetts Institute of Technology",
  type =         "MIT Research Lab Technical Report",
  number =       "TR-200",
  address =      "Cambridge, MA",
  month =        "",
  note =         "",
}

@MASTERSTHESIS{anisi03,
author = {David A. Anisi},
title = {Optimal Motion Control of a Ground Vehicle},
school = {Royal Institute of Technology (KTH), Stockholm, Sweden},
intitution = {FOI-R-0961-SE, Swedish Defence Research Agency (FOI)},
year = {2003},
}


@Phdthesis{Clarkson85,
  author =       "Kenneth L. Clarkson",
  year =         "1985",
  title =        "Algorithms for Closest-Point Problems (Computational Geometry)",
  school =       "Stanford University",
  address =      "Palo Alto, CA",
  note =         "UMI Order Number: AAT 8506171",
  type =         "",
  month =        "",
}


@online{Thornburg01,
  author =       "Harry Thornburg",
  year =         "2001",
  title =        "Introduction to Bayesian Statistics",
  url =          "http://ccrma.stanford.edu/~jos/bayes/bayes.html",
  organization = "Stanford University",
  month =        mar,
  lastaccessed = "March 2, 2005",
}


@online{Ablamowicz07,
  author =       "Rafal Ablamowicz and Bertfried Fauser",
  year =         "2007",
  title =        "CLIFFORD: a Maple 11 Package for Clifford Algebra Computations, version 11",
  url =          "http://math.tntech.edu/rafal/cliff11/index.html",
  lastaccessed = "February 28, 2008",
  organization = "Tennessee Technological University",
}


@misc{Poker06,
  author =       "Poker-Edge.Com",
  year =         "2006",
  month =        mar,
  title =        "Stats and Analysis",
  lastaccessed = "June 7, 2006",
  url =          "http://www.poker-edge.com/stats.php",
}

@misc{Obama08,
  author        = "Barack Obama",
  year          = "2008",
  title         = "A more perfect union",
  howpublished  = "Video",
  day           = "5",
  url           = "http://video.google.com/videoplay?docid=6528042696351994555",
  month         = mar,
  lastaccessed  = "March 21, 2008",
  note          =  "",
}

@misc{JoeScientist001,
  author =       "Joseph Scientist",
  year =         "2009",
  title =        "The fountain of youth",
  note =         "Patent No. 12345, Filed July 1st., 2008, Issued Aug. 9th., 2009",
  url =          "",
  howpublished = "",
  month =        aug,
  lastaccessed = "",
}


@Inproceedings{Novak03,
  author =       "Dave Novak",
  title =        "Solder man",
  booktitle =    "ACM SIGGRAPH 2003 Video Review on Animation theater Program: Part I - Vol. 145 (July 27--27, 2003)",
  year =         "2003",
  publisher =    "ACM Press",
  address =      "New York, NY",
  pages =        "4",
  month =        "March 21, 2008",
  doi =          "99.9999/woot07-S422",
  url =          "http://video.google.com/videoplay?docid=6528042696351994555",
  note =         "",
  howpublished = "Video",
  editor =       "",
  volume =       "",
  number =       "",
  series =       "",
  organization = "",
}


@article{Lee05,
  author =       "Newton Lee",
  year =         "2005",
  title =        "Interview with Bill Kinder: January 13, 2005",
  journal =      "Comput. Entertain.",
  eid =          "4",
  volume =       "3",
  number =       "1",
  month =        "Jan.-March",
  doi =          "10.1145/1057270.1057278",
  url =          "http://doi.acm.org/10.1145/1057270.1057278",
  howpublished = "Video",
  note =         "",
}

@article{Rous08,
  author =       "Bernard Rous",
  year =         "2008",
  title =        "The Enabling of Digital Libraries",
  journal =      "Digital Libraries",
  volume =       "12",
  number =       "3",
  month =        jul,
  articleno =    "5",
  doi =          "",
  url =          "",
  howpublished = "",
  note =         "To appear",
}


@misc{n-grams-data,
    year={2022},
    title={N-grams data},
    url={https://www.ngrams.info/download_coha.asp}
} 

@misc{appendix,
author={Lee, Junghun and Kim, Hyunju and Bu, Fanchen and Ko, Jihoon and Shin, Kijung},
year={2025},
title={DiffIM: Code and Datasets},
howpublished = "\url{https://github.com/junghunl/DiffIM}",
}



@article{estrada2018centralities,
  title={Centralities in simplicial complexes. Applications to protein interaction networks},
  author={Estrada, Ernesto and Ross, Grant J},
  journal={Journal of Theoretical Biology},
  volume={438},
  pages={46--60},
  year={2018},
  publisher={Elsevier}
}


@article{serrano2020simplicial,
  title={Simplicial degree in complex networks. Applications of topological data analysis to network science},
  author={Serrano, Daniel Hern{\'a}ndez and Hern{\'a}ndez-Serrano, Juan and G{\'o}mez, Dar{\'\i}o S{\'a}nchez},
  journal={Chaos, Solitons \& Fractals},
  volume={137},
  pages={109839},
  year={2020},
  publisher={Elsevier}
}

@inproceedings{sabottke2015vulnerability,
  title={Vulnerability disclosure in the age of social media: Exploiting twitter for predicting Real-World exploits},
  author={Sabottke, Carl and Suciu, Octavian and Dumitraș, Tudor},
  booktitle={USENIX Security},  
  year={2015}
}

@article{globalrisks2024,
  title={The Global Risks Report 2024 19th Edition},
  author={World Economic Forum},
  year={2024},  
  url={https://www.weforum.org/publications/global-risks-report-2024/}  
}


@article{yi2022edge,
  title={Edge deletion algorithms for minimizing spread in sir epidemic models},
  author={Yi, Yuhao and Shan, Liren and Par{\'e}, Philip E and Johansson, Karl Henrik},
  journal={SIAM Journal on Control and Optimization},
  volume={60},
  number={2},
  pages={S246--S273},
  year={2022},
  publisher={SIAM}
}

@article{iacopini2019simplicial,
  title={Simplicial models of social contagion},
  author={Iacopini, Iacopo and Petri, Giovanni and Barrat, Alain and Latora, Vito},
  journal={Nature Communications},
  volume={10},
  number={1},
  pages={1--9},
  year={2019},
  publisher={Nature Publishing Group}
}


@article{benson2018simplicial,
  title={Simplicial closure and higher-order link prediction},
  author={Benson, Austin R and Abebe, Rediet and Schaub, Michael T and Jadbabaie, Ali and Kleinberg, Jon},
  journal={Proceedings of the National Academy of Sciences},  
  volume={115},
  number={48},
  pages={E11221--E11230},
  year={2018},
  publisher={National Acad Sciences}
}

@inproceedings{preti2022fresco,
  title={FreSCo: Mining Frequent Patterns in Simplicial Complexes},
  author={Preti, Giulia and De Francisci Morales, Gianmarco and Bonchi, Francesco},
  booktitle={The Web Conf (WWW)},
  year={2022}
}

@article{prvzulj2004modeling,
  title={Modeling interactome: scale-free or geometric?},
  author={Pr{\v{z}}ulj, Natasa and Corneil, Derek G and Jurisica, Igor},
  journal={Bioinformatics},
  volume={20},
  number={18},
  pages={3508--3515},
  year={2004},
  publisher={Oxford University Press}
}

@article{torres2021and,
  title={The why, how, and when of representations for complex systems},
  author={Torres, Leo and Blevins, Ann S and Bassett, Danielle and Eliassi-Rad, Tina},
  journal={SIAM Review},
  volume={63},
  number={3},
  pages={435--485},
  year={2021},
  publisher={SIAM}
}

@article{petri2014homological,
  title={Homological scaffolds of brain functional networks},
  author={Petri, Giovanni and Expert, Paul and Turkheimer, Federico and Carhart-Harris, Robin and Nutt, David and Hellyer, Peter J and Vaccarino, Francesco},
  journal={Journal of the Royal Society Interface},
  volume={11},
  number={101},
  pages={20140873},
  year={2014},
  publisher={The Royal Society}
}

@article{charbey2018graphlet,
  title={Graphlet-based characterization of many ego networks},
  author={Charbey, Rapha{\"e}l and Prieur, Christophe},
  year={2018}
}

@article{lin2008network,
  title={Network motif \& triad significance profile analyses on software system},
  author={Lin, Zhang and GuanQun, Qian and Li, Zhang},
  journal={WSEAS Transactions on Computers},
  volume={7},
  number={6},
  pages={756--765},
  year={2008},
  publisher={Citeseer}
}

@article{lee2020hypergraph,
  title={Hypergraph Motifs: Concepts, Algorithms, and Discoveries},
  author={Lee, Geon and Ko, Jihoon and Shin, Kijung},
  journal={Proceedings of the VLDB Endowment},
  volume={13},
  number={11},
  pages={2256--2269},
  year={2020},
  publisher={ASSOC COMPUTING MACHINERY}
}

@article{marcus2012rage,
  title={Rage--a rapid graphlet enumerator for large networks},
  author={Marcus, Dror and Shavitt, Yuval},
  journal={Computer Networks},
  volume={56},
  number={2},
  pages={810--819},
  year={2012},
  publisher={Elsevier}
}

@article{wernicke2006fanmod,
  title={FANMOD: a tool for fast network motif detection},
  author={Wernicke, Sebastian and Rasche, Florian},
  journal={Bioinformatics},
  volume={22},
  number={9},
  pages={1152--1153},
  year={2006},
  publisher={Oxford University Press}
}

@article{hovcevar2014combinatorial,
  title={A combinatorial approach to graphlet counting},
  author={Ho{\v{c}}evar, Toma{\v{z}} and Dem{\v{s}}ar, Janez},
  journal={Bioinformatics},
  volume={30},
  number={4},
  pages={559--565},
  year={2014},
  publisher={Oxford University Press}
}

@inproceedings{ahmed2015efficient,
  title={Efficient graphlet counting for large networks},
  author={Ahmed, Nesreen K and Neville, Jennifer and Rossi, Ryan A and Duffield, Nick},
  booktitle={ICDM},
  year={2015}
}

@article{rahman2014graft,
  title={Graft: An efficient graphlet counting method for large graph analysis},
  author={Rahman, Mahmudur and Bhuiyan, Mansurul Alam and Al Hasan, Mohammad},
  journal={IEEE Transactions on Knowledge and Data Engineering},
  volume={26},
  number={10},
  pages={2466--2478},
  year={2014},
  publisher={IEEE}
}

@inproceedings{bhuiyan2012guise,
  title={Guise: Uniform sampling of graphlets for large graph analysis},
  author={Bhuiyan, Mansurul A and Rahman, Mahmudur and Rahman, Mahmuda and Al Hasan, Mohammad},
  booktitle={ICDM},
  year={2012}
}

@inproceedings{han2016waddling,
  title={Waddling random walk: Fast and accurate mining of motif statistics in large graphs},
  author={Han, Guyue and Sethu, Harish},
  booktitle={ICDM},
  year={2016}
}

@inproceedings{slota2013fast,
  title={Fast approximate subgraph counting and enumeration},
  author={Slota, George M and Madduri, Kamesh},
  booktitle={ICPP},
  year={2013}
}

@article{wang2014efficiently,
  title={Efficiently estimating motif statistics of large networks},
  author={Wang, Pinghui and Lui, John CS and Ribeiro, Bruno and Towsley, Don and Zhao, Junzhou and Guan, Xiaohong},
  journal={ACM Transactions on Knowledge Discovery from Data},
  volume={9},
  number={2},
  pages={1--27},
  year={2014},
  publisher={ACM New York, NY, USA}
}

@inproceedings{bressan2017counting,
  title={Counting graphlets: Space vs time},
  author={Bressan, Marco and Chierichetti, Flavio and Kumar, Ravi and Leucci, Stefano and Panconesi, Alessandro},
  booktitle={ICDM},
  year={2017}
}

@article{bressan2019motivo,
  title={Motivo: Fast Motif Counting via Succinct Color Coding and Adaptive Sampling},
  author={Bressan, Marco and Leucci, Stefano and Panconesi, Alessandro},
  journal={Proceedings of the VLDB Endowment},
  volume={12},
  number={11},
  pages={1651--1663},
  year={2019},
  publisher={ACM}
}

@article{alon1995color,
  title={Color-coding},
  author={Alon, Noga and Yuster, Raphael and Zwick, Uri},
  journal={Journal of the ACM},
  volume={42},
  number={4},
  pages={844--856},
  year={1995},
  publisher={ACM New York, NY, USA}
}

@article{milo2004superfamilies,
  title={Superfamilies of evolved and designed networks},
  author={Milo, Ron and Itzkovitz, Shalev and Kashtan, Nadav and Levitt, Reuven and Shen-Orr, Shai and Ayzenshtat, Inbal and Sheffer, Michal and Alon, Uri},
  journal={Science},
  volume={303},
  number={5663},
  pages={1538--1542},
  year={2004},
  publisher={American Association for the Advancement of Science}
}

@article{street1987algebra,
  title={The algebra of oriented simplexes},
  author={Street, Ross},
  journal={Journal of Pure and Applied Algebra},
  volume={49},
  number={3},
  pages={283--335},
  year={1987},
  publisher={Elsevier}
}

@article{milnor1957geometric,
  title={The geometric realization of a semi-simplicial complex},
  author={Milnor, John},
  journal={Annals of Mathematics},
  pages={357--362},
  year={1957},
  publisher={JSTOR}
}

@book{jonsson2007simplicial,
  title={Simplicial complexes of graphs},
  author={Jonsson, Jakob},
  year={2007},
  publisher={Springer Science \& Business Media}
}

@article{bressan2018motif,
  title={Motif counting beyond five nodes},
  author={Bressan, Marco and Chierichetti, Flavio and Kumar, Ravi and Leucci, Stefano and Panconesi, Alessandro},
  journal={ACM Transactions on Knowledge Discovery from Data},
  volume={12},
  number={4},
  pages={1--25},
  year={2018},
  publisher={ACM New York, NY, USA}
}

@article{mckay1998isomorph,
  title={Isomorph-free exhaustive generation},
  author={McKay, Brendan D},
  journal={Journal of Algorithms},
  volume={26},
  number={2},
  pages={306--324},
  year={1998},
  publisher={Elsevier}
}

@article{jerrum2015parameterised,
  title={The parameterised complexity of counting connected subgraphs and graph motifs},
  author={Jerrum, Mark and Meeks, Kitty},
  journal={Journal of Computer and System Sciences},
  volume={81},
  number={4},
  pages={702--716},
  year={2015},
  publisher={Elsevier}
}

@article{schaub2021signal,
  title={Signal processing on higher-order networks: Livin’on the edge... and beyond},
  author={Schaub, Michael T and Zhu, Yu and Seby, Jean-Baptiste and Roddenberry, T Mitchell and Segarra, Santiago},
  journal={Signal Processing},
  volume={187},
  pages={108149},
  year={2021},
  publisher={Elsevier}
}

@article{ribeiro2021survey,
  title={A survey on subgraph counting: concepts, algorithms, and applications to network motifs and graphlets},
  author={Ribeiro, Pedro and Paredes, Pedro and Silva, Miguel EP and Aparicio, David and Silva, Fernando},
  journal={ACM Computing Surveys},
  volume={54},
  number={2},
  pages={1--36},
  year={2021},
  publisher={ACM New York, NY, USA}
}

@inproceedings{soufiani2012graphlet,
  title={Graphlet decomposition of a weighted network},
  author={Soufiani, Hossein Azari and Airoldi, Edo},
  booktitle={AISTATS},  
  year={2012},
}

@article{zien1999multilevel,
  title={Multilevel spectral hypergraph partitioning with arbitrary vertex sizes},
  author={Zien, Jason Y and Schlag, Martine DF and Chan, Pak K},
  journal={IEEE Transactions on computer-aided design of integrated circuits and systems},
  volume={18},
  number={9},
  pages={1389--1399},
  year={1999},
  publisher={IEEE}
}

@article{stefani2017triest,
  title={Triest: Counting local and global triangles in fully dynamic streams with fixed memory size},
  author={Stefani, Lorenzo De and Epasto, Alessandro and Riondato, Matteo and Upfal, Eli},
  journal={ACM Transactions on Knowledge Discovery from Data},
  volume={11},
  number={4},
  pages={1--50},
  year={2017},
  publisher={ACM New York, NY, USA}
}

@inproceedings{sinha2015overview,
  title={An overview of microsoft academic service (mas) and applications},
  author={Sinha, Arnab and Shen, Zhihong and Song, Yang and Ma, Hao and Eide, Darrin and Hsu, Bo-June and Wang, Kuansan},
  booktitle={The Web Conf (WWW)},
  year={2015}
}

@article{fowler2006connecting,
  title={Connecting the Congress: A study of cosponsorship networks},
  author={Fowler, James H},
  journal={Political Analysis},
  volume={14},
  number={4},
  pages={456--487},
  year={2006},
  publisher={Cambridge University Press}
}

@article{fowler2006legislative,
  title={Legislative cosponsorship networks in the US House and Senate},
  author={Fowler, James H},
  journal={Social Networks},
  volume={28},
  number={4},
  pages={454--465},
  year={2006},
  publisher={Elsevier}
}

@article{mastrandrea2015contact,
  title={Contact patterns in a high school: a comparison between data collected using wearable sensors, contact diaries and friendship surveys},
  author={Mastrandrea, Rossana and Fournet, Julie and Barrat, Alain},
  journal={PloS one},
  volume={10},
  number={9},
  pages={e0136497},
  year={2015},
  publisher={Public Library of Science San Francisco, CA USA}
}

@article{stehle2011high,
  title={High-resolution measurements of face-to-face contact patterns in a primary school},
  author={Stehl{\'e}, Juliette and Voirin, Nicolas and Barrat, Alain and Cattuto, Ciro and Isella, Lorenzo and Pinton, Jean-Fran{\c{c}}ois and Quaggiotto, Marco and Van den Broeck, Wouter and R{\'e}gis, Corinne and Lina, Bruno and others},
  journal={PloS one},
  volume={6},
  number={8},
  pages={e23176},
  year={2011},
  publisher={Public Library of Science San Francisco, USA}
}

@inproceedings{yin2017local,
  title={Local higher-order graph clustering},
  author={Yin, Hao and Benson, Austin R and Leskovec, Jure and Gleich, David F},
  booktitle={KDD},
  year={2017}
}

@article{leskovec2007graph,
  title={Graph evolution: Densification and shrinking diameters},
  author={Leskovec, Jure and Kleinberg, Jon and Faloutsos, Christos},
  journal={ACM Transactions on Knowledge Discovery from Data},
  volume={1},
  number={1},
  pages={2--es},
  year={2007},
  publisher={ACM New York, NY, USA}
}

@article{lung2018hypergraph,
  title={A hypergraph model for representing scientific output},
  author={Lung, Rodica Ioana and Gask{\'o}, No{\'e}mi and Suciu, Mihai Alexandru},
  journal={Scientometrics},
  volume={117},
  number={3},
  pages={1361--1379},
  year={2018},
  publisher={Springer}
}

@article{lotito2022higher,
  title={Higher-order motif analysis in hypergraphs},
  author={Lotito, Quintino Francesco and Musciotto, Federico and Montresor, Alberto and Battiston, Federico},
  journal={Communications Physics},
  volume={5},
  number={1},
  pages={1--8},
  year={2022},
  publisher={Nature Publishing Group}
}

@inproceedings{pinar2017escape,
  title={Escape: Efficiently counting all 5-vertex subgraphs},
  author={Pinar, Ali and Seshadhri, C and Vishal, Vaidyanathan},
  booktitle={The Web Conf (WWW)},
  year={2017}
}

@article{zhang2010hypergraph,
  title={A hypergraph model of social tagging networks},
  author={Zhang, Zi-Ke and Liu, Chuang},
  journal={Journal of Statistical Mechanics: Theory and Experiment},
  volume={2010},
  number={10},
  pages={P10005},
  year={2010},
  publisher={IOP Publishing}
}

@article{borndorfer2012hypergraph,
  title={A hypergraph model for railway vehicle rotation planning},
  author={Bornd{\"o}rfer, Ralf and Reuther, Markus and Schlechte, Thomas and Weider, Steffen},
  booktitle={ATMOS},
  year={2012}
}

@book{chein2008graph,
  title={Graph-based knowledge representation: computational foundations of conceptual graphs},
  author={Chein, Michel and Mugnier, Marie-Laure},
  year={2008},
  publisher={Springer}
}

@article{blanco2012graph,
  title={Graph-based term weighting for information retrieval},
  author={Roi Blanco and Christina Lioma},
  journal={Information Retrieval},
  year={2012},
  volume={15},
  pages={54-92}
}

@book{mihalcea2011graph,
  title={Graph-based natural language processing and information retrieval},
  author={Mihalcea, Rada and Radev, Dragomir},
  year={2011},
  publisher={Cambridge university press}
}

@inproceedings{silva2010graph,
  title={A graph-based friend recommendation system using genetic algorithm},
  author={Silva, Nitai B and Tsang, Ren and Cavalcanti, George DC and Tsang, Jyh},
  booktitle={CEC},
  year={2010},
}

@inproceedings{debnath2008feature,
  title={Feature weighting in content based recommendation system using social network analysis},
  author={Debnath, Souvik and Ganguly, Niloy and Mitra, Pabitra},
  booktitle={The Web Conf (WWW)},
  year={2008}
}

@incollection{cheng2014mining,
  title={Mining graph patterns},
  author={Cheng, Hong and Yan, Xifeng and Han, Jiawei},
  booktitle={Frequent pattern mining},
  pages={307--338},
  year={2014},
  publisher={Springer}
}

@article{knobbe2008local,
  title={From local patterns to global models: the LeGo approach to data mining},
  author={Knobbe, Arno and Cr{\'e}milleux, Bruno and F{\"u}rnkranz, Johannes and Scholz, Martin},
  journal={LeGo},
  volume={8},
  pages={1--16},
  year={2008},
  publisher={Citeseer}
}

@article{milo2002network,
  title={Network motifs: simple building blocks of complex networks},
  author={Milo, Ron and Shen-Orr, Shai and Itzkovitz, Shalev and Kashtan, Nadav and Chklovskii, Dmitri and Alon, Uri},
  journal={Science},
  volume={298},
  number={5594},
  pages={824--827},
  year={2002},
  publisher={American Association for the Advancement of Science}
}

@inproceedings{shervashidze2009efficient,
  title={Efficient graphlet kernels for large graph comparison},
  author={Shervashidze, Nino and Vishwanathan, SVN and Petri, Tobias and Mehlhorn, Kurt and Borgwardt, Karsten},
  booktitle={AISTATS},
  year={2009}
}

@inproceedings{harshaw2016graphprints,
  title={Graphprints: Towards a graph analytic method for network anomaly detection},
  author={Harshaw, Christopher R and Bridges, Robert A and Iannacone, Michael D and Reed, Joel W and Goodall, John R},
  booktitle={CISRC},
  year={2016}
}

@article{zhu2021community,
  title={Community Detection in Graph: An Embedding Method},
  author={Zhu, Junyou and Wang, Chunyu and Gao, Chao and Zhang, Fan and Wang, Zhen and Li, Xuelong},
  journal={IEEE Transactions on Network Science and Engineering},
  volume={9},
  number={2},
  pages={689--702},
  year={2021},
  publisher={IEEE}
}

@article{wang2020social,
  title={A social communication model based on simplicial complexes},
  author={Wang, Dong and Zhao, Yi and Leng, Hui and Small, Michael},
  journal={Physics Letters A},
  volume={384},
  number={35},
  pages={126895},
  year={2020},
  publisher={Elsevier}
}

@article{salnikov2018simplicial,
  title={Simplicial complexes and complex systems},
  author={Salnikov, Vsevolod and Cassese, Daniele and Lambiotte, Renaud},
  journal={European Journal of Physics},
  volume={40},
  number={1},
  pages={014001},
  year={2018},
  publisher={IOP Publishing}
}

@article{li2021contagion,
  title={Contagion in simplicial complexes},
  author={Li, Zhaoqing and Deng, Zhenghong and Han, Zhen and Alfaro-Bittner, Karin and Barzel, Baruch and Boccaletti, Stefano},
  journal={Chaos, Solitons \& Fractals},
  volume={152},
  pages={111307},
  year={2021},
  publisher={Elsevier}
}

@book{bianconi2021higher,
  title={Higher-order networks},
  author={Bianconi, Ginestra},
  year={2021},
  publisher={Cambridge University Press}
}

@article{schaub2020random,
  title={Random walks on simplicial complexes and the normalized Hodge 1-Laplacian},
  author={Schaub, Michael T and Benson, Austin R and Horn, Paul and Lippner, Gabor and Jadbabaie, Ali},
  journal={SIAM Review},
  volume={62},
  number={2},
  pages={353--391},
  year={2020},
  publisher={SIAM}
}

@article{barbarossa2020topological,
  title={Topological signal processing over simplicial complexes},
  author={Barbarossa, Sergio and Sardellitti, Stefania},
  journal={IEEE Transactions on Signal Processing},
  volume={68},
  pages={2992--3007},
  year={2020},
  publisher={IEEE}
}

@article{prvzulj2007biological,
  title={Biological network comparison using graphlet degree distribution},
  author={Pr{\v{z}}ulj, Nata{\v{s}}a},
  journal={Bioinformatics},
  volume={23},
  number={2},
  pages={e177--e183},
  year={2007},
  publisher={Oxford University Press}
}

@article{milenkovic2010optimal,
  title={Optimal network alignment with graphlet degree vectors},
  author={Milenkovi{\'c}, Tijana and Ng, Weng Leong and Hayes, Wayne and Pr{\v{z}}ulj, Nata{\v{s}}a},
  journal={Cancer informatics},
  volume={9},
  pages={CIN--S4744},
  year={2010},
  publisher={SAGE Publications Sage UK: London, England}
}

@article{tomita2006worst,
  title={The worst-case time complexity for generating all maximal cliques and computational experiments},
  author={Tomita, Etsuji and Tanaka, Akira and Takahashi, Haruhisa},
  journal={Theoretical Computer Science},
  volume={363},
  number={1},
  pages={28--42},
  year={2006},
}

@book{Vogel1987ComputationalMF,
  title={Computational Methods for Inverse Problems},
  author={Curtis R. Vogel},
  year={2002},
  publisher = {Society for Industrial and Applied Mathematics},
}

@techreport{arthur2006k,
  title={k-means++: The advantages of careful seeding},
  author={Arthur, David and Vassilvitskii, Sergei},
  year={2006},
  institution={Stanford}
}

@inproceedings{yellin1992algorithms,
  title={Algorithms for subset testing and finding maximal sets},
  author={Yellin, Daniel M},
  booktitle={SODA},
  year={1992}
}

@article{gabow1978finding,
  title={Finding all spanning trees of directed and undirected graphs},
  author={Gabow, Harold N and Myers, Eugene W},
  journal={SIAM Journal on Computing},
  volume={7},
  number={3},
  pages={280--287},
  year={1978},
  publisher={SIAM}
}

@article{wang2017moss,
  title={MOSS-5: A fast method of approximating counts of 5-node graphlets in large graphs},
  author={Wang, Pinghui and Zhao, Junzhou and Zhang, Xiangliang and Li, Zhenguo and Cheng, Jiefeng and Lui, John CS and Towsley, Don and Tao, Jing and Guan, Xiaohong},
  journal={IEEE Transactions on Knowledge and Data Engineering},
  volume={30},
  number={1},
  pages={73--86},
  year={2017},
  publisher={IEEE}
}

@book{tutte2001graph,
  title={Graph theory},
  author={Tutte, William Thomas and Tutte, William Thomas},
  volume={21},
  year={2001},
  publisher={Cambridge university press}
}

@article{yan2019rumor,
  title={Rumor blocking through online link deletion on social networks},
  author={Yan, Ruidong and Li, Yi and Wu, Weili and Li, Deying and Wang, Yongcai},
  journal={ACM Transactions on Knowledge Discovery from Data},
  volume={13},
  number={2},
  pages={1--26},
  year={2019},
  publisher={ACM New York, NY, USA}
}

@article{kimura2009blocking,
  title={Blocking links to minimize contamination spread in a social network},
  author={Kimura, Masahiro and Saito, Kazumi and Motoda, Hiroshi},
  journal={ACM Transactions on Knowledge Discovery from Data},
  volume={3},
  number={2},
  pages={1--23},
  year={2009},
  publisher={ACM New York, NY, USA}
}

@inproceedings{tong2012gelling,
  title={Gelling, and melting, large graphs by edge manipulation},
  author={Tong, Hanghang and Prakash, B Aditya and Eliassi-Rad, Tina and Faloutsos, Michalis and Faloutsos, Christos},
  booktitle={CIKM},
  year={2012}
}

@inproceedings{khalil2014scalable,
  title={Scalable diffusion-aware optimization of network topology},
  author={Khalil, Elias Boutros and Dilkina, Bistra and Song, Le},
  booktitle={KDD},
  year={2014}
}

@inproceedings{kipf2016semi,
  title={Semi-supervised classification with graph convolutional networks},
  author={Kipf, Thomas N and Welling, Max},
  booktitle={ICLR},
  year={2017}
}

@inproceedings{ko2020monstor,
  title={Monstor: an inductive approach for estimating and maximizing influence over unseen networks},
  author={Ko, Jihoon and Lee, Kyuhan and Shin, Kijung and Park, Noseong},
  booktitle={ASONAM},
  year={2020}
}

@article{li2018influence,
  title={Influence maximization on social graphs: A survey},
  author={Li, Yuchen and Fan, Ju and Wang, Yanhao and Tan, Kian-Lee},
  journal={IEEE Transactions on Knowledge and Data Engineering},
  volume={30},
  number={10},
  pages={1852--1872},
  year={2018},
  publisher={IEEE}
}

@inproceedings{budak2011limiting,
  title={Limiting the spread of misinformation in social networks},
  author={Budak, Ceren and Agrawal, Divyakant and El Abbadi, Amr},
  booktitle={WWW},
  year={2011}
}

@inproceedings{he2012influence,
  title={Influence blocking maximization in social networks under the competitive linear threshold model},
  author={He, Xinran and Song, Guojie and Chen, Wei and Jiang, Qingye},
  booktitle={SDM},
  year={2012}
}

@article{vinterbo2002note,
  title={A note on the hardness of the k-ambiguity problem},
  author={Vinterbo, Staal A},
  journal={Technical Report},
  year={2002}
}

@article{zhu2021misinformation,
  title={Misinformation influence minimization problem based on group disbanded in social networks},
  author={Zhu, Jianming and Ni, Peikun and Wang, Guoqing and Li, Yuan},
  journal={Information Sciences},
  volume={572},
  pages={1--15},
  year={2021},
  publisher={Elsevier}
}

@inproceedings{luo2014time,
  title={Time critical disinformation influence minimization in online social networks},
  author={Luo, Chuan and Cui, Kainan and Zheng, Xiaolong and Zeng, Daniel},
  booktitle={JISIC},
  year={2014}
}

@inproceedings{hosni2019darim,
  title={DARIM: Dynamic approach for rumor influence minimization in online social networks},
  author={Hosni, Adil Imad Eddine and Li, Kan and Ahmad, Sadique},
  booktitle={NeurIPS},
  year={2019},
}

@article{ni2023misinformation,
  title={Misinformation influence minimization by entity protection on multi-social networks},
  author={Ni, Peikun and Zhu, Jianming and Wang, Guoqing},
  journal={Applied Intelligence},
  volume={53},
  number={6},
  pages={6401--6420},
  year={2023},
  publisher={Springer}
}

@inproceedings{chang2016guarantee,
  title={On the guarantee of containment probability in influence minimization},
  author={Chang, Chien-Wei and Yeh, Mi-Yen and Chuang, Kun-Ta},
  booktitle={ASONAM},
  year={2016}
}


@inproceedings{zhu2016minimum,
  title={Minimum cost seed set for competitive social influence},
  author={Zhu, Yuqing and Li, Deying and Zhang, Zhao},
  booktitle={INFOCOM},
  year={2016},
}

@inproceedings{fan2013least,
  title={Least cost rumor blocking in social networks},
  author={Fan, Lidan and Lu, Zaixin and Wu, Weili and Thuraisingham, Bhavani and Ma, Huan and Bi, Yuanjun},
  booktitle={ICDCS},
  year={2013}
}

@inproceedings{tong2019beyond,
  title={Beyond uniform reverse sampling: A hybrid sampling technique for misinformation prevention},
  author={Tong, Guangmo Amo and Du, Ding-Zhu},
  booktitle={INFOCOM},
  year={2019}
}

@inproceedings{wang2013negative,
  title={Negative influence minimizing by blocking nodes in social networks},
  author={Wang, Senzhang and Zhao, Xiaojian and Chen, Yan and Li, Zhoujun and Zhang, Kai and Xia, Jiali},
  booktitle={AAAI Workshops},
  year={2013}
}

@inproceedings{zheng2018least,
  title={Least cost rumor community blocking optimization in social networks},
  author={Zheng, Jianguo and Pan, Li},
  booktitle={SSIC},
  year={2018}
}

@inproceedings{yao2015minimizing,
  title={Minimizing the negative influence by blocking links in social networks},
  author={Yao, Qipeng and Zhou, Chuan and Xiang, Linbo and Cao, Yanan and Guo, Li},
  booktitle={ISCTCS},  
  year={2014},  
}

@inproceedings{ying2019gnnexplainer,
  title={Gnnexplainer: Generating explanations for graph neural networks},
  author={Ying, Zhitao and Bourgeois, Dylan and You, Jiaxuan and Zitnik, Marinka and Leskovec, Jure},
  booktitle={NeurIPS},  
  year={2019},  
}


@article{simonyan2013deep,
  title={Deep inside convolutional networks: Visualising image classification models and saliency maps},
  author={Simonyan, Karen and Vedaldi, Andrea and Zisserman, Andrew},
  journal={arXiv:1312.6034},
  year={2013}
}

@article{zareie2022rumour,
  title={Rumour spread minimization in social networks: A source-ignorant approach},
  author={Zareie, Ahmad and Sakellariou, Rizos},
  journal={Online Social Networks and Media},
  volume={29},
  pages={100206},
  year={2022},
  publisher={Elsevier}
}

@inproceedings{yadav2016using,
  title={Using Social Networks to Aid Homeless Shelters: Dynamic Influence Maximization under Uncertainty.},
  author={Yadav, Amulya and Chan, Hau and Jiang, Albert Xin and Xu, Haifeng and Rice, Eric and Tambe, Milind},
  booktitle={AAMAS},  
  year={2016}
}

@article{wilder2017controlling,
  title={Controlling elections through social influence},
  author={Wilder, Bryan and Vorobeychik, Yevgeniy},
  journal={arXiv:1711.08615},
  year={2017}
}

@article{morone2004knowledge,
  title={Knowledge diffusion dynamics and network properties of face-to-face interactions},
  author={Morone, Piergiuseppe and Taylor, Richard},
  journal={Journal of evolutionary economics},
  volume={14},
  pages={327--351},
  year={2004},
  publisher={Springer}
}

@article{liao2007learning,
  title={Learning and inferring transportation routines},
  author={Liao, Lin and Patterson, Donald J and Fox, Dieter and Kautz, Henry},
  journal={Artificial intelligence},
  volume={171},
  number={5-6},
  pages={311--331},
  year={2007},
  publisher={Elsevier}
}

@article{borgatti2010social,
  title={Social network theory and analysis},
  author={Borgatti, Stephen P and Ofem, Brandon},
  journal={Social network theory and educational change},
  volume={17},
  pages={29},
  year={2010}
}

@inproceedings{di2015bitconeview,
  title={Bitconeview: visualization of flows in the bitcoin transaction graph},
  author={Di Battista, Giuseppe and Di Donato, Valentino and Patrignani, Maurizio and Pizzonia, Maurizio and Roselli, Vincenzo and Tamassia, Roberto},
  booktitle={VizSec},  
  year={2015},  
}

@inproceedings{kempe2005influential,
  title={Influential nodes in a diffusion model for social networks},
  author={Kempe, David and Kleinberg, Jon and Tardos, {\'E}va},
  booktitle={ICALP},  
  year={2005},  
}

@article{wang2020efficient,
  title={Efficient targeted influence minimization in big social networks},
  author={Wang, Xinjue and Deng, Ke and Li, Jianxin and Yu, Jeffery Xu and Jensen, Christian S and Yang, Xiaochun},
  journal={World Wide Web},
  volume={23},
  number={4},
  pages={2323--2340},
  year={2020},
  publisher={Springer}
}

@inproceedings{kempe2003maximizing,
  title={Maximizing the spread of influence through a social network},
  author={Kempe, David and Kleinberg, Jon and Tardos, {\'E}va},
  booktitle={KDD},
  year={2003}
}

@article{lovasz1975ratio,
  title={On the ratio of optimal integral and fractional covers},
  author={Lov{\'a}sz, L{\'a}szl{\'o}},
  journal={Discrete mathematics},
  volume={13},
  number={4},
  pages={383--390},
  year={1975},
  publisher={Elsevier}
}

@article{werner2007linear,
  title={A linear programming approach to max-sum problem: A review},
  author={Werner, Tomas},
  journal={IEEE Transactions on Pattern Analysis and Machine Intelligence},
  volume={29},
  number={7},
  pages={1165--1179},
  year={2007},
  publisher={IEEE}
}

@inproceedings{de2007linear,
  title={Linear programming relaxations of maxcut},
  author={de la Vega, Wenceslas Fernandez and Kenyon-Mathieu, Claire},
  booktitle={SODA},  
  year={2007},
}

@inproceedings{wilder2019melding,
  title={Melding the data-decisions pipeline: Decision-focused learning for combinatorial optimization},
  author={Wilder, Bryan and Dilkina, Bistra and Tambe, Milind},
  booktitle={AAAI},  
  year={2019}
}

@inproceedings{mandi2020smart,
  title={Smart predict-and-optimize for hard combinatorial optimization problems},
  author={Mandi, Jayanta and Stuckey, Peter J and Guns, Tias and others},
  booktitle={AAAI},  
  year={2020}
}

@inproceedings{ferber2020mipaal,
  title={Mipaal: Mixed integer program as a layer},
  author={Ferber, Aaron and Wilder, Bryan and Dilkina, Bistra and Tambe, Milind},
  booktitle={AAAI},
  year={2020}
}

@inproceedings{chen2010scalable,
  title={Scalable influence maximization for prevalent viral marketing in large-scale social networks},
  author={Chen, Wei and Wang, Chi and Wang, Yajun},
  booktitle={KDD},  
  year={2010}
}

@inproceedings{jin2013epidemiological,
  title={Epidemiological modeling of news and rumors on twitter},
  author={Jin, Fang and Dougherty, Edward and Saraf, Parang and Cao, Yang and Ramakrishnan, Naren},
  booktitle={SNA-KDD},  
  year={2013}
}

@article{platto2021history,
  title={History of the COVID-19 pandemic: Origin, explosion, worldwide spreading},
  author={Platto, Sara and Wang, Yanqing and Zhou, Jinfeng and Carafoli, Ernesto},
  journal={Biochemical and biophysical research communications},
  volume={538},
  pages={14--23},
  year={2021},
  publisher={Elsevier}
}

@article{scott2011social,
  title={Social network analysis: developments, advances, and prospects},
  author={Scott, John},
  journal={Social network analysis and mining},
  volume={1},
  pages={21--26},
  year={2011},
  publisher={Springer}
}

@article{liu2017social,
  title={Social network theory},
  author={Liu, Wenlin and Sidhu, Anupreet and Beacom, Amanda M and Valente, Thomas W},
  journal={The international encyclopedia of media effects},
  pages={1--12},
  year={2017},
  publisher={John Wiley \& Sons, Inc. Hoboken, NJ, USA}
}

@inproceedings{nr,
     title={The Network Data Repository with Interactive Graph Analytics and Visualization},
     author={Ryan A. Rossi and Nesreen K. Ahmed},
     booktitle={AAAI},     
     year={2015}
}
@inproceedings{leskovec2010signed,
     title={Signed networks in social media},
     author={Leskovec, Jure and Huttenlocher, Daniel and Kleinberg, Jon},
     booktitle={CHI},
     year={2010}
}

@inproceedings{xu2015scalable,
  title={Scalable rumor source detection under independent cascade model in online social networks},
  author={Xu, Wen and Chen, He},
  booktitle={MSN},
  year={2015}
}

@inproceedings{tripathy2010study,
  title={A study of rumor control strategies on social networks},
  author={Tripathy, Rudra M and Bagchi, Amitabha and Mehta, Sameep},
  booktitle={CIKM},
  year={2010}
}

@article{shelke2019source,
  title={Source detection of rumor in social network--a review},
  author={Shelke, Sushila and Attar, Vahida},
  journal={Online Social Networks and Media},
  volume={9},
  pages={30--42},
  year={2019},
  publisher={Elsevier}
}

@inproceedings{saito2008prediction,
  title={Prediction of information diffusion probabilities for independent cascade model},
  author={Saito, Kazumi and Nakano, Ryohei and Kimura, Masahiro},
  booktitle={KES},
  year={2008}
}

@article{chen2020time,
  title={A time-dependent SIR model for COVID-19 with undetectable infected persons},
  author={Chen, Yi-Cheng and Lu, Ping-En and Chang, Cheng-Shang and Liu, Tzu-Hsuan},
  journal={IEEE Transactions on Network Science and Engineering},
  volume={7},
  number={4},
  pages={3279--3294},
  year={2020},
  publisher={IEEE}
}

@inproceedings{borgs2014maximizing,
  title={Maximizing social influence in nearly optimal time},
  author={Borgs, Christian and Brautbar, Michael and Chayes, Jennifer and Lucier, Brendan},
  booktitle={SODA},
  year={2014}
}

@article{mahankali2023one,
  title={One step of gradient descent is provably the optimal in-context learner with one layer of linear self-attention},
  author={Mahankali, Arvind and Hashimoto, Tatsunori B and Ma, Tengyu},
  journal={arXiv:2307.03576},
  year={2023}
}

@inproceedings{narasimhan2015learnability,
  title={Learnability of influence in networks},
  author={Narasimhan, Harikrishna and Parkes, David C and Singer, Yaron},
  booktitle={NeurIPS},  
  year={2015}
}

@techreport{page1998pagerank,
  title={The pagerank citation ranking: Bring order to the web},
  author={Page, Lawrence and Brin, Sergey and Motwani, Rajeev and Winograd, Terry},
  year={1998},
  institution={Stanford University}
}

@article{schneider2011suppressing,
  title={Suppressing epidemics with a limited amount of immunization units},
  author={Schneider, Christian M and Mihaljev, Tamara and Havlin, Shlomo and Herrmann, Hans J},
  journal={Physical Review E},
  volume={84},
  number={6},
  pages={061911},
  year={2011},
  publisher={APS}
}

@article{scarselli2008graph,
  title={The graph neural network model},
  author={Scarselli, Franco and Gori, Marco and Tsoi, Ah Chung and Hagenbuchner, Markus and Monfardini, Gabriele},
  journal={IEEE Transactions on Neural Networks},
  volume={20},
  number={1},
  pages={61--80},
  year={2008},
  publisher={IEEE}
}

@inproceedings{zhu2021interpreting,
  title={Interpreting and unifying graph neural networks with an optimization framework},
  author={Zhu, Meiqi and Wang, Xiao and Shi, Chuan and Ji, Houye and Cui, Peng},
  booktitle={WWW},  
  year={2021}
}

@inproceedings{optuna_2019,
    title={Optuna: A Next-generation Hyperparameter Optimization Framework},
    author={Akiba, Takuya and Sano, Shotaro and Yanase, Toshihiko and Ohta, Takeru and Koyama, Masanori},
    booktitle={KDD},
    year={2019}
}

@inproceedings{ohsaka2014fast,
  title={Fast and accurate influence maximization on large networks with pruned monte-carlo simulations},
  author={Ohsaka, Naoto and Akiba, Takuya and Yoshida, Yuichi and Kawarabayashi, Ken-ichi},
  booktitle={AAAI},  
  year={2014}
}

@article{zhou2015upper,
  title={On the upper bounds of spread for greedy algorithms in social network influence maximization},
  author={Zhou, Chuan and Zhang, Peng and Zang, Wenyu and Guo, Li},
  journal={IEEE Transactions on Knowledge and Data Engineering},
  volume={27},
  number={10},
  pages={2770--2783},
  year={2015},
  publisher={IEEE}
}

@inproceedings{zhou2013ublf,
  title={Ublf: An upper bound based approach to discover influential nodes in social networks},
  author={Zhou, Chuan and Zhang, Peng and Guo, Jing and Zhu, Xingquan and Guo, Li},
  booktitle={ICDM},  
  year={2013},
}

@article{yang2019influence,
  title={Influence maximization in independent cascade networks based on activation probability computation},
  author={Yang, Wenjing and Brenner, Leonardo and Giua, Alessandro},
  journal={IEEE Access},
  volume={7},
  pages={13745--13757},
  year={2019},
  publisher={IEEE}
}

@inproceedings{lee2014fast,
  title={A fast approximation for influence maximization in large social networks},
  author={Lee, Jong-Ryul and Chung, Chin-Wan},
  booktitle={WWW},  
  year={2014}
}

@inproceedings{chiang2019cluster,
  title={Cluster-gcn: An efficient algorithm for training deep and large graph convolutional networks},
  author={Chiang, Wei-Lin and Liu, Xuanqing and Si, Si and Li, Yang and Bengio, Samy and Hsieh, Cho-Jui},
  booktitle={KDD},  
  year={2019}
}


@techreport{blakely2021time,
title={Time and space complexity of graph convolutional networks},
author={Blakely, Derrick and Lanchantin, Jack and Qi, Yanjun},
year={2021},
institution =  "University of Virginia"
}

@inproceedings{he2021rumor,
  title={Rumor detection on social media with event augmentations},
  author={He, Zhenyu and Li, Ce and Zhou, Fan and Yang, Yi},
  booktitle={SIGIR},  
  year={2021}
}

@article{alkhodair2020detecting,
  title={Detecting breaking news rumors of emerging topics in social media},
  author={Alkhodair, Sarah A and Ding, Steven HH and Fung, Benjamin CM and Liu, Junqiang},
  journal={Information Processing \& Management},
  volume={57},
  number={2},
  pages={102018},
  year={2020},
  publisher={Elsevier}
}

@article{fey2019fast,
  title={Fast graph representation learning with PyTorch Geometric},
  author={Fey, Matthias and Lenssen, Jan Eric},
  journal={arXiv:1903.02428},
  year={2019}
}

@article{kingma2014adam,
  title={Adam: A method for stochastic optimization},
  author={Kingma, Diederik P and Ba, Jimmy},
  journal={arXiv:1412.6980},
  year={2014}
}

@article{xie2023minimizing,
  title={Minimizing the Influence of Misinformation via Vertex Blocking},
  author={Xie, Jiadong and Zhang, Fan and Wang, Kai and Lin, Xuemin and Zhang, Wenjie},
  journal={arXiv:2302.13529},
  year={2023}
}

@inproceedings{takahashi2012rumor,
  title={Rumor detection on twitter},
  author={Takahashi, Tetsuro and Igata, Nobuyuki},
  booktitle={SCIS},  
  year={2012},
}

@article{cao2018automatic,
  title={Automatic rumor detection on microblogs: A survey},
  author={Cao, Juan and Guo, Junbo and Li, Xirong and Jin, Zhiwei and Guo, Han and Li, Jintao},
  journal={arXiv preprint arXiv:1807.03505},
  year={2018}
}

@article{hamidian2019rumor,
  title={Rumor detection and classification for twitter data},
  author={Hamidian, Sardar and Diab, Mona T},
  journal={arXiv preprint arXiv:1912.08926},
  year={2019}
}

@article{zubiaga2018detection,
  title={Detection and resolution of rumours in social media: A survey},
  author={Zubiaga, Arkaitz and Aker, Ahmet and Bontcheva, Kalina and Liakata, Maria and Procter, Rob},
  journal={ACM Computing Surveys},
  volume={51},
  number={2},
  pages={1--36},
  year={2018},
  publisher={ACM New York, NY, USA}
}


@article{clegg2020combating,
  title={Combating COVID-19 misinformation across our apps},
  author={Clegg, Nick},
  journal={Facebook Newsroom Mar},
  volume={25},
  year={2020}
}

@article{jiang2022rumordecay,
  title={RumorDecay: rumor dissemination interruption for target recipients in social networks},
  author={Jiang, Zhongyuan and Chen, Xianyu and Ma, Jianfeng and Philip, S Yu},
  journal={IEEE Transactions on Systems, Man, and Cybernetics: Systems},
  volume={52},
  number={10},
  pages={6383--6395},
  year={2022},
  publisher={IEEE}
}

@article{dai2022minimizing,
  title={Minimizing the spread of negative influence in SNIR model by contact blocking},
  author={Dai, Caiyan and Chen, Ling and Hu, Kongfa and Ding, Youwei},
  journal={Entropy},
  volume={24},
  number={11},
  pages={1623},
  year={2022},
  publisher={MDPI}
}

@article{manouchehri2021temporal,
  title={Temporal rumor blocking in online social networks: A sampling-based approach},
  author={Manouchehri, Mohammad Ali and Helfroush, Mohammad Sadegh and Danyali, Habibollah},
  journal={IEEE Transactions on Systems, Man, and Cybernetics: Systems},
  volume={52},
  number={7},
  pages={4578--4588},
  year={2021},
  publisher={IEEE}
}


@article{rocha2016individual,
  title={Individual-based approach to epidemic processes on arbitrary dynamic contact networks},
  author={Rocha, Luis EC and Masuda, Naoki},
  journal={Scientific reports},
  volume={6},
  number={1},
  pages={31456},
  year={2016},
  publisher={Nature Publishing Group UK London}
}


@inproceedings{leskovec2005graphs,
  title={Graphs over time: densification laws, shrinking diameters and possible explanations},
  author={Leskovec, Jure and Kleinberg, Jon and Faloutsos, Christos},
  booktitle={KDD},
  year={2005}
}

@article{gehrke2003overview,
  title={Overview of the 2003 KDD Cup},
  author={Gehrke, Johannes and Ginsparg, Paul and Kleinberg, Jon},
  journal={Acm Sigkdd Explorations Newsletter},
  volume={5},
  number={2},
  pages={149--151},
  year={2003},
  publisher={ACM New York, NY, USA}
}

@inproceedings{leskovec2012learning,
  title={Learning to discover social circles in ego networks},
  author={Leskovec, Jure and Mcauley, Julian},
  booktitle={NeurIPS},
  year={2012}
}

@misc{snapnets,
  author       = {Jure Leskovec and Andrej Krevl},
  title        = {{SNAP Datasets}: {Stanford} Large Network Dataset Collection},
  howpublished = {\url{http://snap.stanford.edu/data}},
  month        = jun,
  year         = 2014
}