@inproceedings{budak2011limiting,
  title={Limiting the spread of misinformation in social networks},
  author={Budak, Ceren and Agrawal, Divyakant and El Abbadi, Amr},
  booktitle={WWW},
  year={2011}
}

@article{dai2022minimizing,
  title={Minimizing the spread of negative influence in SNIR model by contact blocking},
  author={Dai, Caiyan and Chen, Ling and Hu, Kongfa and Ding, Youwei},
  journal={Entropy},
  volume={24},
  number={11},
  pages={1623},
  year={2022},
  publisher={MDPI}
}

@article{jiang2022rumordecay,
  title={RumorDecay: rumor dissemination interruption for target recipients in social networks},
  author={Jiang, Zhongyuan and Chen, Xianyu and Ma, Jianfeng and Philip, S Yu},
  journal={IEEE Transactions on Systems, Man, and Cybernetics: Systems},
  volume={52},
  number={10},
  pages={6383--6395},
  year={2022},
  publisher={IEEE}
}

@inproceedings{ko2020monstor,
  title={Monstor: an inductive approach for estimating and maximizing influence over unseen networks},
  author={Ko, Jihoon and Lee, Kyuhan and Shin, Kijung and Park, Noseong},
  booktitle={ASONAM},
  year={2020}
}

@inproceedings{luo2014time,
  title={Time critical disinformation influence minimization in online social networks},
  author={Luo, Chuan and Cui, Kainan and Zheng, Xiaolong and Zeng, Daniel},
  booktitle={JISIC},
  year={2014}
}

@article{manouchehri2021temporal,
  title={Temporal rumor blocking in online social networks: A sampling-based approach},
  author={Manouchehri, Mohammad Ali and Helfroush, Mohammad Sadegh and Danyali, Habibollah},
  journal={IEEE Transactions on Systems, Man, and Cybernetics: Systems},
  volume={52},
  number={7},
  pages={4578--4588},
  year={2021},
  publisher={IEEE}
}

@article{ni2023misinformation,
  title={Misinformation influence minimization by entity protection on multi-social networks},
  author={Ni, Peikun and Zhu, Jianming and Wang, Guoqing},
  journal={Applied Intelligence},
  volume={53},
  number={6},
  pages={6401--6420},
  year={2023},
  publisher={Springer}
}

@inproceedings{tong2012gelling,
  title={Gelling, and melting, large graphs by edge manipulation},
  author={Tong, Hanghang and Prakash, B Aditya and Eliassi-Rad, Tina and Faloutsos, Michalis and Faloutsos, Christos},
  booktitle={CIKM},
  year={2012}
}

@article{wang2020efficient,
  title={Efficient targeted influence minimization in big social networks},
  author={Wang, Xinjue and Deng, Ke and Li, Jianxin and Yu, Jeffery Xu and Jensen, Christian S and Yang, Xiaochun},
  journal={World Wide Web},
  volume={23},
  number={4},
  pages={2323--2340},
  year={2020},
  publisher={Springer}
}

@article{yan2019rumor,
  title={Rumor blocking through online link deletion on social networks},
  author={Yan, Ruidong and Li, Yi and Wu, Weili and Li, Deying and Wang, Yongcai},
  journal={ACM Transactions on Knowledge Discovery from Data},
  volume={13},
  number={2},
  pages={1--26},
  year={2019},
  publisher={ACM New York, NY, USA}
}

@article{yang2019influence,
  title={Influence maximization in independent cascade networks based on activation probability computation},
  author={Yang, Wenjing and Brenner, Leonardo and Giua, Alessandro},
  journal={IEEE Access},
  volume={7},
  pages={13745--13757},
  year={2019},
  publisher={IEEE}
}

@article{yi2022edge,
  title={Edge deletion algorithms for minimizing spread in sir epidemic models},
  author={Yi, Yuhao and Shan, Liren and Par{\'e}, Philip E and Johansson, Karl Henrik},
  journal={SIAM Journal on Control and Optimization},
  volume={60},
  number={2},
  pages={S246--S273},
  year={2022},
  publisher={SIAM}
}

@article{zareie2022rumour,
  title={Rumour spread minimization in social networks: A source-ignorant approach},
  author={Zareie, Ahmad and Sakellariou, Rizos},
  journal={Online Social Networks and Media},
  volume={29},
  pages={100206},
  year={2022},
  publisher={Elsevier}
}

@inproceedings{zhou2013ublf,
  title={Ublf: An upper bound based approach to discover influential nodes in social networks},
  author={Zhou, Chuan and Zhang, Peng and Guo, Jing and Zhu, Xingquan and Guo, Li},
  booktitle={ICDM},  
  year={2013},
}

@article{zhu2021misinformation,
  title={Misinformation influence minimization problem based on group disbanded in social networks},
  author={Zhu, Jianming and Ni, Peikun and Wang, Guoqing and Li, Yuan},
  journal={Information Sciences},
  volume={572},
  pages={1--15},
  year={2021},
  publisher={Elsevier}
}

