@inproceedings{hoogeboom2022equivariant,
  title={Equivariant diffusion for molecule generation in 3d},
  author={Hoogeboom, Emiel and Satorras, V{\i}ctor Garcia and Vignac, Cl{\'e}ment and Welling, Max},
  booktitle={International conference on machine learning},
  pages={8867--8887},
  year={2022},
  organization={PMLR}
}



@article{spiegel2020autogrow4,
  title={AutoGrow4: an open-source genetic algorithm for de novo drug design and lead optimization},
  author={Spiegel, Jacob O and Durrant, Jacob D},
  journal={Journal of cheminformatics},
  volume={12},
  pages={1--16},
  year={2020},
  publisher={Springer}
}


@article{karczewski2024ails,
  title={What Ails Generative Structure-based Drug Design: Too Little or Too Much Expressivity?},
  author={Karczewski, Rafa{\l} and Kaski, Samuel and Heinonen, Markus and Garg, Vikas},
  journal={arXiv preprint arXiv:2408.06050},
  year={2024}
}

@article{unimol,
  title={Uni-mol: A universal 3d molecular representation learning framework},
  author={Zhou, Gengmo and Gao, Zhifeng and Ding, Qiankun and Zheng, Hang and Xu, Hongteng and Wei, Zhewei and Zhang, Linfeng and Ke, Guolin},
  year={2023}
}

@article{fu2022reinforced,
  title={Reinforced genetic algorithm for structure-based drug design},
  author={Fu, Tianfan and Gao, Wenhao and Coley, Connor and Sun, Jimeng},
  journal={Advances in Neural Information Processing Systems},
  volume={35},
  pages={12325--12338},
  year={2022}
}

@article{du2023flexible,
  title={A flexible data-free framework for structure-based de novo drug design with reinforcement learning},
  author={Du, Hongyan and Jiang, Dejun and Zhang, Odin and Wu, Zhenxing and Gao, Junbo and Zhang, Xujun and Wang, Xiaorui and Deng, Yafeng and Kang, Yu and Li, Dan and others},
  journal={Chemical Science},
  volume={14},
  number={43},
  pages={12166--12181},
  year={2023},
  publisher={Royal Society of Chemistry}
}
@article{du2024machine,
  title={Machine learning-aided generative molecular design},
  author={Du, Yuanqi and Jamasb, Arian R and Guo, Jeff and Fu, Tianfan and Harris, Charles and Wang, Yingheng and Duan, Chenru and Li{\`o}, Pietro and Schwaller, Philippe and Blundell, Tom L},
  journal={Nature Machine Intelligence},
  pages={1--16},
  year={2024},
  publisher={Nature Publishing Group UK London}
}

@inproceedings{han2023training,
  title={Training-free Multi-objective Diffusion Model for 3D Molecule Generation},
  author={Han, Xu and Shan, Caihua and Shen, Yifei and Xu, Can and Yang, Han and Li, Xiang and Li, Dongsheng},
  booktitle={The Twelfth International Conference on Learning Representations},
  year={2023}
}

@inproceedings{gilmer2017neural,
  title={Neural message passing for quantum chemistry},
  author={Gilmer, Justin and Schoenholz, Samuel S and Riley, Patrick F and Vinyals, Oriol and Dahl, George E},
  booktitle={International conference on machine learning},
  pages={1263--1272},
  year={2017},
  organization={PMLR}
}

@article{sun2024rectifid,
  title={RectifID: Personalizing Rectified Flow with Anchored Classifier Guidance},
  author={Sun, Zhicheng and Yang, Zhenhao and Jin, Yang and Chi, Haozhe and Xu, Kun and Chen, Liwei and Jiang, Hao and Zhang, Di and Song, Yang and Gai, Kun and others},
  journal={arXiv preprint arXiv:2405.14677},
  year={2024}
}

@article{didi2023framework,
  title={A framework for conditional diffusion modelling with applications in motif scaffolding for protein design},
  author={Didi, Kieran and Vargas, Francisco and Mathis, Simon V and Dutordoir, Vincent and Mathieu, Emile and Komorowska, Urszula J and Lio, Pietro},
  journal={arXiv preprint arXiv:2312.09236},
  year={2023}
}

@article{ben2024d,
  title={D-Flow: Differentiating through Flows for Controlled Generation},
  author={Ben-Hamu, Heli and Puny, Omri and Gat, Itai and Karrer, Brian and Singer, Uriel and Lipman, Yaron},
  journal={arXiv preprint arXiv:2402.14017},
  year={2024}
}

@inproceedings{karunratanakul2024optimizing,
  title={Optimizing diffusion noise can serve as universal motion priors},
  author={Karunratanakul, Korrawe and Preechakul, Konpat and Aksan, Emre and Beeler, Thabo and Suwajanakorn, Supasorn and Tang, Siyu},
  booktitle={Proceedings of the IEEE/CVF Conference on Computer Vision and Pattern Recognition},
  pages={1334--1345},
  year={2024}
}

@inproceedings{wallace2023end,
  title={End-to-end diffusion latent optimization improves classifier guidance},
  author={Wallace, Bram and Gokul, Akash and Ermon, Stefano and Naik, Nikhil},
  booktitle={Proceedings of the IEEE/CVF International Conference on Computer Vision},
  pages={7280--7290},
  year={2023}
}

@article{zhang2024clay,
  title={CLAY: A Controllable Large-scale Generative Model for Creating High-quality 3D Assets},
  author={Zhang, Longwen and Wang, Ziyu and Zhang, Qixuan and Qiu, Qiwei and Pang, Anqi and Jiang, Haoran and Yang, Wei and Xu, Lan and Yu, Jingyi},
  journal={ACM Transactions on Graphics (TOG)},
  volume={43},
  number={4},
  pages={1--20},
  year={2024},
  publisher={ACM New York, NY, USA}
}

@article{zeng2023evaluating,
  title={Evaluating large language models at evaluating instruction following},
  author={Zeng, Zhiyuan and Yu, Jiatong and Gao, Tianyu and Meng, Yu and Goyal, Tanya and Chen, Danqi},
  journal={arXiv preprint arXiv:2310.07641},
  year={2023}
}

@article{cai2024rocket,
  title={ROCKET-1: Master Open-World Interaction with Visual-Temporal Context Prompting},
  author={Cai, Shaofei and Wang, Zihao and Lian, Kewei and Mu, Zhancun and Ma, Xiaojian and Liu, Anji and Liang, Yitao},
  journal={arXiv preprint arXiv:2410.17856},
  year={2024}
}

@inproceedings{shridhar2022cliport,
  title={Cliport: What and where pathways for robotic manipulation},
  author={Shridhar, Mohit and Manuelli, Lucas and Fox, Dieter},
  booktitle={Conference on robot learning},
  pages={894--906},
  year={2022},
  organization={PMLR}
}

@inproceedings{bc-z,
  title={Bc-z: Zero-shot task generalization with robotic imitation learning},
  author={Jang, Eric and Irpan, Alex and Khansari, Mohi and Kappler, Daniel and Ebert, Frederik and Lynch, Corey and Levine, Sergey and Finn, Chelsea},
  booktitle={Conference on Robot Learning},
  pages={991--1002},
  year={2022},
  organization={PMLR}
}

@article{peng2024decipher,
  title={Decipher Fundamental Atomic Interactions to Unify Generative Molecular Docking and Design},
  author={Peng, Xingang and Guo, Ruihan and Xu, Yan and Guan, Jiaqi and Jia, Yinjun and Huang, Yanwen and Zhang, Muhan and Peng, Jian and Sun, Jiayu and Han, Chuanhui and others},
  journal={bioRxiv},
  pages={2024--10},
  year={2024},
  publisher={Cold Spring Harbor Laboratory}
}

@article{lifshitz2024steve,
  title={Steve-1: A generative model for text-to-behavior in minecraft},
  author={Lifshitz, Shalev and Paster, Keiran and Chan, Harris and Ba, Jimmy and McIlraith, Sheila},
  journal={Advances in Neural Information Processing Systems},
  volume={36},
  year={2024}
}

@article{cai2023groot,
  title={Groot: Learning to follow instructions by watching gameplay videos},
  author={Cai, Shaofei and Zhang, Bowei and Wang, Zihao and Ma, Xiaojian and Liu, Anji and Liang, Yitao},
  journal={arXiv preprint arXiv:2310.08235},
  year={2023}
}

@inproceedings{li2024okami,
  title={Okami: Teaching humanoid robots manipulation skills through single video imitation},
  author={Li, Jinhan and Zhu, Yifeng and Xie, Yuqi and Jiang, Zhenyu and Seo, Mingyo and Pavlakos, Georgios and Zhu, Yuke},
  booktitle={8th Annual Conference on Robot Learning},
  year={2024}
}

@inproceedings{christiano2017deep,
  title={Deep reinforcement learning from human preferences},
  author={Christiano, Paul F and Leike, Jan and Brown, Tom and Martic, Miljan and Klissarov, Marko and Schulman, John and Abbeel, Pieter},
  booktitle={Advances in Neural Information Processing Systems (NeurIPS)},
  year={2017}
}

@misc{hunyuanvideo,
  title={HunyuanVideo: A Systematic Framework For Large Video Generative Models},
  author={Weijie Kong and Qi Tian and Zijian Zhang and Rox Min and Zuozhuo Dai and Jin Zhou and Jiangfeng Xiong and Xin Li and Bo Wu and Jianwei Zhang and Kathrina Wu and Qin Lin and Aladdin Wang and Andong Wang and Changlin Li and Duojun Huang and Fang Yang and Hao Tan and Hongmei Wang and Jacob Song and Jiawang Bai and Jianbing Wu and Jinbao Xue and Joey Wang and Junkun Yuan and Kai Wang and Mengyang Liu and Pengyu Li and Shuai Li and Weiyan Wang and Wenqing Yu and Xinchi Deng and Yang Li and Yanxin Long and Yi Chen and Yutao Cui and Yuanbo Peng and Zhentao Yu and Zhiyu He and Zhiyong Xu and Zixiang Zhou and Yangyu Tao and Qinglin Lu and Songtao Liu and Dax Zhou and Hongfa Wang and Yong Yang and Di Wang and Yuhong Liu and Jie Jiang and Caesar Zhong},
  year={2024},
  archivePrefix={arXiv preprint arXiv:2412.03603},
  primaryClass={cs.CV}
}

@article{bai2024seed,
  title={Seed-music: A unified framework for high quality and controlled music generation},
  author={Bai, Ye and Chen, Haonan and Chen, Jitong and Chen, Zhuo and Deng, Yi and Dong, Xiaohong and Hantrakul, Lamtharn and Hao, Weituo and Huang, Qingqing and Huang, Zhongyi and others},
  journal={arXiv preprint arXiv:2409.09214},
  year={2024}
}


@article{chain_of_thought,
  title        = {Chain-of-Thought Prompting Elicits Reasoning in Large Language Models},
  author       = {Wei, Jason and Wang, Xuezhi and Schuur, Barnabas and Bosma, Maarten and Ichter, Ben and Perez, Elsa and Petroni, Filip and Karpukhin, Vladimir and Levy, Omer and Nangia, Nikita and others},
  journal      = {arXiv preprint arXiv:2201.11903},
  year         = {2022}
}

@article{tree_of_thought,
  title        = {Tree-of-Thought: Deliberate Problem Solving with Large Language Models},
  author       = {Ya, X. and Chen, H. and Liu, Y. and others},
  journal      = {arXiv preprint arXiv:2205.05347},
  year         = {2022}
}

@article{lewis2020retrieval,
  title={Retrieval-augmented generation for knowledge-intensive nlp tasks},
  author={Lewis, Patrick and Perez, Ethan and Piktus, Aleksandra and Petroni, Fabio and Karpukhin, Vladimir and Goyal, Naman and K{\"u}ttler, Heinrich and Lewis, Mike and Yih, Wen-tau and Rockt{\"a}schel, Tim and others},
  journal={Advances in Neural Information Processing Systems},
  volume={33},
  pages={9459--9474},
  year={2020}
}

@article{wei2021finetuned,
  title={Finetuned language models are zero-shot learners},
  author={Wei, Jason and Bosma, Maarten and Zhao, Vincent Y and Guu, Kelvin and Yu, Adams Wei and Lester, Brian and Du, Nan and Dai, Andrew M and Le, Quoc V},
  journal={arXiv preprint arXiv:2109.01652},
  year={2021}
}

@article{dong2022survey,
  title={A survey on in-context learning},
  author={Dong, Qingxiu and Li, Lei and Dai, Damai and Zheng, Ce and Ma, Jingyuan and Li, Rui and Xia, Heming and Xu, Jingjing and Wu, Zhiyong and Liu, Tianyu and others},
  journal={arXiv preprint arXiv:2301.00234},
  year={2022}
}

@article{bommasani2021opportunities,
  title={On the opportunities and risks of foundation models},
  author={Bommasani, Rishi and Hudson, Drew A and Adeli, Ehsan and Altman, Russ and Arora, Simran and von Arx, Sydney and Bernstein, Michael S and Bohg, Jeannette and Bosselut, Antoine and Brunskill, Emma and others},
  journal={arXiv preprint arXiv:2108.07258},
  year={2021}
}

@article{kejriwal2024challenges,
  title={Challenges, evaluation and opportunities for open-world learning},
  author={Kejriwal, Mayank and Kildebeck, Eric and Steininger, Robert and Shrivastava, Abhinav},
  journal={Nature Machine Intelligence},
  volume={6},
  number={6},
  pages={580--588},
  year={2024},
  publisher={Nature Publishing Group UK London}
}


@article{song2023consistency,
  title={Consistency models},
  author={Song, Yang and Dhariwal, Prafulla and Chen, Mark and Sutskever, Ilya},
  journal={arXiv preprint arXiv:2303.01469},
  year={2023}
}

@article{kim2024openvla,
  title={OpenVLA: An Open-Source Vision-Language-Action Model},
  author={Kim, Moo Jin and Pertsch, Karl and Karamcheti, Siddharth and Xiao, Ted and Balakrishna, Ashwin and Nair, Suraj and Rafailov, Rafael and Foster, Ethan and Lam, Grace and Sanketi, Pannag and others},
  journal={arXiv preprint arXiv:2406.09246},
  year={2024}
}

@article{black2024pi_0,
  title={pi0: A Vision-Language-Action Flow Model for General Robot Control},
  author={Black, Kevin and Brown, Noah and Driess, Danny and Esmail, Adnan and Equi, Michael and Finn, Chelsea and Fusai, Niccolo and Groom, Lachy and Hausman, Karol and Ichter, Brian and others},
  journal={arXiv preprint arXiv:2410.24164},
  year={2024}
}

@article{rajput2024recommender,
  title={Recommender systems with generative retrieval},
  author={Rajput, Shashank and Mehta, Nikhil and Singh, Anima and Hulikal Keshavan, Raghunandan and Vu, Trung and Heldt, Lukasz and Hong, Lichan and Tay, Yi and Tran, Vinh and Samost, Jonah and others},
  journal={Advances in Neural Information Processing Systems},
  volume={36},
  year={2024}
}


@InProceedings{Kellner2024, title={Guiding {LLM}s The Right Way: Fast, Non-Invasive Constrained Generation},author={Beurer-Kellner, Luca and Fischer, Marc and Vechev, Martin},booktitle={Proceedings of the 41st International Conference on Machine Learning},year={2024}}


@inproceedings{Cao2021, title={Autoregressive Entity Retrieval}, author={De Cao1, Nicola and Izacard, Gautier and Riedel, Sebastian and Petroni, Fabio}, booktitle={Proceedings of the Ninth International Conference on Learning Representations}, year={2021} }

@inproceedings{Geng2023, title={Grammar-Constrained Decoding for Structured NLP Tasks
without Finetuning}, author={Geng, Saibo and Josifoski, Martin and Peyrard, Maxime and West, Robert}, booktitle={Proceedings of the 2023 Conference on Empirical Methods in Natural Language Processing}, year={2023} }


@article{sun2024learning,
  title={Learning to tokenize for generative retrieval},
  author={Sun, Weiwei and Yan, Lingyong and Chen, Zheng and Wang, Shuaiqiang and Zhu, Haichao and Ren, Pengjie and Chen, Zhumin and Yin, Dawei and Rijke, Maarten and Ren, Zhaochun},
  journal={Advances in Neural Information Processing Systems},
  volume={36},
  year={2024}
}
@article{bevilacqua2022autoregressive,
  title={Autoregressive search engines: Generating substrings as document identifiers},
  author={Bevilacqua, Michele and Ottaviano, Giuseppe and Lewis, Patrick and Yih, Scott and Riedel, Sebastian and Petroni, Fabio},
  journal={Advances in Neural Information Processing Systems},
  volume={35},
  pages={31668--31683},
  year={2022}
}

@article{jiang2024survey,
  title={A Survey of Multimodal Controllable Diffusion Models},
  author={Jiang, Rui and Zheng, Guang-Cong and Li, Teng and Yang, Tian-Rui and Wang, Jing-Dong and Li, Xi},
  journal={Journal of Computer Science and Technology},
  volume={39},
  number={3},
  pages={509--541},
  year={2024},
  publisher={Springer}
}

@article{cao2024controllable,
  title={Controllable generation with text-to-image diffusion models: A survey},
  author={Cao, Pu and Zhou, Feng and Song, Qing and Yang, Lu},
  journal={arXiv preprint arXiv:2403.04279},
  year={2024}
}

@article{zhang2023survey,
  title={A survey of controllable text generation using transformer-based pre-trained language models},
  author={Zhang, Hanqing and Song, Haolin and Li, Shaoyu and Zhou, Ming and Song, Dawei},
  journal={ACM Computing Surveys},
  volume={56},
  number={3},
  pages={1--37},
  year={2023},
  publisher={ACM New York, NY}
}

@article{lightman2023let,
  title={Let's verify step by step},
  author={Lightman, Hunter and Kosaraju, Vineet and Burda, Yura and Edwards, Harri and Baker, Bowen and Lee, Teddy and Leike, Jan and Schulman, John and Sutskever, Ilya and Cobbe, Karl},
  journal={arXiv preprint arXiv:2305.20050},
  year={2023}
}

@article{zou2023representation,
  title={Representation engineering: A top-down approach to ai transparency},
  author={Zou, Andy and Phan, Long and Chen, Sarah and Campbell, James and Guo, Phillip and Ren, Richard and Pan, Alexander and Yin, Xuwang and Mazeika, Mantas and Dombrowski, Ann-Kathrin and others},
  journal={arXiv preprint arXiv:2310.01405},
  year={2023}
}

@article{panickssery2023steering,
  title={Steering llama 2 via contrastive activation addition},
  author={Panickssery, Nina and Gabrieli, Nick and Schulz, Julian and Tong, Meg and Hubinger, Evan and Turner, Alexander Matt},
  journal={arXiv preprint arXiv:2312.06681},
  year={2023}
}

@article{subramani2022extracting,
  title={Extracting latent steering vectors from pretrained language models},
  author={Subramani, Nishant and Suresh, Nivedita and Peters, Matthew E},
  journal={arXiv preprint arXiv:2205.05124},
  year={2022}
}

@article{mallen2023eliciting,
  title={Eliciting latent knowledge from quirky language models},
  author={Mallen, Alex and Brumley, Madeline and Kharchenko, Julia and Belrose, Nora},
  journal={arXiv preprint arXiv:2312.01037},
  year={2023}
}

@article{feng2022training,
  title={Training-free structured diffusion guidance for compositional text-to-image synthesis},
  author={Feng, Weixi and He, Xuehai and Fu, Tsu-Jui and Jampani, Varun and Akula, Arjun and Narayana, Pradyumna and Basu, Sugato and Wang, Xin Eric and Wang, William Yang},
  journal={arXiv preprint arXiv:2212.05032},
  year={2022}
}

@article{zhao2023loco,
  title={Loco: Locally constrained training-free layout-to-image synthesis},
  author={Zhao, Peiang and Li, Han and Jin, Ruiyang and Zhou, S Kevin},
  journal={arXiv preprint arXiv:2311.12342},
  year={2023}
}

@inproceedings{kim2023dense,
  title={Dense text-to-image generation with attention modulation},
  author={Kim, Yunji and Lee, Jiyoung and Kim, Jin-Hwa and Ha, Jung-Woo and Zhu, Jun-Yan},
  booktitle={Proceedings of the IEEE/CVF International Conference on Computer Vision},
  pages={7701--7711},
  year={2023}
}

@article{he2023localized,
  title={Localized text-to-image generation for free via cross attention control},
  author={He, Yutong and Salakhutdinov, Ruslan and Kolter, J Zico},
  journal={arXiv preprint arXiv:2306.14636},
  year={2023}
}

@article{turner2023activation,
  title={Activation addition: Steering language models without optimization},
  author={Turner, Alexander Matt and Thiergart, Lisa and Leech, Gavin and Udell, David and Vazquez, Juan J and Mini, Ulisse and MacDiarmid, Monte},
  journal={arXiv e-prints},
  pages={arXiv--2308},
  year={2023}
}

@article{qiu2024spectral,
  title={Spectral Editing of Activations for Large Language Model Alignment},
  author={Qiu, Yifu and Zhao, Zheng and Ziser, Yftah and Korhonen, Anna and Ponti, Edoardo M and Cohen, Shay B},
  journal={arXiv preprint arXiv:2405.09719},
  year={2024}
}

@article{icv,
  title={In-context vectors: Making in context learning more effective and controllable through latent space steering},
  author={Liu, Sheng and Ye, Haotian and Xing, Lei and Zou, James},
  journal={arXiv preprint arXiv:2311.06668},
  year={2023}
}

@article{amodei2016concrete,
  title={Concrete problems in AI safety},
  author={Amodei, Dario and Olah, Chris and Steinhardt, Jacob and Christiano, Paul and Schulman, John and Man{\'e}, Dan},
  journal={arXiv preprint arXiv:1606.06565},
  year={2016}
}

@article{xu2024imagereward,
  title={Imagereward: Learning and evaluating human preferences for text-to-image generation},
  author={Xu, Jiazheng and Liu, Xiao and Wu, Yuchen and Tong, Yuxuan and Li, Qinkai and Ding, Ming and Tang, Jie and Dong, Yuxiao},
  journal={Advances in Neural Information Processing Systems},
  volume={36},
  year={2024}
}

@article{clark2023directly,
  title={Directly fine-tuning diffusion models on differentiable rewards},
  author={Clark, Kevin and Vicol, Paul and Swersky, Kevin and Fleet, David J},
  journal={arXiv preprint arXiv:2309.17400},
  year={2023}
}

@article{burda2018large,
  author    = {Yuri Burda and Harrison Edwards and Amos Stooke and et al.},
  title     = {Large-Scale Study of Curiosity-Driven Learning},
  journal   = {Proceedings of the 36th International Conference on Machine Learning (ICML 2018)},
  volume    = {80},
  pages     = {2551--2560},
  year      = {2018},
  url       = {http://proceedings.mlr.press/v80/burda18a.html}
}

@inproceedings{mnih2016asynchronous,
  author    = {Volodymyr Mnih and Koray Kavukcuoglu and David Silver and David J. Rezende and Marco W. M. Teh and Satinder Singh and Daan Wierstra and Geoffrey E. Hinton},
  title     = {Asynchronous Methods for Deep Reinforcement Learning},
  booktitle = {Proceedings of the 33rd International Conference on Machine Learning (ICML 2016)},
  pages     = {1928--1937},
  year      = {2016},
  url       = {http://proceedings.mlr.press/v48/mniha16.html}
}

@article{williams1992simple,
  author    = {Ronald J. Williams},
  title     = {Simple Statistical Gradient-Following Algorithms for Connectionist Reinforcement Learning},
  journal   = {Machine Learning},
  volume    = {8},
  number    = {3},
  pages     = {229--256},
  year      = {1992},
  doi       = {10.1007/BF00992696}
}

@misc{openai2023chatgpt,
  author       = {OpenAI},
  title        = {ChatGPT (GPT-4)},
  year         = {2023},
  url          = {https://chat.openai.com},
}

@inproceedings{kocsis2006bandit,
  title={Bandit based monte-carlo planning},
  author={Kocsis, Levente and Szepesv{\'a}ri, Csaba},
  booktitle={European conference on machine learning},
  pages={282--293},
  year={2006},
  organization={Springer}
}

@misc{openai2024rlfinetune,
  author       = {OpenAI},
  title        = {OpenAI's Reinforcement Fine-Tuning Research Program},
  year         = {2024},
  url          = {https://openai.com/form/rft-research-program/},
}
@misc{deepseek2024r1,
  author       = {DeepSeek},
  title        = {DeepSeek-R1-Lite-Preview is now live: unleashing supercharged reasoning power!},
  year         = {2024},
  url          = {https://api-docs.deepseek.com/news/news1120},
}
@misc{openai2024o1,
  author       = {OpenAI},
  title        = {OpenAI O1},
  year         = {2024},
  url          = {https://openai.com/o1/},
}
@inproceedings{devlin2018bert,
  author    = {Jacob Devlin and Ming-Wei Chang and Kenton Lee and Kristina Toutanova},
  title     = {BERT: Pre-training of Deep Bidirectional Transformers for Language Understanding},
  booktitle = {Proceedings of NAACL-HLT},
  year      = {2018},
  pages     = {4171--4186},
  publisher = {Association for Computational Linguistics},
}

@article{radford2021learning,
  author    = {Alec Radford and Jong Wook Kim and Chris Hallacy and Aditya Ramesh and Gabriel Goh and Scott Gray and Margaret Mitchell and Lukasz Kaiser and Geoffrey Hinton},
  title     = {Learning Transferable Visual Models From Natural Language Supervision},
  journal   = {Proceedings of the International Conference on Machine Learning (ICML)},
  year      = {2021},
  pages     = {8748--8763},
}

@article{he2021masked,
  author    = {Kaiming He and Xiangyu Zhang and Shaoqing Ren and Jian Sun},
  title     = {Masked Autoencoders Are Scalable Vision Learners},
  journal   = {arXiv preprint arXiv:2111.06377},
  year      = {2021},
}

@incollection{cunningham2008supervised,
  title={Supervised learning},
  author={Cunningham, P{\'a}draig and Cord, Matthieu and Delany, Sarah Jane},
  booktitle={Machine learning techniques for multimedia: case studies on organization and retrieval},
  pages={21--49},
  year={2008},
  publisher={Springer}
}

@article{watson2023novo,
  title={De novo design of protein structure and function with RFdiffusion},
  author={Watson, Joseph L and Juergens, David and Bennett, Nathaniel R and Trippe, Brian L and Yim, Jason and Eisenach, Helen E and Ahern, Woody and Borst, Andrew J and Ragotte, Robert J and Milles, Lukas F and others},
  journal={Nature},
  volume={620},
  number={7976},
  pages={1089--1100},
  year={2023},
  publisher={Nature Publishing Group UK London}
}


@misc{suno,
  title        = {SUNO: Music Generation Model},
  author       = {SUNO Team},
  year         = {2023},
  howpublished = {\url{https://suno.ai}},
}



@article{ddim,
  title={Denoising diffusion implicit models},
  author={Song, Jiaming and Meng, Chenlin and Ermon, Stefano},
  journal={arXiv preprint arXiv:2010.02502},
  year={2020}
}

@article{vapnik1998statistical,
  title={Statistical learning theory},
  author={Vapnik, Vladimir Naumovich and Vapnik, Vlamimir and others},
  year={1998},
  publisher={wiley New York}
}


@article{eyring2024reno,
  title={ReNO: Enhancing One-step Text-to-Image Models through Reward-based Noise Optimization},
  author={Eyring, Luca and Karthik, Shyamgopal and Roth, Karsten and Dosovitskiy, Alexey and Akata, Zeynep},
  journal={arXiv preprint arXiv:2406.04312},
  year={2024}
}

@article{zhao2024probabilistic,
  title={Probabilistic inference in language models via twisted sequential monte carlo},
  author={Zhao, Stephen and Brekelmans, Rob and Makhzani, Alireza and Grosse, Roger},
  journal={arXiv preprint arXiv:2404.17546},
  year={2024}
}

@article{yang2021fudge,
  title={FUDGE: Controlled text generation with future discriminators},
  author={Yang, Kevin and Klein, Dan},
  journal={arXiv preprint arXiv:2104.05218},
  year={2021}
}

@article{lawson2022sixo,
  title={Sixo: Smoothing inference with twisted objectives},
  author={Lawson, Dieterich and Ravent{\'o}s, Allan and Warrington, Andrew and Linderman, Scott},
  journal={Advances in Neural Information Processing Systems},
  volume={35},
  pages={38844--38858},
  year={2022}
}

@article{bradley1952rank,
  title={Rank analysis of incomplete block designs: I. The method of paired comparisons},
  author={Bradley, Ralph Allan and Terry, Milton E},
  journal={Biometrika},
  volume={39},
  number={3/4},
  pages={324--345},
  year={1952},
  publisher={JSTOR}
}

@article{lu2024ai,
  title={The ai scientist: Towards fully automated open-ended scientific discovery},
  author={Lu, Chris and Lu, Cong and Lange, Robert Tjarko and Foerster, Jakob and Clune, Jeff and Ha, David},
  journal={arXiv preprint arXiv:2408.06292},
  year={2024}
}

@article{glazer2024frontiermath,
  title={Frontiermath: A benchmark for evaluating advanced mathematical reasoning in ai},
  author={Glazer, Elliot and Erdil, Ege and Besiroglu, Tamay and Chicharro, Diego and Chen, Evan and Gunning, Alex and Olsson, Caroline Falkman and Denain, Jean-Stanislas and Ho, Anson and Santos, Emily de Oliveira and others},
  journal={arXiv preprint arXiv:2411.04872},
  year={2024}
}

@article{wolpert1997no,
  title={No free lunch theorems for optimization},
  author={Wolpert, David H. and Macready, William G.},
  journal={IEEE Transactions on Evolutionary Computation},
  volume={1},
  number={1},
  pages={67--82},
  year={1997},
  publisher={IEEE}
}

@misc{sora,
  title        = {Sora},
  author       = {OpenAI},
  year         = {2024},
  howpublished = {\url{https://openai.com/sora}},
}


@misc{dalle,
  title        = {DALL·E: Creating Images from Text},
  author       = {OpenAI},
  year         = {2021},
  howpublished = {\url{https://openai.com/research/dall-e}},
}

@article{wang2022zero,
  title={Zero-shot image restoration using denoising diffusion null-space model},
  author={Wang, Yinhuai and Yu, Jiwen and Zhang, Jian},
  journal={arXiv preprint arXiv:2212.00490},
  year={2022}
}

@article{shen2024understanding,
  title={Understanding Training-free Diffusion Guidance: Mechanisms and Limitations},
  author={Shen, Yifei and Jiang, Xinyang and Wang, Yezhen and Yang, Yifan and Han, Dongqi and Li, Dongsheng},
  journal={arXiv preprint arXiv:2403.12404},
  year={2024}
}

@article{yu2022scaling,
  title={Scaling autoregressive models for content-rich text-to-image generation},
  author={Yu, Jiahui and Xu, Yuanzhong and Koh, Jing Yu and Luong, Thang and Baid, Gunjan and Wang, Zirui and Vasudevan, Vijay and Ku, Alexander and Yang, Yinfei and Ayan, Burcu Karagol and others},
  journal={arXiv preprint arXiv:2206.10789},
  volume={2},
  number={3},
  pages={5},
  year={2022}
}

@article{trinh2024solving,
  title={Solving olympiad geometry without human demonstrations},
  author={Trinh, Trieu H and Wu, Yuhuai and Le, Quoc V and He, He and Luong, Thang},
  journal={Nature},
  volume={625},
  number={7995},
  pages={476--482},
  year={2024},
  publisher={Nature Publishing Group UK London}
}

@inproceedings{zhu2023denoising,
  title={Denoising diffusion models for plug-and-play image restoration},
  author={Zhu, Yuanzhi and Zhang, Kai and Liang, Jingyun and Cao, Jiezhang and Wen, Bihan and Timofte, Radu and Van Gool, Luc},
  booktitle={Proceedings of the IEEE/CVF Conference on Computer Vision and Pattern Recognition},
  pages={1219--1229},
  year={2023}
}

@article{morehead2024geometry,
  title={Geometry-complete diffusion for 3D molecule generation and optimization},
  author={Morehead, Alex and Cheng, Jianlin},
  journal={Communications Chemistry},
  volume={7},
  number={1},
  pages={150},
  year={2024},
  publisher={Nature Publishing Group UK London}
}

@article{schneuing2022structure,
  title={Structure-based drug design with equivariant diffusion models},
  author={Schneuing, Arne and Du, Yuanqi and Harris, Charles and Jamasb, Arian and Igashov, Ilia and Du, Weitao and Blundell, Tom and Li{\'o}, Pietro and Gomes, Carla and Welling, Max and others},
  journal={arXiv preprint arXiv:2210.13695},
  year={2022}
}
@article{masuda2020generating,
  title={Generating 3d molecular structures conditional on a receptor binding site with deep generative models},
  author={Masuda, Tomohide and Ragoza, Matthew and Koes, David Ryan},
  journal={arXiv preprint arXiv:2010.14442},
  year={2020}
}

@article{li2023druggpt,
  title={DrugGPT: A GPT-based strategy for designing potential ligands targeting specific proteins},
  author={Li, Yuesen and Gao, Chengyi and Song, Xin and Wang, Xiangyu and Xu, Yungang and Han, Suxia},
  journal={bioRxiv},
  pages={2023--06},
  year={2023},
  publisher={Cold Spring Harbor Laboratory}
}

@inproceedings{xu2023geometric,
  title={Geometric latent diffusion models for 3d molecule generation},
  author={Xu, Minkai and Powers, Alexander S and Dror, Ron O and Ermon, Stefano and Leskovec, Jure},
  booktitle={International Conference on Machine Learning},
  pages={38592--38610},
  year={2023},
  organization={PMLR}
}

@article{huang2023learning,
  title={Learning joint 2d \& 3d diffusion models for complete molecule generation},
  author={Huang, Han and Sun, Leilei and Du, Bowen and Lv, Weifeng},
  journal={arXiv preprint arXiv:2305.12347},
  year={2023}
}

@article{jin2021iterative,
  title={Iterative refinement graph neural network for antibody sequence-structure co-design},
  author={Jin, Wengong and Wohlwend, Jeremy and Barzilay, Regina and Jaakkola, Tommi},
  journal={arXiv preprint arXiv:2110.04624},
  year={2021}
}



@inproceedings{wang2024multi,
  title={A multi-modal contrastive diffusion model for therapeutic peptide generation},
  author={Wang, Yongkang and Liu, Xuan and Huang, Feng and Xiong, Zhankun and Zhang, Wen},
  booktitle={Proceedings of the AAAI Conference on Artificial Intelligence},
  volume={38},
  number={1},
  pages={3--11},
  year={2024}
}

@article{haas2018continuous,
  title={Continuous Automated Model EvaluatiOn (CAMEO) complementing the critical assessment of structure prediction in CASP12},
  author={Haas, J{\"u}rgen and Barbato, Alessandro and Behringer, Dario and Studer, Gabriel and Roth, Steven and Bertoni, Martino and Mostaguir, Khaled and Gumienny, Rafal and Schwede, Torsten},
  journal={Proteins: Structure, Function, and Bioinformatics},
  volume={86},
  pages={387--398},
  year={2018},
  publisher={Wiley Online Library}
}

@article{kryshtafovych2021critical,
  title={Critical assessment of methods of protein structure prediction (CASP)—Round XIV},
  author={Kryshtafovych, Andriy and Schwede, Torsten and Topf, Maya and Fidelis, Krzysztof and Moult, John},
  journal={Proteins: Structure, Function, and Bioinformatics},
  volume={89},
  number={12},
  pages={1607--1617},
  year={2021},
  publisher={Wiley Online Library}
}

@article{floto2023diffusion,
  title={Diffusion on the probability simplex},
  author={Floto, Griffin and Jonsson, Thorsteinn and Nica, Mihai and Sanner, Scott and Zhu, Eric Zhengyu},
  journal={arXiv preprint arXiv:2309.02530},
  year={2023}
}

@article{lou2023discrete,
  title={Discrete diffusion language modeling by estimating the ratios of the data distribution},
  author={Lou, Aaron and Meng, Chenlin and Ermon, Stefano},
  journal={arXiv preprint arXiv:2310.16834},
  year={2023}
}

@article{richemond2022categorical,
  title={Categorical SDEs with simplex diffusion},
  author={Richemond, Pierre H and Dieleman, Sander and Doucet, Arnaud},
  journal={arXiv preprint arXiv:2210.14784},
  year={2022}
}

@article{strudel2022self,
  title={Self-conditioned embedding diffusion for text generation},
  author={Strudel, Robin and Tallec, Corentin and Altch{\'e}, Florent and Du, Yilun and Ganin, Yaroslav and Mensch, Arthur and Grathwohl, Will and Savinov, Nikolay and Dieleman, Sander and Sifre, Laurent and others},
  journal={arXiv preprint arXiv:2211.04236},
  year={2022}
}

@article{berman2000protein,
  title={The protein data bank},
  author={Berman, Helen M and Westbrook, John and Feng, Zukang and Gilliland, Gary and Bhat, Talapady N and Weissig, Helge and Shindyalov, Ilya N and Bourne, Philip E},
  journal={Nucleic acids research},
  volume={28},
  number={1},
  pages={235--242},
  year={2000},
  publisher={Oxford University Press}
}

@article{irwin2020zinc20,
  title={ZINC20—a free ultralarge-scale chemical database for ligand discovery},
  author={Irwin, John J and Tang, Khanh G and Young, Jennifer and Dandarchuluun, Chinzorig and Wong, Benjamin R and Khurelbaatar, Munkhzul and Moroz, Yurii S and Mayfield, John and Sayle, Roger A},
  journal={Journal of chemical information and modeling},
  volume={60},
  number={12},
  pages={6065--6073},
  year={2020},
  publisher={ACS Publications}
}

@article{chen2022analog,
  title={Analog bits: Generating discrete data using diffusion models with self-conditioning},
  author={Chen, Ting and Zhang, Ruixiang and Hinton, Geoffrey},
  journal={arXiv preprint arXiv:2208.04202},
  year={2022}
}

@article{ye2023dinoiser,
  title={Dinoiser: Diffused conditional sequence learning by manipulating noises},
  author={Ye, Jiasheng and Zheng, Zaixiang and Bao, Yu and Qian, Lihua and Wang, Mingxuan},
  journal={arXiv preprint arXiv:2302.10025},
  year={2023}
}

@article{chen2023fast,
  title={Fast Sampling via De-randomization for Discrete Diffusion Models},
  author={Chen, Zixiang and Yuan, Huizhuo and Li, Yongqian and Kou, Yiwen and Zhang, Junkai and Gu, Quanquan},
  journal={arXiv preprint arXiv:2312.09193},
  year={2023}
}

@article{zheng2023reparameterized,
  title={A reparameterized discrete diffusion model for text generation},
  author={Zheng, Lin and Yuan, Jianbo and Yu, Lei and Kong, Lingpeng},
  journal={arXiv preprint arXiv:2302.05737},
  year={2023}
}

@article{austin2021structured,
  title={Structured denoising diffusion models in discrete state-spaces},
  author={Austin, Jacob and Johnson, Daniel D and Ho, Jonathan and Tarlow, Daniel and Van Den Berg, Rianne},
  journal={Advances in Neural Information Processing Systems},
  volume={34},
  pages={17981--17993},
  year={2021}
}



@article{dieleman2022continuous,
  title={Continuous diffusion for categorical data},
  author={Dieleman, Sander and Sartran, Laurent and Roshannai, Arman and Savinov, Nikolay and Ganin, Yaroslav and Richemond, Pierre H and Doucet, Arnaud and Strudel, Robin and Dyer, Chris and Durkan, Conor and others},
  journal={arXiv preprint arXiv:2211.15089},
  year={2022}
}

@article{gong2022diffuseq,
  title={Diffuseq: Sequence to sequence text generation with diffusion models},
  author={Gong, Shansan and Li, Mukai and Feng, Jiangtao and Wu, Zhiyong and Kong, LingPeng},
  journal={arXiv preprint arXiv:2210.08933},
  year={2022}
}

@article{mahabadi2023tess,
  title={Tess: Text-to-text self-conditioned simplex diffusion},
  author={Mahabadi, Rabeeh Karimi and Ivison, Hamish and Tae, Jaesung and Henderson, James and Beltagy, Iz and Peters, Matthew E and Cohan, Arman},
  journal={arXiv preprint arXiv:2305.08379},
  year={2023}
}

@article{li2022diffusion,
  title={Diffusion-lm improves controllable text generation},
  author={Li, Xiang and Thickstun, John and Gulrajani, Ishaan and Liang, Percy S and Hashimoto, Tatsunori B},
  journal={Advances in Neural Information Processing Systems},
  volume={35},
  pages={4328--4343},
  year={2022}
}

@article{ke2023continual,
  title={Continual pre-training of language models},
  author={Ke, Zixuan and Shao, Yijia and Lin, Haowei and Konishi, Tatsuya and Kim, Gyuhak and Liu, Bing},
  journal={arXiv preprint arXiv:2302.03241},
  year={2023}
}

@article{lin2024selecting,
  title={Selecting large language model to fine-tune via rectified scaling law},
  author={Lin, Haowei and Huang, Baizhou and Ye, Haotian and Chen, Qinyu and Wang, Zihao and Li, Sujian and Ma, Jianzhu and Wan, Xiaojun and Zou, James and Liang, Yitao},
  journal={arXiv preprint arXiv:2402.02314},
  year={2024}
}

@article{song2019generative,
  title={Generative modeling by estimating gradients of the data distribution},
  author={Song, Yang and Ermon, Stefano},
  journal={Advances in neural information processing systems},
  volume={32},
  year={2019}
}

@article{song2020score,
  title={Score-based generative modeling through stochastic differential equations},
  author={Song, Yang and Sohl-Dickstein, Jascha and Kingma, Diederik P and Kumar, Abhishek and Ermon, Stefano and Poole, Ben},
  journal={arXiv preprint arXiv:2011.13456},
  year={2020}
}

@article{ho2020denoising,
  title={Denoising diffusion probabilistic models},
  author={Ho, Jonathan and Jain, Ajay and Abbeel, Pieter},
  journal={Advances in neural information processing systems},
  volume={33},
  pages={6840--6851},
  year={2020}
}
@inproceedings{sohl2015deep,
  title={Deep unsupervised learning using nonequilibrium thermodynamics},
  author={Sohl-Dickstein, Jascha and Weiss, Eric and Maheswaranathan, Niru and Ganguli, Surya},
  booktitle={International conference on machine learning},
  pages={2256--2265},
  year={2015},
  organization={PMLR}
}

@article{moldiff,
  title={Moldiff: Addressing the atom-bond inconsistency problem in 3d molecule diffusion generation},
  author={Peng, Xingang and Guan, Jiaqi and Liu, Qiang and Ma, Jianzhu},
  journal={arXiv preprint arXiv:2305.07508},
  year={2023}
}

@article{qin2023sparse,
  title={Sparse training of discrete diffusion models for graph generation},
  author={Qin, Yiming and Vignac, Clement and Frossard, Pascal},
  journal={arXiv preprint arXiv:2311.02142},
  year={2023}
}



@inproceedings{kotelnikov2023tabddpm,
  title={Tabddpm: Modelling tabular data with diffusion models},
  author={Kotelnikov, Akim and Baranchuk, Dmitry and Rubachev, Ivan and Babenko, Artem},
  booktitle={International Conference on Machine Learning},
  pages={17564--17579},
  year={2023},
  organization={PMLR}
}

@article{yan2024perflow,
  title={Perflow: Piecewise rectified flow as universal plug-and-play accelerator},
  author={Yan, Hanshu and Liu, Xingchao and Pan, Jiachun and Liew, Jun Hao and Liu, Qiang and Feng, Jiashi},
  journal={arXiv preprint arXiv:2405.07510},
  year={2024}
}

@inproceedings{liu2023instaflow,
  title={Instaflow: One step is enough for high-quality diffusion-based text-to-image generation},
  author={Liu, Xingchao and Zhang, Xiwen and Ma, Jianzhu and Peng, Jian and others},
  booktitle={The Twelfth International Conference on Learning Representations},
  year={2023}
}

@article{huang2022riemannian,
  title={Riemannian diffusion models},
  author={Huang, Chin-Wei and Aghajohari, Milad and Bose, Joey and Panangaden, Prakash and Courville, Aaron C},
  journal={Advances in Neural Information Processing Systems},
  volume={35},
  pages={2750--2761},
  year={2022}
}

@article{de2022riemannian,
  title={Riemannian score-based generative modelling},
  author={De Bortoli, Valentin and Mathieu, Emile and Hutchinson, Michael and Thornton, James and Teh, Yee Whye and Doucet, Arnaud},
  journal={Advances in Neural Information Processing Systems},
  volume={35},
  pages={2406--2422},
  year={2022}
}

@article{ben2022matching,
  title={Matching normalizing flows and probability paths on manifolds},
  author={Ben-Hamu, Heli and Cohen, Samuel and Bose, Joey and Amos, Brandon and Grover, Aditya and Nickel, Maximilian and Chen, Ricky TQ and Lipman, Yaron},
  journal={arXiv preprint arXiv:2207.04711},
  year={2022}
}

@article{chen2023riemannian,
  title={Riemannian flow matching on general geometries},
  author={Chen, Ricky TQ and Lipman, Yaron},
  journal={arXiv preprint arXiv:2302.03660},
  year={2023}
}

@article{chen2018neural,
  title={Neural ordinary differential equations},
  author={Chen, Ricky TQ and Rubanova, Yulia and Bettencourt, Jesse and Duvenaud, David K},
  journal={Advances in neural information processing systems},
  volume={31},
  year={2018}
}

@article{albergo2023stochastic,
  title={Stochastic interpolants: A unifying framework for flows and diffusions},
  author={Albergo, Michael S and Boffi, Nicholas M and Vanden-Eijnden, Eric},
  journal={arXiv preprint arXiv:2303.08797},
  year={2023}
}

@article{luo2022antigen,
  title={Antigen-specific antibody design and optimization with diffusion-based generative models for protein structures},
  author={Luo, Shitong and Su, Yufeng and Peng, Xingang and Wang, Sheng and Peng, Jian and Ma, Jianzhu},
  journal={Advances in Neural Information Processing Systems},
  volume={35},
  pages={9754--9767},
  year={2022}
}

@inproceedings{luo2021score,
  title={Score-based point cloud denoising},
  author={Luo, Shitong and Hu, Wei},
  booktitle={Proceedings of the IEEE/CVF International Conference on Computer Vision},
  pages={4583--4592},
  year={2021}
}


@inproceedings{luo2021diffusion,
  title={Diffusion probabilistic models for 3d point cloud generation},
  author={Luo, Shitong and Hu, Wei},
  booktitle={Proceedings of the IEEE/CVF conference on computer vision and pattern recognition},
  pages={2837--2845},
  year={2021}
}

@article{kong2020diffwave,
  title={Diffwave: A versatile diffusion model for audio synthesis},
  author={Kong, Zhifeng and Ping, Wei and Huang, Jiaji and Zhao, Kexin and Catanzaro, Bryan},
  journal={arXiv preprint arXiv:2009.09761},
  year={2020}
}

@article{saharia2022photorealistic,
  title={Photorealistic text-to-image diffusion models with deep language understanding},
  author={Saharia, Chitwan and Chan, William and Saxena, Saurabh and Li, Lala and Whang, Jay and Denton, Emily L and Ghasemipour, Kamyar and Gontijo Lopes, Raphael and Karagol Ayan, Burcu and Salimans, Tim and others},
  journal={Advances in neural information processing systems},
  volume={35},
  pages={36479--36494},
  year={2022}
}

@inproceedings{zhang2024hive,
  title={Hive: Harnessing human feedback for instructional visual editing},
  author={Zhang, Shu and Yang, Xinyi and Feng, Yihao and Qin, Can and Chen, Chia-Chih and Yu, Ning and Chen, Zeyuan and Wang, Huan and Savarese, Silvio and Ermon, Stefano and others},
  booktitle={Proceedings of the IEEE/CVF Conference on Computer Vision and Pattern Recognition},
  pages={9026--9036},
  year={2024}
}

@article{ho2022video,
  title={Video diffusion models},
  author={Ho, Jonathan and Salimans, Tim and Gritsenko, Alexey and Chan, William and Norouzi, Mohammad and Fleet, David J},
  journal={Advances in Neural Information Processing Systems},
  volume={35},
  pages={8633--8646},
  year={2022}
}

@inproceedings{qin2023class,
  title={Class-balancing diffusion models},
  author={Qin, Yiming and Zheng, Huangjie and Yao, Jiangchao and Zhou, Mingyuan and Zhang, Ya},
  booktitle={Proceedings of the IEEE/CVF Conference on Computer Vision and Pattern Recognition},
  pages={18434--18443},
  year={2023}
}

@article{han2022card,
  title={Card: Classification and regression diffusion models},
  author={Han, Xizewen and Zheng, Huangjie and Zhou, Mingyuan},
  journal={Advances in Neural Information Processing Systems},
  volume={35},
  pages={18100--18115},
  year={2022}
}

@inproceedings{hoogeboom2023simple,
  title={simple diffusion: End-to-end diffusion for high resolution images},
  author={Hoogeboom, Emiel and Heek, Jonathan and Salimans, Tim},
  booktitle={International Conference on Machine Learning},
  pages={13213--13232},
  year={2023},
  organization={PMLR}
}

@article{karras2022elucidating,
  title={Elucidating the design space of diffusion-based generative models},
  author={Karras, Tero and Aittala, Miika and Aila, Timo and Laine, Samuli},
  journal={Advances in neural information processing systems},
  volume={35},
  pages={26565--26577},
  year={2022}
}

@article{song2020improved,
  title={Improved techniques for training score-based generative models},
  author={Song, Yang and Ermon, Stefano},
  journal={Advances in neural information processing systems},
  volume={33},
  pages={12438--12448},
  year={2020}
}

@article{song2021maximum,
  title={Maximum likelihood training of score-based diffusion models},
  author={Song, Yang and Durkan, Conor and Murray, Iain and Ermon, Stefano},
  journal={Advances in neural information processing systems},
  volume={34},
  pages={1415--1428},
  year={2021}
}

@article{lipman2022flow,
  title={Flow matching for generative modeling},
  author={Lipman, Yaron and Chen, Ricky TQ and Ben-Hamu, Heli and Nickel, Maximilian and Le, Matt},
  journal={arXiv preprint arXiv:2210.02747},
  year={2022}
}
@article{albergo2022building,
  title={Building normalizing flows with stochastic interpolants},
  author={Albergo, Michael S and Vanden-Eijnden, Eric},
  journal={arXiv preprint arXiv:2209.15571},
  year={2022}
}

@article{luo20213d,
  title={A 3D generative model for structure-based drug design},
  author={Luo, Shitong and Guan, Jiaqi and Ma, Jianzhu and Peng, Jian},
  journal={Advances in Neural Information Processing Systems},
  volume={34},
  pages={6229--6239},
  year={2021}
}

@article{landrum2016rdkit,
  title={Rdkit: Open-source cheminformatics software. 2016},
  author={Landrum, Greg and others},
  journal={URL http://www. rdkit. org/, https://github. com/rdkit/rdkit},
  volume={149},
  number={150},
  pages={650},
  year={2016}
}


@article{alhossary2015fast,
  title={Fast, accurate, and reliable molecular docking with QuickVina 2},
  author={Alhossary, Amr and Handoko, Stephanus Daniel and Mu, Yuguang and Kwoh, Chee-Keong},
  journal={Bioinformatics},
  volume={31},
  number={13},
  pages={2214--2216},
  year={2015},
  publisher={Oxford University Press}
}

@inproceedings{peng2022pocket2mol,
  title={Pocket2mol: Efficient molecular sampling based on 3d protein pockets},
  author={Peng, Xingang and Luo, Shitong and Guan, Jiaqi and Xie, Qi and Peng, Jian and Ma, Jianzhu},
  booktitle={International Conference on Machine Learning},
  pages={17644--17655},
  year={2022},
  organization={PMLR}
}

@article{bajusz2015tanimoto,
  title={Why is Tanimoto index an appropriate choice for fingerprint-based similarity calculations?},
  author={Bajusz, D{\'a}vid and R{\'a}cz, Anita and H{\'e}berger, K{\'a}roly},
  journal={Journal of cheminformatics},
  volume={7},
  pages={1--13},
  year={2015},
  publisher={Springer}
}

@article{gebauer2022inverse,
  title={Inverse design of 3d molecular structures with conditional generative neural networks},
  author={Gebauer, Niklas WA and Gastegger, Michael and Hessmann, Stefaan SP and M{\"u}ller, Klaus-Robert and Sch{\"u}tt, Kristof T},
  journal={Nature communications},
  volume={13},
  number={1},
  pages={973},
  year={2022},
  publisher={Nature Publishing Group UK London}
}

@article{crossdocked,
  title={Three-dimensional convolutional neural networks and a cross-docked data set for structure-based drug design},
  author={Francoeur, Paul G and Masuda, Tomohide and Sunseri, Jocelyn and Jia, Andrew and Iovanisci, Richard B and Snyder, Ian and Koes, David R},
  journal={Journal of chemical information and modeling},
  volume={60},
  number={9},
  pages={4200--4215},
  year={2020},
  publisher={ACS Publications}
}

@article{targetdiff,
  title={3d equivariant diffusion for target-aware molecule generation and affinity prediction},
  author={Guan, Jiaqi and Qian, Wesley Wei and Peng, Xingang and Su, Yufeng and Peng, Jian and Ma, Jianzhu},
  journal={arXiv preprint arXiv:2303.03543},
  year={2023}
}

@article{axelrod2022geom,
  title={GEOM, energy-annotated molecular conformations for property prediction and molecular generation},
  author={Axelrod, Simon and Gomez-Bombarelli, Rafael},
  journal={Scientific Data},
  volume={9},
  number={1},
  pages={185},
  year={2022},
  publisher={Nature Publishing Group UK London}
}

@article{lee2024inference,
  title={Inference Scaling for Bridging Retrieval and Augmented Generation},
  author={Lee, Youngwon and Hwang, Seung-won and Campos, Daniel and Grali{\'n}ski, Filip and Yao, Zhewei and He, Yuxiong},
  journal={arXiv preprint arXiv:2412.10684},
  year={2024}
}

@article{wu2024inference,
  title={Inference scaling laws: An empirical analysis of compute-optimal inference for problem-solving with language models},
  author={Wu, Yangzhen and Sun, Zhiqing and Li, Shanda and Welleck, Sean and Yang, Yiming},
  journal={arXiv preprint arXiv:2408.00724},
  year={2024}
}

@article{snell2024scaling,
  title={Scaling llm test-time compute optimally can be more effective than scaling model parameters},
  author={Snell, Charlie and Lee, Jaehoon and Xu, Kelvin and Kumar, Aviral},
  journal={arXiv preprint arXiv:2408.03314},
  year={2024}
}

@article{xu2022geodiff,
  title={Geodiff: A geometric diffusion model for molecular conformation generation},
  author={Xu, Minkai and Yu, Lantao and Song, Yang and Shi, Chence and Ermon, Stefano and Tang, Jian},
  journal={arXiv preprint arXiv:2203.02923},
  year={2022}
}

@inproceedings{satorras2021n,
  title={E (n) equivariant graph neural networks},
  author={Satorras, V{\i}ctor Garcia and Hoogeboom, Emiel and Welling, Max},
  booktitle={International conference on machine learning},
  pages={9323--9332},
  year={2021},
  organization={PMLR}
}


@article{dps,
  title={Score-based diffusion models for accelerated MRI},
  author={Chung, Hyungjin and Ye, Jong Chul},
  journal={Medical image analysis},
  volume={80},
  pages={102479},
  year={2022},
  publisher={Elsevier}
}

@inproceedings{lgd,
  title={Loss-guided diffusion models for plug-and-play controllable generation},
  author={Song, Jiaming and Zhang, Qinsheng and Yin, Hongxu and Mardani, Morteza and Liu, Ming-Yu and Kautz, Jan and Chen, Yongxin and Vahdat, Arash},
  booktitle={International Conference on Machine Learning},
  pages={32483--32498},
  year={2023},
  organization={PMLR}
}

@article{wang2023scientific,
  title={Scientific discovery in the age of artificial intelligence},
  author={Wang, Hanchen and Fu, Tianfan and Du, Yuanqi and Gao, Wenhao and Huang, Kexin and Liu, Ziming and Chandak, Payal and Liu, Shengchao and Van Katwyk, Peter and Deac, Andreea and others},
  journal={Nature},
  volume={620},
  number={7972},
  pages={47--60},
  year={2023},
  publisher={Nature Publishing Group UK London}
}

@book{anderson2012continuous,
  title={Continuous-time Markov chains: An applications-oriented approach},
  author={Anderson, William J},
  year={2012},
  publisher={Springer Science \& Business Media}
}

@article{zunger2018inverse,
  title={Inverse design in search of materials with target functionalities},
  author={Zunger, Alex},
  journal={Nature Reviews Chemistry},
  volume={2},
  number={4},
  pages={0121},
  year={2018},
  publisher={Nature Publishing Group UK London}
}


@inproceedings{mpgd,
  title={Manifold Preserving Guided Diffusion},
  author={Yutong He and Naoki Murata and Chieh-Hsin Lai and Yuhta Takida and Toshimitsu Uesaka and Dongjun Kim and Wei-Hsiang Liao and Yuki Mitsufuji and J Zico Kolter and Ruslan Salakhutdinov and Stefano Ermon},
  booktitle={The Twelfth International Conference on Learning Representations},
  year={2024},
  url={https://openreview.net/forum?id=o3BxOLoxm1}
}


@inproceedings{ugd,
  title={Universal guidance for diffusion models},
  author={Bansal, Arpit and Chu, Hong-Min and Schwarzschild, Avi and Sengupta, Soumyadip and Goldblum, Micah and Geiping, Jonas and Goldstein, Tom},
  booktitle={Proceedings of the IEEE/CVF Conference on Computer Vision and Pattern Recognition},
  pages={843--852},
  year={2023}
}
@inproceedings{freedom,
  title={Freedom: Training-free energy-guided conditional diffusion model},
  author={Yu, Jiwen and Wang, Yinhuai and Zhao, Chen and Ghanem, Bernard and Zhang, Jian},
  booktitle={Proceedings of the IEEE/CVF International Conference on Computer Vision},
  pages={23174--23184},
  year={2023}
}

@article{gelly2011monte,
  title={Monte-Carlo tree search and rapid action value estimation in computer Go},
  author={Gelly, Sylvain and Silver, David},
  journal={Artificial Intelligence},
  volume={175},
  number={11},
  pages={1856--1875},
  year={2011},
  publisher={Elsevier}
}

@article{liu2023agentbench,
  title={Agentbench: Evaluating llms as agents},
  author={Liu, Xiao and Yu, Hao and Zhang, Hanchen and Xu, Yifan and Lei, Xuanyu and Lai, Hanyu and Gu, Yu and Ding, Hangliang and Men, Kaiwen and Yang, Kejuan and others},
  journal={arXiv preprint arXiv:2308.03688},
  year={2023}
}

@inproceedings{bars2022zhu,
author = {Zhu, Jieming and Dai, Quanyu and Su, Liangcai and Ma, Rong and Liu, Jinyang and Cai, Guohao and Xiao, Xi and Zhang, Rui},
title = {BARS: Towards Open Benchmarking for Recommender Systems},
year = {2022},
isbn = {9781450387323},
publisher = {Association for Computing Machinery},
address = {New York, NY, USA},
url = {https://doi.org/10.1145/3477495.3531723},
doi = {10.1145/3477495.3531723},
booktitle = {Proceedings of the 45th International ACM SIGIR Conference on Research and Development in Information Retrieval},
pages = {2912–2923},
numpages = {12},
keywords = {benchmarking, ctr prediction, item matching, collaborative filtering, recommender systems},
location = {Madrid, Spain},
series = {SIGIR '22}
}

@article{luo2024projecting,
  title={Projecting Molecules into Synthesizable Chemical Spaces},
  author={Luo, Shitong and Gao, Wenhao and Wu, Zuofan and Peng, Jian and Coley, Connor W and Ma, Jianzhu},
  journal={arXiv preprint arXiv:2406.04628},
  year={2024}
}

@article{wang2024rat,
  title={Rat: Retrieval augmented thoughts elicit context-aware reasoning in long-horizon generation},
  author={Wang, Zihao and Liu, Anji and Lin, Haowei and Li, Jiaqi and Ma, Xiaojian and Liang, Yitao},
  journal={arXiv preprint arXiv:2403.05313},
  year={2024}
}

@article{xu2023small,
  title={Small models are valuable plug-ins for large language models},
  author={Xu, Canwen and Xu, Yichong and Wang, Shuohang and Liu, Yang and Zhu, Chenguang and McAuley, Julian},
  journal={arXiv preprint arXiv:2305.08848},
  year={2023}
}

@article{ji2024aligner,
  title={Aligner: Achieving efficient alignment through weak-to-strong correction},
  author={Ji, Jiaming and Chen, Boyuan and Lou, Hantao and Hong, Donghai and Zhang, Borong and Pan, Xuehai and Dai, Juntao and Yang, Yaodong},
  journal={arXiv preprint arXiv:2402.02416},
  year={2024}
}

@article{vernikos2023small,
  title={Small language models improve giants by rewriting their outputs},
  author={Vernikos, Giorgos and Bra{\v{z}}inskas, Arthur and Adamek, Jakub and Mallinson, Jonathan and Severyn, Aliaksei and Malmi, Eric},
  journal={arXiv preprint arXiv:2305.13514},
  year={2023}
}

@article{zhang2024rag2mol,
  title={Rag2Mol: Structure-based drug design based on Retrieval Augmented Generation},
  author={Zhang, Pei-Dong and Peng, Xingang and Han, Rong and Chen, Ting and Ma, Jianzhu},
  journal={bioRxiv},
  pages={2024--10},
  year={2024},
  publisher={Cold Spring Harbor Laboratory}
}


@article{li2024derivative,
  title={Derivative-free guidance in continuous and discrete diffusion models with soft value-based decoding},
  author={Li, Xiner and Zhao, Yulai and Wang, Chenyu and Scalia, Gabriele and Eraslan, Gokcen and Nair, Surag and Biancalani, Tommaso and Ji, Shuiwang and Regev, Aviv and Levine, Sergey and others},
  journal={arXiv preprint arXiv:2408.08252},
  year={2024}
}

@article{efron2011tweedie,
  title={Tweedie’s formula and selection bias},
  author={Efron, Bradley},
  journal={Journal of the American Statistical Association},
  volume={106},
  number={496},
  pages={1602--1614},
  year={2011},
  publisher={Taylor \& Francis}
}

@article{zhang2023planning,
  title={Planning with large language models for code generation},
  author={Zhang, Shun and Chen, Zhenfang and Shen, Yikang and Ding, Mingyu and Tenenbaum, Joshua B and Gan, Chuang},
  journal={arXiv preprint arXiv:2303.05510},
  year={2023}
}

@article{wang2023math,
  title={Math-shepherd: A label-free step-by-step verifier for llms in mathematical reasoning},
  author={Wang, Peiyi and Li, Lei and Shao, Zhihong and Xu, RX and Dai, Damai and Li, Yifei and Chen, Deli and Wu, Y and Sui, Zhifang},
  journal={arXiv preprint arXiv:2312.08935},
  year={2023}
}

@article{uesato2022solving,
  title={Solving math word problems with process-and outcome-based feedback},
  author={Uesato, Jonathan and Kushman, Nate and Kumar, Ramana and Song, Francis and Siegel, Noah and Wang, Lisa and Creswell, Antonia and Irving, Geoffrey and Higgins, Irina},
  journal={arXiv preprint arXiv:2211.14275},
  year={2022}
}

@article{ingraham2023illuminating,
  title={Illuminating protein space with a programmable generative model},
  author={Ingraham, John B and Baranov, Max and Costello, Zak and Barber, Karl W and Wang, Wujie and Ismail, Ahmed and Frappier, Vincent and Lord, Dana M and Ng-Thow-Hing, Christopher and Van Vlack, Erik R and others},
  journal={Nature},
  volume={623},
  number={7989},
  pages={1070--1078},
  year={2023},
  publisher={Nature Publishing Group UK London}
}

@inproceedings{kim2022guided,
  title={Guided-tts: A diffusion model for text-to-speech via classifier guidance},
  author={Kim, Heeseung and Kim, Sungwon and Yoon, Sungroh},
  booktitle={International Conference on Machine Learning},
  pages={11119--11133},
  year={2022},
  organization={PMLR}
}

@inproceedings{stein1972bound,
  title={A bound for the error in the normal approximation to the distribution of a sum of dependent random variables},
  author={Stein, Charles},
  booktitle={Proceedings of the sixth Berkeley symposium on mathematical statistics and probability, volume 2: Probability theory},
  volume={6},
  pages={583--603},
  year={1972},
  organization={University of California Press}
}

@article{ho2022classifier,
  title={Classifier-free diffusion guidance},
  author={Ho, Jonathan and Salimans, Tim},
  journal={arXiv preprint arXiv:2207.12598},
  year={2022}
}

@article{dhariwal2021diffusion,
  title={Diffusion models beat gans on image synthesis},
  author={Dhariwal, Prafulla and Nichol, Alexander},
  journal={Advances in neural information processing systems},
  volume={34},
  pages={8780--8794},
  year={2021}
}

@article{abramson2024accurate,
  title={Accurate structure prediction of biomolecular interactions with AlphaFold 3},
  author={Abramson, Josh and Adler, Jonas and Dunger, Jack and Evans, Richard and Green, Tim and Pritzel, Alexander and Ronneberger, Olaf and Willmore, Lindsay and Ballard, Andrew J and Bambrick, Joshua and others},
  journal={Nature},
  pages={1--3},
  year={2024},
  publisher={Nature Publishing Group UK London}
}

@article{achiam2023gpt,
  title={Gpt-4 technical report},
  author={Achiam, Josh and Adler, Steven and Agarwal, Sandhini and Ahmad, Lama and Akkaya, Ilge and Aleman, Florencia Leoni and Almeida, Diogo and Altenschmidt, Janko and Altman, Sam and Anadkat, Shyamal and others},
  journal={arXiv preprint arXiv:2303.08774},
  year={2023}
}

@article{team2023gemini,
  title={Gemini: a family of highly capable multimodal models},
  author={Team, Gemini and Anil, Rohan and Borgeaud, Sebastian and Wu, Yonghui and Alayrac, Jean-Baptiste and Yu, Jiahui and Soricut, Radu and Schalkwyk, Johan and Dai, Andrew M and Hauth, Anja and others},
  journal={arXiv preprint arXiv:2312.11805},
  year={2023}
}

@article{reid2024gemini,
  title={Gemini 1.5: Unlocking multimodal understanding across millions of tokens of context},
  author={Reid, Machel and Savinov, Nikolay and Teplyashin, Denis and Lepikhin, Dmitry and Lillicrap, Timothy and Alayrac, Jean-baptiste and Soricut, Radu and Lazaridou, Angeliki and Firat, Orhan and Schrittwieser, Julian and others},
  journal={arXiv preprint arXiv:2403.05530},
  year={2024}
}

@misc{claude,
  title        = {Claude},
  author       = {Anthropic},
  year         = {2023},
  howpublished = {\url{https://www.anthropic.com/claude}},
}

@article{videoworldsimulators2024,
  title={Video generation models as world simulators},
  author={Tim Brooks and Bill Peebles and Connor Holmes and Will DePue and Yufei Guo and Li Jing and David Schnurr and Joe Taylor and Troy Luhman and Eric Luhman and Clarence Ng and Ricky Wang and Aditya Ramesh},
  year={2024},
  url={https://openai.com/research/video-generation-models-as-world-simulators},
}

@inproceedings{esser2024scaling,
  title={Scaling rectified flow transformers for high-resolution image synthesis},
  author={Esser, Patrick and Kulal, Sumith and Blattmann, Andreas and Entezari, Rahim and M{\"u}ller, Jonas and Saini, Harry and Levi, Yam and Lorenz, Dominik and Sauer, Axel and Boesel, Frederic and others},
  booktitle={Forty-first International Conference on Machine Learning},
  year={2024}
}

@article{ramakrishnan2014quantum,
  title={Quantum chemistry structures and properties of 134 kilo molecules},
  author={Ramakrishnan, Raghunathan and Dral, Pavlo O and Rupp, Matthias and Von Lilienfeld, O Anatole},
  journal={Scientific data},
  volume={1},
  number={1},
  pages={1--7},
  year={2014},
  publisher={Nature Publishing Group}
}

@inproceedings{bao2022equivariant,
  title={Equivariant energy-guided sde for inverse molecular design},
  author={Bao, Fan and Zhao, Min and Hao, Zhongkai and Li, Peiyao and Li, Chongxuan and Zhu, Jun},
  booktitle={The eleventh international conference on learning representations},
  year={2022}
}

@article{campbell2024generative,
  title={Generative flows on discrete state-spaces: Enabling multimodal flows with applications to protein co-design},
  author={Campbell, Andrew and Yim, Jason and Barzilay, Regina and Rainforth, Tom and Jaakkola, Tommi},
  journal={arXiv preprint arXiv:2402.04997},
  year={2024}
}

@article{liu2022flow,
  title={Flow straight and fast: Learning to generate and transfer data with rectified flow},
  author={Liu, Xingchao and Gong, Chengyue and Liu, Qiang},
  journal={arXiv preprint arXiv:2209.03003},
  year={2022}
}

@article{tfg,
  title={TFG: Unified Training-Free Guidance for Diffusion Models},
  author={Ye, Haotian and Lin, Haowei and Han, Jiaqi and Xu, Minkai and Liu, Sheng and Liang, Yitao and Ma, Jianzhu and Zou, James and Ermon, Stefano},
  journal={arXiv preprint},
  year={2024}
}

@article{yim2023fast,
  title={Fast protein backbone generation with SE (3) flow matching},
  author={Yim, Jason and Campbell, Andrew and Foong, Andrew YK and Gastegger, Michael and Jim{\'e}nez-Luna, Jos{\'e} and Lewis, Sarah and Satorras, Victor Garcia and Veeling, Bastiaan S and Barzilay, Regina and Jaakkola, Tommi and others},
  journal={arXiv preprint arXiv:2310.05297},
  year={2023}
}

@article{radford2019language,
  title={Language models are unsupervised multitask learners},
  author={Radford, Alec and Wu, Jeffrey and Amodei, Dario and others},
  journal={OpenAI blog},
  volume={1},
  number={8},
  pages={9},
  year={2019}
}

@article{brown2020language,
  title={Language models are few-shot learners},
  author={Brown, Tom B and Mann, Benjamin and Ryder, Nick and others},
  journal={Advances in Neural Information Processing Systems},
  volume={33},
  pages={1877--1901},
  year={2020}
}

@article{lewis2020bart,
  title={BART: Denoising sequence-to-sequence pre-training for natural language generation, translation, and comprehension},
  author={Lewis, Mike and Liu, Yinhan and Goyal, Naman and others},
  journal={arXiv preprint arXiv:1910.13461},
  year={2020}
}

@article{li2020pal,
  title={PAL: Pretraining with adaptable loss for dialogue generation},
  author={Li, Xiujun and Yang, Jianfeng and Balakrishnan, Anjali and others},
  journal={arXiv preprint arXiv:2006.01980},
  year={2020}
}

@article{hoogeboom2021argmax,
  title={Argmax flows and multinomial diffusion: Learning categorical distributions},
  author={Hoogeboom, Emiel and van den Berg, Rianne and Welling, Max},
  journal={Advances in Neural Information Processing Systems},
  volume={34},
  pages={12454--12465},
  year={2021}
}

@article{gu2022diffusionlm,
  title={Diffusion-LM improves controllable text generation},
  author={Gu, Shengjia and Chen, Yilun and Bao, Hang and others},
  journal={arXiv preprint arXiv:2208.13753},
  year={2022}
}

@article{song2019mass,
  title={MASS: Masked Sequence to Sequence Pre-training for Language Generation},
  author={Song, Kaitao and Tan, Xu and Qin, Tao and Lu, Jianfeng and Liu, Tie-Yan},
  journal={arXiv e-prints},
  pages={arXiv--1905},
  year={2019}
}

@inproceedings{vaswani2017attention,
  title={Attention Is All You Need},
  author={Vaswani, Ashish and Shazeer, Noam and Parmar, Niki and Uszkoreit, Jakob and Jones, Llion and Gomez, Aidan N and Kaiser, {\L}ukasz and Polosukhin, Illia},
  booktitle={Advances in Neural Information Processing Systems},
  volume={30},
  year={2017},
  url={https://papers.nips.cc/paper_files/paper/2017/file/3f5ee243547dee91fbd053c1c4a845aa-Paper.pdf}
}

@article{gu2023mamba,
  title={Mamba: Linear-time sequence modeling with selective state spaces},
  author={Gu, Albert and Dao, Tri},
  journal={arXiv preprint arXiv:2312.00752},
  year={2023}
}

@inproceedings{fu2022hungry,
  title={Hungry Hungry Hippos: Towards Language Modeling with State Space Models},
  author={Fu, Daniel Y and Dao, Tri and Saab, Khaled Kamal and Thomas, Armin W and Rudra, Atri and Re, Christopher},
  booktitle={The Eleventh International Conference on Learning Representations},
  year={2022}
}

@inproceedings{han2023ssd,
  title={SSD-LM: Semi-autoregressive Simplex-based Diffusion Language Model for Text Generation and Modular Control},
  author={Han, Xiaochuang and Kumar, Sachin and Tsvetkov, Yulia},
  booktitle={Proceedings of the 61st Annual Meeting of the Association for Computational Linguistics (Volume 1: Long Papers)},
  pages={11575--11596},
  year={2023}
}

@article{sahoo2024simple,
  title={Simple and Effective Masked Diffusion Language Models},
  author={Sahoo, Subham Sekhar and Arriola, Marianne and Schiff, Yair and Gokaslan, Aaron and Marroquin, Edgar and Chiu, Justin T and Rush, Alexander and Kuleshov, Volodymyr},
  journal={arXiv preprint arXiv:2406.07524},
  year={2024}
}

@article{shi2024simplified,
  title={Simplified and Generalized Masked Diffusion for Discrete Data},
  author={Shi, Jiaxin and Han, Kehang and Wang, Zhe and Doucet, Arnaud and Titsias, Michalis K},
  journal={arXiv preprint arXiv:2406.04329},
  year={2024}
}

@article{ghazvininejad2020semi,
  title={Semi-autoregressive training improves mask-predict decoding},
  author={Ghazvininejad, Marjan and Levy, Omer and Zettlemoyer, Luke},
  journal={arXiv preprint arXiv:2001.08785},
  year={2020}
}

@inproceedings{chen2024diffusion,
  title={Diffusion Forcing: Next-token Prediction Meets Full-Sequence Diffusion},
  author={Chen, Boyuan and Mons{\'o}, Diego Mart{\'\i} and Du, Yilun and Simchowitz, Max and Tedrake, Russ and Sitzmann, Vincent},
  booktitle={The Thirty-eighth Annual Conference on Neural Information Processing Systems},
  year={2024}
}

@inproceedings{sun2023score,
  title={Score-based Continuous-time Discrete Diffusion Models},
  author={Sun, Haoran and Yu, Lijun and Dai, Bo and Schuurmans, Dale and Dai, Hanjun},
  booktitle={The Eleventh International Conference on Learning Representations},
  year={2023}
}

@article{raffel2020exploring,
  title={Exploring the limits of transfer learning with a unified text-to-text transformer},
  author={Raffel, Colin and Shazeer, Noam and Roberts, Adam and Lee, Katherine and Narang, Sharan and Matena, Michael and Zhou, Yanqi and Li, Wei and Liu, Peter J},
  journal={Journal of machine learning research},
  volume={21},
  number={140},
  pages={1--67},
  year={2020}
}

@article{dubey2024llama,
  title={The llama 3 herd of models},
  author={Dubey, Abhimanyu and Jauhri, Abhinav and Pandey, Abhinav and Kadian, Abhishek and Al-Dahle, Ahmad and Letman, Aiesha and Mathur, Akhil and Schelten, Alan and Yang, Amy and Fan, Angela and others},
  journal={arXiv preprint arXiv:2407.21783},
  year={2024}
}

@article{shin2021protein,
  title={Protein design and variant prediction using autoregressive generative models},
  author={Shin, Jung-Eun and Riesselman, Adam J and Kollasch, Aaron W and McMahon, Conor and Simon, Elana and Sander, Chris and Manglik, Aashish and Kruse, Andrew C and Marks, Debora S},
  journal={Nature communications},
  volume={12},
  number={1},
  pages={2403},
  year={2021},
  publisher={Nature Publishing Group UK London}
}

@article{trinquier2021efficient,
  title={Efficient generative modeling of protein sequences using simple autoregressive models},
  author={Trinquier, Jeanne and Uguzzoni, Guido and Pagnani, Andrea and Zamponi, Francesco and Weigt, Martin},
  journal={Nature communications},
  volume={12},
  number={1},
  pages={5800},
  year={2021},
  publisher={Nature Publishing Group UK London}
}

@article{liu2024non,
  title={Non-Autoregressive Line-Level Code Completion},
  author={Liu, Fang and Fu, Zhiyi and Li, Ge and Jin, Zhi and Liu, Hui and Hao, Yiyang and Zhang, Li},
  journal={ACM Transactions on Software Engineering and Methodology},
  year={2024},
  publisher={ACM New York, NY}
}

@inproceedings{stark2024dirichlet,
  title={Dirichlet Flow Matching with Applications to DNA Sequence Design},
  author={Stark, Hannes and Jing, Bowen and Wang, Chenyu and Corso, Gabriele and Berger, Bonnie and Barzilay, Regina and Jaakkola, Tommi},
  booktitle={Forty-first International Conference on Machine Learning},
  year={2024}
}

@article{chelba2013one,
  title={One billion word benchmark for measuring progress in statistical language modeling},
  author={Chelba, Ciprian and Mikolov, Tomas and Schuster, Mike and Ge, Qi and Brants, Thorsten and Koehn, Phillipp and Robinson, Tony},
  journal={arXiv preprint arXiv:1312.3005},
  year={2013}
}

@article{kaddour2023challenges,
  title={Challenges and applications of large language models},
  author={Kaddour, Jean and Harris, Joshua and Mozes, Maximilian and Bradley, Herbie and Raileanu, Roberta and McHardy, Robert},
  journal={arXiv preprint arXiv:2307.10169},
  year={2023}
}

@article{nguyen2024hyenadna,
  title={Hyenadna: Long-range genomic sequence modeling at single nucleotide resolution},
  author={Nguyen, Eric and Poli, Michael and Faizi, Marjan and Thomas, Armin and Wornow, Michael and Birch-Sykes, Callum and Massaroli, Stefano and Patel, Aman and Rabideau, Clayton and Bengio, Yoshua and others},
  journal={Advances in neural information processing systems},
  volume={36},
  year={2024}
}

@article{pope2023efficiently,
  title={Efficiently scaling transformer inference},
  author={Pope, Reiner and Douglas, Sholto and Chowdhery, Aakanksha and Devlin, Jacob and Bradbury, James and Heek, Jonathan and Xiao, Kefan and Agrawal, Shivani and Dean, Jeff},
  journal={Proceedings of Machine Learning and Systems},
  volume={5},
  pages={606--624},
  year={2023}
}


@misc{Gokaslan2019OpenWeb,
  title = {OpenWebText Corpus},
  author = {Aaron Gokaslan and Vanya Cohen},
  howpublished = {\url{http://Skylion007.github.io/OpenWebTextCorpus}},
  year = {2019}
}


@inproceedings{Pillutla2021Mauve,
  title = {{MAUVE}: Measuring the Gap Between Neural Text and Human Text using Divergence Frontiers},
  author = {Krishna Pillutla and Swabha Swayamdipta and Rowan Zellers and John Thickstun and Sean Welleck and Yejin Choi and Zaid Harchaoui},
  booktitle = {Advances in Neural Information Processing Systems},
  volume = {34},
  pages = {4816--4828},
  year = {2021},
  url = {https://proceedings.neurips.cc/paper/2021/file/f5867f99b6e6d4a9ef2d4a9f2c5d0c4e-Paper.pdf}
}

@inproceedings{Zhang2020BERTScore,
  title = {{BERTScore}: Evaluating Text Generation with {BERT}},
  author = {Tianyi Zhang and Varsha Kishore and Felix Wu and Kilian Q. Weinberger and Yoav Artzi},
  booktitle = {International Conference on Learning Representations},
  year = {2020},
  url = {https://openreview.net/forum?id=SkeHuCVFDr}
}


@inproceedings{merity2022pointer,
  title={Pointer Sentinel Mixture Models},
  author={Stephen Merity and Caiming Xiong and James Bradbury and Richard Socher},
  booktitle={International Conference on Learning Representations},
  year={2022},
}

@article{su2024roformer,
  title={Roformer: Enhanced transformer with rotary position embedding},
  author={Su, Jianlin and Ahmed, Murtadha and Lu, Yu and Pan, Shengfeng and Bo, Wen and Liu, Yunfeng},
  journal={Neurocomputing},
  volume={568},
  pages={127063},
  year={2024},
  publisher={Elsevier}
}

@article{campbell2022continuous,
  title={A continuous time framework for discrete denoising models},
  author={Campbell, Andrew and Benton, Joe and De Bortoli, Valentin and Rainforth, Thomas and Deligiannidis, George and Doucet, Arnaud},
  journal={Advances in Neural Information Processing Systems},
  volume={35},
  pages={28266--28279},
  year={2022}
}

@inproceedings{liu2025discrete,
  title={Discrete Copula Diffusion},
  author={Liu, Anji and Broadrick, Oliver and Niepert, Mathias and Van den Broeck, Guy},
  booktitle={The Thirteenth International Conference on Learning Representations},
  year={2025}
}

@inproceedings{xu2025energy,
  title={Energy-Based Diffusion Language Models for Text Generation},
  author={Xu, Minkai and Geffner, Tomas and Kreis, Karsten and Nie, Weili and Xu, Yilun and Leskovec, Jure and Ermon, Stefano and Vahdat, Arash},
  booktitle={The Thirteenth International Conference on Learning Representations},
  year={2025}
}

@inproceedings{salakhutdinov2009deep,
  title={Deep boltzmann machines},
  author={Salakhutdinov, Ruslan and Hinton, Geoffrey},
  booktitle={Artificial intelligence and statistics},
  pages={448--455},
  year={2009},
  organization={PMLR}
}

@article{gulrajani2024likelihood,
  title={Likelihood-based diffusion language models},
  author={Gulrajani, Ishaan and Hashimoto, Tatsunori B},
  journal={Advances in Neural Information Processing Systems},
  volume={36},
  year={2024}
}


@article{bi2020palm,
  title={Palm: Pre-training an autoencoding\&autoregressive language model for context-conditioned generation},
  author={Bi, Bin and Li, Chenliang and Wu, Chen and Yan, Ming and Wang, Wei and Huang, Songfang and Huang, Fei and Si, Luo},
  journal={arXiv preprint arXiv:2004.07159},
  year={2020}
}

@article{paperno2016lambada,
  title={The LAMBADA dataset: Word prediction requiring a broad discourse context},
  author={Paperno, Denis and Kruszewski, Germ{\'a}n and Lazaridou, Angeliki and Pham, Quan Ngoc and Bernardi, Raffaella and Pezzelle, Sandro and Baroni, Marco and Boleda, Gemma and Fern{\'a}ndez, Raquel},
  journal={arXiv preprint arXiv:1606.06031},
  year={2016}
}

@article{marcus1993building,
  title={Building a large annotated corpus of English: The Penn Treebank},
  author={Marcus, Mitch and Santorini, Beatrice and Marcinkiewicz, Mary Ann},
  journal={Computational linguistics},
  volume={19},
  number={2},
  pages={313--330},
  year={1993}
}


@article{TransformerHLAImputation,
  title = {Efficient HLA Imputation from Sequential SNPs Data by Transformer},
  author = {Kaho Tanaka and Kosuke Kato and Naoki Nonaka and Jun Seita},
  journal = {arXiv preprint arXiv:2211.06430},
  year = {2022},
  url = {https://arxiv.org/abs/2211.06430}
}


@article{hawkins2023getting,
  title={Getting personal with epigenetics: towards individual-specific epigenomic imputation with machine learning},
  author={Hawkins-Hooker, Alex and Vison{\`a}, Giovanni and Narendra, Tanmayee and Rojas-Carulla, Mateo and Sch{\"o}lkopf, Bernhard and Schweikert, Gabriele},
  journal={Nature Communications},
  volume={14},
  number={1},
  pages={4750},
  year={2023},
  publisher={Nature Publishing Group UK London}
}

@article{alamdari2023protein,
  title={Protein generation with evolutionary diffusion: sequence is all you need},
  author={Alamdari, Sarah and Thakkar, Nitya and van den Berg, Rianne and Tenenholtz, Neil and Strome, Bob and Moses, Alan and Lu, Alex Xijie and Fusi, Nicolo and Amini, Ava Pardis and Yang, Kevin K},
  journal={BioRxiv},
  pages={2023--09},
  year={2023},
  publisher={Cold Spring Harbor Laboratory}
}


@article{li2024discdiff,
  title={DiscDiff: Latent Diffusion Model for DNA Sequence Generation},
  author={Li, Zehui and Ni, Yuhao and Beardall, William AV and Xia, Guoxuan and Das, Akashaditya and Stan, Guy-Bart and Zhao, Yiren},
  journal={arXiv preprint arXiv:2402.06079},
  year={2024}
}

@article{dasilva2024dna,
  title={DNA-Diffusion: Leveraging Generative Models for Controlling Chromatin Accessibility and Gene Expression via Synthetic Regulatory Elements},
  author={DaSilva, Lucas Ferreira and Senan, Simon and Patel, Zain Munir and Reddy, Aniketh Janardhan and Gabbita, Sameer and Nussbaum, Zach and C{\'o}rdova, C{\'e}sar Miguel Valdez and Wenteler, Aaron and Weber, Noah and Tunjic, Tin M and others},
  journal={bioRxiv},
  year={2024},
  publisher={Cold Spring Harbor Laboratory Preprints}
}

@article{warner2024smarter,
  title={Smarter, Better, Faster, Longer: A Modern Bidirectional Encoder for Fast, Memory Efficient, and Long Context Finetuning and Inference},
  author={Warner, Benjamin and Chaffin, Antoine and Clavi{\'e}, Benjamin and Weller, Orion and Hallstr{\"o}m, Oskar and Taghadouini, Said and Gallagher, Alexis and Biswas, Raja and Ladhak, Faisal and Aarsen, Tom and others},
  journal={arXiv preprint arXiv:2412.13663},
  year={2024}
}

@article{hendrycks2016gaussian,
  title={Gaussian error linear units (gelus)},
  author={Hendrycks, Dan and Gimpel, Kevin},
  journal={arXiv preprint arXiv:1606.08415},
  year={2016}
}