@article{DBLP:journals/corr/abs-2008-13060,
  author       = {Po{-}Ming Law and
                  Alex Endert and
                  John T. Stasko},
  title        = {Characterizing Automated Data Insights},
  journal      = {CoRR},
  volume       = {abs/2008.13060},
  year         = {2020},
  url          = {https://arxiv.org/abs/2008.13060},
  eprinttype    = {arXiv},
  eprint       = {2008.13060},
  timestamp    = {Wed, 16 Sep 2020 11:20:03 +0200},
  biburl       = {https://dblp.org/rec/journals/corr/abs-2008-13060.bib},
  bibsource    = {dblp computer science bibliography, https://dblp.org}
}

@article{abs-2409-02038,
  author       = {Peter Baile Chen and
                  Fabian Wenz and
                  Yi Zhang and
                  Moe Kayali and
                  Nesime Tatbul and
                  Michael J. Cafarella and
                  {\c{C}}agatay Demiralp and
                  Michael Stonebraker},
  title        = {{BEAVER:} An Enterprise Benchmark for Text-to-SQL},
  journal      = {CoRR},
  volume       = {abs/2409.02038},
  year         = {2024},
  url          = {https://doi.org/10.48550/arXiv.2409.02038},
  doi          = {10.48550/ARXIV.2409.02038},
  eprinttype    = {arXiv},
  eprint       = {2409.02038},
  biburl       = {https://dblp.org/rec/journals/corr/abs-2409-02038.bib},
  bibsource    = {dblp computer science bibliography, https://dblp.org}
}

@inproceedings{ding2019quickinsights,
author = {Ding, Rui and Han, Shi and Xu, Yong and Zhang, Haidong and Zhang, Dongmei},
title = {QuickInsights: Quick and Automatic Discovery of Insights from Multi-Dimensional Data},
booktitle = {Proceedings of the 2019 ACM International Conference on Management of Data (SIGMOD'19 industrial track)},
year = {2019},
month = {June},
url = {https://www.microsoft.com/en-us/research/publication/quickinsights-quick-and-automatic-discovery-of-insights-from-multi-dimensional-data/},
}

@misc{gao2023texttosql,
      title={Text-to-SQL Empowered by Large Language Models: A Benchmark Evaluation}, 
      author={Dawei Gao and Haibin Wang and Yaliang Li and Xiuyu Sun and Yichen Qian and Bolin Ding and Jingren Zhou},
      year={2023},
      eprint={2308.15363},
      archivePrefix={arXiv},
      primaryClass={cs.DB}
}

@misc{langchain2024,
  author       = {LangChain},
  title        = {Pandas dataframe},
  howpublished = {\url{https://python.langchain.com/v0.2/docs/integrations/toolkits/pandas/}},
  year         = {2024},
}

@misc{li2024petsql,
      title={PET-SQL: A Prompt-enhanced Two-stage Text-to-SQL Framework with Cross-consistency}, 
      author={Zhishuai Li and Xiang Wang and Jingjing Zhao and Sun Yang and Guoqing Du and Xiaoru Hu and Bin Zhang and Yuxiao Ye and Ziyue Li and Rui Zhao and Hangyu Mao},
      year={2024},
      eprint={2403.09732},
      archivePrefix={arXiv},
      primaryClass={cs.CL}
}

@misc{ma2023demonstration,
      title={Demonstration of InsightPilot: An LLM-Empowered Automated Data Exploration System}, 
      author={Pingchuan Ma and Rui Ding and Shuai Wang and Shi Han and Dongmei Zhang},
      year={2023},
      eprint={2304.00477},
      archivePrefix={arXiv},
      primaryClass={cs.DB}
}

@misc{openai2024data,
    author = {OpenAI},
    title = {Data analysis with ChatGPT},
    year = {2024},
    url = {https://help.openai.com/en/articles/8437071-data-analysis-with-chatgpt},
    howpublished = {\url{https://help.openai.com/en/articles/8437071-data-analysis-with-chatgpt}}
}

@misc{pourreza2023dinsql,
      title={DIN-SQL: Decomposed In-Context Learning of Text-to-SQL with Self-Correction}, 
      author={Mohammadreza Pourreza and Davood Rafiei},
      year={2023},
      eprint={2304.11015},
      archivePrefix={arXiv},
      primaryClass={cs.CL}
}

@misc{sahu2024insightbenchevaluatingbusinessanalytics,
      title={InsightBench: Evaluating Business Analytics Agents Through Multi-Step Insight Generation}, 
      author={Gaurav Sahu and Abhay Puri and Juan Rodriguez and Alexandre Drouin and Perouz Taslakian and Valentina Zantedeschi and Alexandre Lacoste and David Vazquez and Nicolas Chapados and Christopher Pal and Sai Rajeswar Mudumba and Issam Hadj Laradji},
      year={2024},
      eprint={2407.06423},
      archivePrefix={arXiv},
      primaryClass={cs.AI},
      url={https://arxiv.org/abs/2407.06423}, 
}

@article{tacl_a_00716,
    author = {Corallo, Giulio and Papotti, Paolo},
    title = {FINCH: Prompt-guided Key-Value Cache Compression for Large Language Models},
    journal = {Transactions of the Association for Computational Linguistics},
    volume = {12},
    pages = {1517-1532},
    year = {2024},
    month = nov,
    issn = {2307-387X},
    doi = {10.1162/tacl_a_00716},
    url = {https://doi.org/10.1162/tacl\_a\_00716},
    eprint = {https://direct.mit.edu/tacl/article-pdf/doi/10.1162/tacl\_a\_00716/2480391/tacl\_a\_00716.pdf},
}

@inproceedings{tai-etal-2023-exploring,
    title = "Exploring Chain of Thought Style Prompting for Text-to-{SQL}",
    author = "Tai, Chang-Yu  and
      Chen, Ziru  and
      Zhang, Tianshu  and
      Deng, Xiang  and
      Sun, Huan",
    editor = "Bouamor, Houda  and
      Pino, Juan  and
      Bali, Kalika",
    booktitle = "Proceedings of the 2023 Conference on Empirical Methods in Natural Language Processing",
    month = dec,
    year = "2023",
    address = "Singapore",
    publisher = "Association for Computational Linguistics",
    url = "https://aclanthology.org/2023.emnlp-main.327",
    doi = "10.18653/v1/2023.emnlp-main.327",
    pages = "5376--5393"
}

