%SQL metrics
@inproceedings{
papicchio2023qatch,
title={{QATCH}: Benchmarking {SQL}-centric tasks with Table Representation Learning Models on Your Data},
author={Simone Papicchio and Paolo Papotti and Luca Cagliero},
booktitle={Thirty-seventh Conference on Neural Information Processing Systems Datasets and Benchmarks Track},
year={2023},
url={https://openreview.net/forum?id=XOpaPrb0U5}
}

%InsightPilot
@misc{ma2023demonstration,
      title={Demonstration of InsightPilot: An LLM-Empowered Automated Data Exploration System}, 
      author={Pingchuan Ma and Rui Ding and Shuai Wang and Shi Han and Dongmei Zhang},
      year={2023},
      eprint={2304.00477},
      archivePrefix={arXiv},
      primaryClass={cs.DB}
}

@article{tacl_a_00716,
    author = {Corallo, Giulio and Papotti, Paolo},
    title = {FINCH: Prompt-guided Key-Value Cache Compression for Large Language Models},
    journal = {Transactions of the Association for Computational Linguistics},
    volume = {12},
    pages = {1517-1532},
    year = {2024},
    month = nov,
    issn = {2307-387X},
    doi = {10.1162/tacl_a_00716},
    url = {https://doi.org/10.1162/tacl\_a\_00716},
    eprint = {https://direct.mit.edu/tacl/article-pdf/doi/10.1162/tacl\_a\_00716/2480391/tacl\_a\_00716.pdf},
}

@inproceedings{
li2024snapkv,
title={Snap{KV}: {LLM} Knows What You are Looking for Before Generation},
author={Yuhong Li and Yingbing Huang and Bowen Yang and Bharat Venkitesh and Acyr Locatelli and Hanchen Ye and Tianle Cai and Patrick Lewis and Deming Chen},
booktitle={The Thirty-eighth Annual Conference on Neural Information Processing Systems},
year={2024},
url={https://openreview.net/forum?id=poE54GOq2l}
}

%QuickInsights
@inproceedings{ding2019quickinsights,
author = {Ding, Rui and Han, Shi and Xu, Yong and Zhang, Haidong and Zhang, Dongmei},
title = {QuickInsights: Quick and Automatic Discovery of Insights from Multi-Dimensional Data},
booktitle = {Proceedings of the 2019 ACM International Conference on Management of Data (SIGMOD'19 industrial track)},
year = {2019},
month = {June},
url = {https://www.microsoft.com/en-us/research/publication/quickinsights-quick-and-automatic-discovery-of-insights-from-multi-dimensional-data/},
}

%MetaInsights
@inproceedings{ma2021metainsight,
author = {Ma, Pingchuan and Ding, Rui and Han, Shi and Zhang, Dongmei},
title = {MetaInsight: Automatic Discovery of Structured Knowledge for Exploratory Data Analysis},
organization = {Association for Computing Machinery},
booktitle = {ACM SIGMOD International Conference on Management of Data},
year = {2021},
month = {June},
url = {https://www.microsoft.com/en-us/research/publication/metainsight-automatic-discovery-of-structured-knowledge-for-exploratory-data-analysis/},
}

%XInsights
@misc{ma2023xinsight,
      title={XInsight: eXplainable Data Analysis Through The Lens of Causality}, 
      author={Pingchuan Ma and Rui Ding and Shuai Wang and Shi Han and Dongmei Zhang},
      year={2023},
      eprint={2207.12718},
      archivePrefix={arXiv},
      primaryClass={cs.DB}
}

%Insight Categorization
@article{DBLP:journals/corr/abs-2008-13060,
  author       = {Po{-}Ming Law and
                  Alex Endert and
                  John T. Stasko},
  title        = {Characterizing Automated Data Insights},
  journal      = {CoRR},
  volume       = {abs/2008.13060},
  year         = {2020},
  url          = {https://arxiv.org/abs/2008.13060},
  eprinttype    = {arXiv},
  eprint       = {2008.13060},
  timestamp    = {Wed, 16 Sep 2020 11:20:03 +0200},
  biburl       = {https://dblp.org/rec/journals/corr/abs-2008-13060.bib},
  bibsource    = {dblp computer science bibliography, https://dblp.org}
}

%PET-SQL
@misc{li2024petsql,
      title={PET-SQL: A Prompt-enhanced Two-stage Text-to-SQL Framework with Cross-consistency}, 
      author={Zhishuai Li and Xiang Wang and Jingjing Zhao and Sun Yang and Guoqing Du and Xiaoru Hu and Bin Zhang and Yuxiao Ye and Ziyue Li and Rui Zhao and Hangyu Mao},
      year={2024},
      eprint={2403.09732},
      archivePrefix={arXiv},
      primaryClass={cs.CL}
}

%DAIL-SQL
@misc{gao2023texttosql,
      title={Text-to-SQL Empowered by Large Language Models: A Benchmark Evaluation}, 
      author={Dawei Gao and Haibin Wang and Yaliang Li and Xiuyu Sun and Yichen Qian and Bolin Ding and Jingren Zhou},
      year={2023},
      eprint={2308.15363},
      archivePrefix={arXiv},
      primaryClass={cs.DB}
}

%DIN-SQL
@misc{pourreza2023dinsql,
      title={DIN-SQL: Decomposed In-Context Learning of Text-to-SQL with Self-Correction}, 
      author={Mohammadreza Pourreza and Davood Rafiei},
      year={2023},
      eprint={2304.11015},
      archivePrefix={arXiv},
      primaryClass={cs.CL}
}

%Best Practices Text2SQL
@misc{rajkumar2022evaluating,
      title={Evaluating the Text-to-SQL Capabilities of Large Language Models}, 
      author={Nitarshan Rajkumar and Raymond Li and Dzmitry Bahdanau},
      year={2022},
      eprint={2204.00498},
      archivePrefix={arXiv},
      primaryClass={cs.CL}
}

%BIRD
@misc{li2023llm,
      title={Can LLM Already Serve as A Database Interface? A BIg Bench for Large-Scale Database Grounded Text-to-SQLs}, 
      author={Jinyang Li and Binyuan Hui and Ge Qu and Jiaxi Yang and Binhua Li and Bowen Li and Bailin Wang and Bowen Qin and Rongyu Cao and Ruiying Geng and Nan Huo and Xuanhe Zhou and Chenhao Ma and Guoliang Li and Kevin C. C. Chang and Fei Huang and Reynold Cheng and Yongbin Li},
      year={2023},
      eprint={2305.03111},
      archivePrefix={arXiv},
      primaryClass={cs.CL}
}

%ELO (Chatbot arena)
@misc{chiang2024chatbot,
      title={Chatbot Arena: An Open Platform for Evaluating LLMs by Human Preference}, 
      author={Wei-Lin Chiang and Lianmin Zheng and Ying Sheng and Anastasios Nikolas Angelopoulos and Tianle Li and Dacheng Li and Hao Zhang and Banghua Zhu and Michael Jordan and Joseph E. Gonzalez and Ion Stoica},
      year={2024},
      eprint={2403.04132},
      archivePrefix={arXiv},
      primaryClass={cs.AI}
}

%ELO (Anthropic)
@misc{askell2021general,
      title={A General Language Assistant as a Laboratory for Alignment}, 
      author={Amanda Askell and Yuntao Bai and Anna Chen and Dawn Drain and Deep Ganguli and Tom Henighan and Andy Jones and Nicholas Joseph and Ben Mann and Nova DasSarma and Nelson Elhage and Zac Hatfield-Dodds and Danny Hernandez and Jackson Kernion and Kamal Ndousse and Catherine Olsson and Dario Amodei and Tom Brown and Jack Clark and Sam McCandlish and Chris Olah and Jared Kaplan},
      year={2021},
      eprint={2112.00861},
      archivePrefix={arXiv},
      primaryClass={cs.CL}
}

%ELO (Guidelines)
@misc{boubdir2023elo,
      title={Elo Uncovered: Robustness and Best Practices in Language Model Evaluation}, 
      author={Meriem Boubdir and Edward Kim and Beyza Ermis and Sara Hooker and Marzieh Fadaee},
      year={2023},
      eprint={2311.17295},
      archivePrefix={arXiv},
      primaryClass={cs.CL}
}

%Baseline Chatgpt
@misc{openai2024data,
    author = {OpenAI},
    title = {Data analysis with ChatGPT},
    year = {2024},
    url = {https://help.openai.com/en/articles/8437071-data-analysis-with-chatgpt},
    howpublished = {\url{https://help.openai.com/en/articles/8437071-data-analysis-with-chatgpt}}
}

%CoT Text-to-SQL
@inproceedings{tai-etal-2023-exploring,
    title = "Exploring Chain of Thought Style Prompting for Text-to-{SQL}",
    author = "Tai, Chang-Yu  and
      Chen, Ziru  and
      Zhang, Tianshu  and
      Deng, Xiang  and
      Sun, Huan",
    editor = "Bouamor, Houda  and
      Pino, Juan  and
      Bali, Kalika",
    booktitle = "Proceedings of the 2023 Conference on Empirical Methods in Natural Language Processing",
    month = dec,
    year = "2023",
    address = "Singapore",
    publisher = "Association for Computational Linguistics",
    url = "https://aclanthology.org/2023.emnlp-main.327",
    doi = "10.18653/v1/2023.emnlp-main.327",
    pages = "5376--5393"
}

%ReAct
@misc{yao2023reactsynergizingreasoningacting,
      title={ReAct: Synergizing Reasoning and Acting in Language Models}, 
      author={Shunyu Yao and Jeffrey Zhao and Dian Yu and Nan Du and Izhak Shafran and Karthik Narasimhan and Yuan Cao},
      year={2023},
      eprint={2210.03629},
      archivePrefix={arXiv},
      primaryClass={cs.CL},
      url={https://arxiv.org/abs/2210.03629}, 
}

%Reflexion
@misc{shinn2023reflexionlanguageagentsverbal,
      title={Reflexion: Language Agents with Verbal Reinforcement Learning}, 
      author={Noah Shinn and Federico Cassano and Edward Berman and Ashwin Gopinath and Karthik Narasimhan and Shunyu Yao},
      year={2023},
      eprint={2303.11366},
      archivePrefix={arXiv},
      primaryClass={cs.AI},
      url={https://arxiv.org/abs/2303.11366}, 
}

%GEval
@misc{liu2023gevalnlgevaluationusing,
      title={G-Eval: NLG Evaluation using GPT-4 with Better Human Alignment}, 
      author={Yang Liu and Dan Iter and Yichong Xu and Shuohang Wang and Ruochen Xu and Chenguang Zhu},
      year={2023},
      eprint={2303.16634},
      archivePrefix={arXiv},
      primaryClass={cs.CL},
      url={https://arxiv.org/abs/2303.16634}, 
}

%LLM Eval
@misc{lin2023llmevalunifiedmultidimensionalautomatic,
      title={LLM-Eval: Unified Multi-Dimensional Automatic Evaluation for Open-Domain Conversations with Large Language Models}, 
      author={Yen-Ting Lin and Yun-Nung Chen},
      year={2023},
      eprint={2305.13711},
      archivePrefix={arXiv},
      primaryClass={cs.CL},
      url={https://arxiv.org/abs/2305.13711}, 
}

%AgentPoirot
@misc{sahu2024insightbenchevaluatingbusinessanalytics,
      title={InsightBench: Evaluating Business Analytics Agents Through Multi-Step Insight Generation}, 
      author={Gaurav Sahu and Abhay Puri and Juan Rodriguez and Alexandre Drouin and Perouz Taslakian and Valentina Zantedeschi and Alexandre Lacoste and David Vazquez and Nicolas Chapados and Christopher Pal and Sai Rajeswar Mudumba and Issam Hadj Laradji},
      year={2024},
      eprint={2407.06423},
      archivePrefix={arXiv},
      primaryClass={cs.AI},
      url={https://arxiv.org/abs/2407.06423}, 
}

%BIRD Table Info
@misc{volvovsky2024dfinsqlintegratingfocusedschema,
      title={DFIN-SQL: Integrating Focused Schema with DIN-SQL for Superior Accuracy in Large-Scale Databases}, 
      author={Shai Volvovsky and Marco Marcassa and Mustafa Panbiharwala},
      year={2024},
      eprint={2403.00872},
      archivePrefix={arXiv},
      primaryClass={cs.DB},
      url={https://arxiv.org/abs/2403.00872}, 
}

%OpenAI Function Calling
@misc{openai2024,
  title = {OpenAI Function Calling},
  author = {{OpenAI}},
  howpublished = {\url{https://platform.openai.com/docs/guides/function-calling}},
  year = {2024},
}

%ELO Guidelines
@inproceedings{boubdir-etal-2023-elo,
    title = "Elo Uncovered: Robustness and Best Practices in Language Model Evaluation",
    author = "Boubdir, Meriem  and
      Kim, Edward  and
      Ermis, Beyza  and
      Hooker, Sara  and
      Fadaee, Marzieh",
    editor = "Gehrmann, Sebastian  and
      Wang, Alex  and
      Sedoc, Jo{\~a}o  and
      Clark, Elizabeth  and
      Dhole, Kaustubh  and
      Chandu, Khyathi Raghavi  and
      Santus, Enrico  and
      Sedghamiz, Hooman",
    booktitle = "Proceedings of the Third Workshop on Natural Language Generation, Evaluation, and Metrics (GEM)",
    month = dec,
    year = "2023",
    address = "Singapore",
    publisher = "Association for Computational Linguistics",
    url = "https://aclanthology.org/2023.gem-1.28",
    pages = "339--352"
}

%LMSys ELO Implementation
@misc{GoogleColab2024,
  author = {LMSys},
  title = {Chatbot Arena: Elo Rating Calculation},
  year = {May 22, 2023},
  howpublished = {\url{https://colab.research.google.com/drive/17L9uCiAivzWfzOxo2Tb9RMauT7vS6nVU?usp=sharing}},
}

%Pandas Agent
@misc{langchain2024,
  author       = {LangChain},
  title        = {Pandas dataframe},
  howpublished = {\url{https://python.langchain.com/v0.2/docs/integrations/toolkits/pandas/}},
  year         = {2024},
}

%SQLAgent Langgraph
@misc{langchain_sql_agent,
  author = {LangChain},
  title = {Langgraph SQL Agent},
  year = {2024},
  howpublished = {\url{https://langchain-ai.github.io/langgraph/tutorials/sql-agent/}},
}

%Insights importance
@article{veit_jahns_2013,
        title={ Data insights: new ways to visualize and make sense of data by Hunter Whitney },
        author={ Veit Jahns },
        journal={ ACM Sigsoft Software Engineering Notes },
        year={ 2013 },
        publisher={ ACM },
        volume={ 38 },
        pages={ 45-46 },
        number={ 6 },
        doi={ 10.1145/2532780.2544424 },  
      }

%Insights importance 2
@article{stefan_steiner_2022,
        title={ Harnessing Data to Make Better-informed Decisions },
        author={ Stefan Steiner },
        journal={ Scientia },
        year={ 2022 },
        doi={ 10.33548/scientia768 },  
      }

%Insights difficulty
@misc{deepali_arora__2015,
        title={ Analytics: Key to Go from Generating Big Data to Deriving Business Value },
        author={ Deepali Arora and Piyush Malik },
        year={ 2015 },
        publisher={ IEEE },
        pages={ 446-452 },
        doi={ 10.1109/BIGDATASERVICE.2015.62 },  
      }

%Insights difficulty
@article{bean2022data,
  title={Why becoming a data-driven organization is so hard},
  author={Bean, Randy},
  journal={Harvard Business Review},
  year={2022},
  month={February},
  note={Available online: https://hbr.org/2022/02/why-becoming-a-data-driven-organization-is-so-hard}
}

%GPT4o
@misc{openai_gpt4o_2024,
  author       = {OpenAI},
  title        = {Hello GPT-4o},
  howpublished = {\url{https://openai.com/index/hello-gpt-4o/}},
  year         = 2024,
}

%Data analysis importance
@article{attia_khan_2024,
        title={ Effective decision making using data analytics },
        author={ Attia Khan },
        journal={ Indian Scientific Journal Of Research In Engineering And Management },
        year={ 2024 },
        publisher={ Indospace Publications },
        volume={ 08 },
        pages={ 1-5 },
        number={ 04 },
        doi={ 10.55041/ijsrem32598 },  
      }

%Data analysis in business
@article{oluwatosin_abdulazeez__2024,
        title={ Enhancing business performance: The role of data-driven analytics in strategic decision-making },
        author={ Oluwatosin Abdul-Azeez and Alexsandra Ogadimma Ihechere and Courage Idemudia },
        journal={ International journal of management and entrepreneurship research },
        year={ 2024 },
        publisher={ Fair East Publishers },
        volume={ 6 },
        pages={ 2066-2081 },
        number={ 7 },
        doi={ 10.51594/ijmer.v6i7.1257 },  
      }

%Data analysis in healthcare
@article{andrew_ifesinachi_daraojimba__2024,
        title={ Data analytics in healthcare: A review of patient-centric approaches and healthcare delivery },
        author={ Andrew Ifesinachi Daraojimba and Chidera Victoria and Ibeh and Oluwafunmi Adijat Elufioye and Temidayo Olorunsogo and Onyeka Franca Asuzu and Ndubuisi Leonard Nduubuisi },
        journal={ World Journal Of Advanced Research and Reviews },
        year={ 2024 },
        doi={ 10.30574/wjarr.2024.21.2.0246 },  
      }

@article{abs-2409-02038,
  author       = {Peter Baile Chen and
                  Fabian Wenz and
                  Yi Zhang and
                  Moe Kayali and
                  Nesime Tatbul and
                  Michael J. Cafarella and
                  {\c{C}}agatay Demiralp and
                  Michael Stonebraker},
  title        = {{BEAVER:} An Enterprise Benchmark for Text-to-SQL},
  journal      = {CoRR},
  volume       = {abs/2409.02038},
  year         = {2024},
  url          = {https://doi.org/10.48550/arXiv.2409.02038},
  doi          = {10.48550/ARXIV.2409.02038},
  eprinttype    = {arXiv},
  eprint       = {2409.02038},
  biburl       = {https://dblp.org/rec/journals/corr/abs-2409-02038.bib},
  bibsource    = {dblp computer science bibliography, https://dblp.org}
}

%Context window limitation
@misc{pawar2024whatwhycontextlength,
      title={The What, Why, and How of Context Length Extension Techniques in Large Language Models -- A Detailed Survey}, 
      author={Saurav Pawar and S. M Towhidul Islam Tonmoy and S M Mehedi Zaman and Vinija Jain and Aman Chadha and Amitava Das},
      year={2024},
      eprint={2401.07872},
      archivePrefix={arXiv},
      primaryClass={cs.CL},
      url={https://arxiv.org/abs/2401.07872}, 
}

%Structured input limitation llms
@article{10.1145/3654979,
author = {Li, Peng and He, Yeye and Yashar, Dror and Cui, Weiwei and Ge, Song and Zhang, Haidong and Rifinski Fainman, Danielle and Zhang, Dongmei and Chaudhuri, Surajit},
title = {Table-GPT: Table Fine-tuned GPT for Diverse Table Tasks},
year = {2024},
issue_date = {June 2024},
publisher = {Association for Computing Machinery},
address = {New York, NY, USA},
volume = {2},
number = {3},
url = {https://doi.org/10.1145/3654979},
doi = {10.1145/3654979},
journal = {Proc. ACM Manag. Data},
month = {may},
articleno = {176},
numpages = {28},
keywords = {instruction fine-tuning, language models, model generalizability, multi-task training, synthesized training data, table fine-tuning, table models, table tasks, unseen tasks}
}

%Dataset license
@misc{cc_by_sa_4_0,
  author       = {{Creative Commons}},
  title        = {Attribution-ShareAlike 4.0 International (CC BY-SA 4.0)},
  howpublished = {\url{https://creativecommons.org/licenses/by-sa/4.0/}},
  year         = 2013
}

%Verbose Prompt idea
@misc{sun2024sqlpalmimprovedlargelanguage,
      title={SQL-PaLM: Improved Large Language Model Adaptation for Text-to-SQL (extended)}, 
      author={Ruoxi Sun and Sercan Ö. Arik and Alex Muzio and Lesly Miculicich and Satya Gundabathula and Pengcheng Yin and Hanjun Dai and Hootan Nakhost and Rajarishi Sinha and Zifeng Wang and Tomas Pfister},
      year={2024},
      eprint={2306.00739},
      archivePrefix={arXiv},
      primaryClass={cs.CL},
      url={https://arxiv.org/abs/2306.00739}, 
}

%TextGrad
@misc{yuksekgonul2024textgradautomaticdifferentiationtext,
      title={TextGrad: Automatic "Differentiation" via Text}, 
      author={Mert Yuksekgonul and Federico Bianchi and Joseph Boen and Sheng Liu and Zhi Huang and Carlos Guestrin and James Zou},
      year={2024},
      eprint={2406.07496},
      archivePrefix={arXiv},
      primaryClass={cs.CL},
      url={https://arxiv.org/abs/2406.07496}, 
}

%PowerBI
@misc{powerbi,
  author       = {{Microsoft}},
  title        = {Power BI},
  howpublished = {\url{https://powerbi.microsoft.com}},
}