@inproceedings{hu2024open,
  title={Open Problem: Optimal Rates for Stochastic Decision-Theoretic Online Learning Under Differentially Privacy},
  author={Hu, Bingshan and Mehta, Nishant A},
  booktitle={The Thirty Seventh Annual Conference on Learning Theory},
  pages={5330--5334},
  year={2024},
  organization={PMLR}
}

@article{hu2021near,
  title={Near-Optimal Algorithms for Private Online Learning in a Stochastic Environment},
  author={Hu, Bingshan and Huang, Zhiming and Mehta, Nishant A},
  journal={arXiv preprint arXiv:2102.07929},
  year={2021}
}

@article{dwork2014algorithmic,
  title={The algorithmic foundations of differential privacy},
  author={Dwork, Cynthia and Roth, Aaron and others},
  journal={Foundations and Trends{\textregistered} in Theoretical Computer Science},
  volume={9},
  number={3--4},
  pages={211--407},
  year={2014},
  publisher={Now Publishers, Inc.}
}

@article{kotlowski2018minimaxity,
  title={On minimaxity of follow the leader strategy in the stochastic setting},
  author={Kot{\l}owski, Wojciech},
  journal={Theoretical Computer Science},
  volume={742},
  pages={50--65},
  year={2018},
  publisher={Elsevier}
}

@article{mourtada2019optimality,
  title={On the optimality of the Hedge algorithm in the stochastic regime},
  author={Mourtada, Jaouad and Ga{\"\i}ffas, St{\'e}phane},
  journal={Journal of Machine Learning Research},
  volume={20},
  number={83},
  pages={1--28},
  year={2019}
}

@article{freund1997decision,
  title={A decision-theoretic generalization of on-line learning and an application to boosting},
  author={Freund, Yoav and Schapire, Robert E},
  journal={Journal of computer and system sciences},
  volume={55},
  number={1},
  pages={119--139},
  year={1997},
  publisher={Elsevier}
}

@inproceedings{dwork2010differential,
  title={Differential privacy under continual observation},
  author={Dwork, Cynthia and Naor, Moni and Pitassi, Toniann and Rothblum, Guy N},
  booktitle={Proceedings of the forty-second ACM symposium on Theory of computing},
  pages={715--724},
  year={2010}
}

@book{wadsworth1960introduction,
  title={Introduction to probability and random variables},
  author={Wadsworth, George Proctor and Bryan, Joseph G},
  volume={7},
  year={1960},
  publisher={McGraw-Hill New York}
}

@inproceedings{qiao2021oneshot,
  title={Oneshot differentially private top-k selection},
  author={Qiao, Gang and Su, Weijie and Zhang, Li},
  booktitle={International Conference on Machine Learning},
  pages={8672--8681},
  year={2021},
  organization={PMLR}
}

@inproceedings{mcsherry2007mechanism,
  title={Mechanism design via differential privacy},
  author={McSherry, Frank and Talwar, Kunal},
  booktitle={48th Annual IEEE Symposium on Foundations of Computer Science (FOCS'07)},
  pages={94--103},
  year={2007},
  organization={IEEE}
}

@inproceedings{acharya2021differentially,
  title={Differentially private assouad, fano, and le cam},
  author={Acharya, Jayadev and Sun, Ziteng and Zhang, Huanyu},
  booktitle={Algorithmic Learning Theory},
  pages={48--78},
  year={2021},
  organization={PMLR}
}

@article{mckenna2020permute,
  title={Permute-and-flip: A new mechanism for differentially private selection},
  author={McKenna, Ryan and Sheldon, Daniel R},
  journal={Advances in Neural Information Processing Systems},
  volume={33},
  pages={193--203},
  year={2020}
}

@inproceedings{asi2023private,
  title={Private online prediction from experts: Separations and faster rates},
  author={Asi, Hilal and Feldman, Vitaly and Koren, Tomer and Talwar, Kunal},
  booktitle={The Thirty Sixth Annual Conference on Learning Theory},
  pages={674--699},
  year={2023},
  organization={PMLR}
}

@inproceedings{agarwal2017price,
  title={The price of differential privacy for online learning},
  author={Agarwal, Naman and Singh, Karan},
  booktitle={International Conference on Machine Learning},
  pages={32--40},
  year={2017},
  organization={PMLR}
}

@inproceedings{sajed2019optimal,
  title={An optimal private stochastic-mab algorithm based on optimal private stopping rule},
  author={Sajed, Touqir and Sheffet, Or},
  booktitle={International Conference on Machine Learning},
  pages={5579--5588},
  year={2019},
  organization={PMLR}
}

@inproceedings{jain2014near,
  title={(Near) dimension independent risk bounds for differentially private learning},
  author={Jain, Prateek and Thakurta, Abhradeep Guha},
  booktitle={International Conference on Machine Learning},
  pages={476--484},
  year={2014},
  organization={PMLR}
}

@article{guha2013nearly,
  title={(Nearly) optimal algorithms for private online learning in full-information and bandit settings},
  author={Smith, Adam and Thakurta, Abhradeep Guha },
  journal={Advances in Neural Information Processing Systems},
  volume={26},
  year={2013}
}

@inproceedings{jain2012differentially,
  title={Differentially private online learning},
  author={Jain, Prateek and Kothari, Pravesh and Thakurta, Abhradeep},
  booktitle={Conference on Learning Theory},
  pages={24--1},
  year={2012},
  organization={JMLR Workshop and Conference Proceedings}
}

@inproceedings{tossou2017achieving,
  title={Achieving privacy in the adversarial multi-armed bandit},
  author={Tossou, Aristide and Dimitrakakis, Christos},
  booktitle={Proceedings of the AAAI Conference on Artificial Intelligence},
  volume={31},
  number={1},
  year={2017}
}

@article{lai1985asymptotically,
  title={Asymptotically efficient adaptive allocation rules},
  author={Lai, Tze Leung and Robbins, Herbert},
  journal={Advances in applied mathematics},
  volume={6},
  number={1},
  pages={4--22},
  year={1985},
  publisher={Academic Press}
}

@article{arora2012multiplicative,
  title={The multiplicative weights update method: a meta-algorithm and applications},
  author={Arora, Sanjeev and Hazan, Elad and Kale, Satyen},
  journal={Theory of computing},
  volume={8},
  number={1},
  pages={121--164},
  year={2012},
  publisher={Theory of Computing Exchange}
}

@book{cesa2006prediction,
  title={Prediction, learning, and games},
  author={Cesa-Bianchi, Nicolo and Lugosi, G{\'a}bor},
  year={2006},
  publisher={Cambridge university press}
}

@inproceedings{audibert2009minimax,
  title={Minimax policies for adversarial and stochastic bandits},
  author={Audibert, Jean-Yves and Bubeck, S{\'e}bastien},
  booktitle={COLT},
  pages={217--226},
  year={2009}
}

@inproceedings{kairouz2021practical,
  title={Practical and private (deep) learning without sampling or shuffling},
  author={Kairouz, Peter and McMahan, Brendan and Song, Shuang and Thakkar, Om and Thakurta, Abhradeep and Xu, Zheng},
  booktitle={International Conference on Machine Learning},
  pages={5213--5225},
  year={2021},
  organization={PMLR}
}

@inproceedings{agarwal2023differentially,
  title={Differentially private and lazy online convex optimization},
  author={Agarwal, Naman and Kale, Satyen and Singh, Karan and Thakurta, Abhradeep},
  booktitle={The Thirty Sixth Annual Conference on Learning Theory},
  pages={4599--4632},
  year={2023},
  organization={PMLR}
}

@inproceedings{asi2023near,
  title={Near-optimal algorithms for private online optimization in the realizable regime},
  author={Asi, Hilal and Feldman, Vitaly and Koren, Tomer and Talwar, Kunal},
  booktitle={International Conference on Machine Learning},
  pages={1107--1120},
  year={2023},
  organization={PMLR}
}


@InProceedings{pmlr-v235-agarwal24d,
  title = 	 {Improved Differentially Private and Lazy Online Convex Optimization: Lower Regret without Smoothness Requirements},
  author =       {Agarwal, Naman and Kale, Satyen and Singh, Karan and Guha Thakurta, Abhradeep},
  booktitle = 	 {Proceedings of the 41st International Conference on Machine Learning},
  pages = 	 {343--361},
  year = 	 {2024},
  publisher =    {PMLR},
}

@article{gumbel1954statistical,
  title={Statistical theory of extreme valuse and some practical applications},
  author={Gumbel, Emil Julius},
  journal={Nat. Bur. Standards Appl. Math. Ser. 33},
  year={1954}
}