@inproceedings{BFA,
   title={Bit-Flip Attack: Crushing Neural Network With Progressive Bit Search},
   url={http://dx.doi.org/10.1109/ICCV.2019.00130},
   DOI={10.1109/iccv.2019.00130},
   booktitle={2019 IEEE/CVF International Conference on Computer Vision (ICCV)},
   publisher={IEEE},
   author={Rakin, Adnan Siraj and He, Zhezhi and Fan, Deliang},
   year={2019},
   month=oct, pages={1211–1220} }

@inproceedings{TBD,
author = {Hong, Sanghyun and Frigo, Pietro and Kaya, Yi\u{g}itcan and Giuffrida, Cristiano and Dumitra\c{s}, Tudor},
title = {Terminal brain damage: exposing the graceless degradation in deep neural networks under hardware fault attacks},
year = {2019},
isbn = {9781939133069},
publisher = {USENIX Association},
address = {USA},
booktitle = {Proceedings of the 28th USENIX Conference on Security Symposium},
pages = {497–514},
numpages = {18},
location = {Santa Clara, CA, USA},
series = {SEC'19}
}

@misc{ghavami2021bdfa,
    title={BDFA: A Blind Data Adversarial Bit-flip Attack on Deep Neural Networks},
    author={Behnam Ghavami and Mani Sadati and Mohammad Shahidzadeh and Zhenman Fang and Lesley Shannon},
    year={2021},
    eprint={2112.03477},
    archivePrefix={arXiv},
    primaryClass={cs.CR}
}

@misc{park2021zebra,
    title={ZeBRA: Precisely Destroying Neural Networks with Zero-Data Based Repeated Bit Flip Attack},
    author={Dahoon Park and Kon-Woo Kwon and Sunghoon Im and Jaeha Kung},
    year={2021},
    eprint={2111.01080},
    archivePrefix={arXiv},
    primaryClass={cs.LG}
}

