
@article{langley00,
  author = {Langley, Pat},
  title = {Placeholder Title},
  journal = {Placeholder Journal},
  year = {2000},
  volume = {1},
  number = {1},
  pages = {1--10}
}
@inproceedings{PGD,
  title={Towards deep learning models resistant to adversarial attacks},
  author={Madry, Aleksander and Makelov, Aleksandar and Schmidt, Ludwig and Tsipras, Dimitris and Vladu, Adrian},
  booktitle={International Conference on Learning Representations},
  year={2018}
}
@misc{AA,
    title={Towards Evaluating the Robustness of Neural Networks},
    author={Nicholas Carlini and David Wagner},
    year={2016},
    eprint={1608.04644},
    archivePrefix={arXiv},
    primaryClass={cs.CR}
}
@inproceedings{torchvision2016,
author = {Marcel, S\'{e}bastien and Rodriguez, Yann},
title = {Torchvision the machine-vision package of torch},
year = {2010},
isbn = {9781605589336},
publisher = {Association for Computing Machinery},
address = {New York, NY, USA},
url = {https://doi.org/10.1145/1873951.1874254},
doi = {10.1145/1873951.1874254},
booktitle = {Proceedings of the 18th ACM International Conference on Multimedia},
pages = {1485–1488},
numpages = {4},
keywords = {face detection and recognition, machine learning, open source, pattern recognition, vision},
location = {Firenze, Italy},
series = {MM '10}
}
@inproceedings{FGSM,
  author       = {Ian J. Goodfellow and
                  Jonathon Shlens and
                  Christian Szegedy},
  editor       = {Yoshua Bengio and
                  Yann LeCun},
  title        = {Explaining and Harnessing Adversarial Examples},
  booktitle    = {3rd International Conference on Learning Representations, {ICLR} 2015,
                  San Diego, CA, USA, May 7-9, 2015, Conference Track Proceedings},
  year         = {2015},
  url          = {http://arxiv.org/abs/1412.6572},
}

@INPROCEEDINGS{Rowhammer,
  author={Kim, Yoongu and Daly, Ross and Kim, Jeremie and Fallin, Chris and Lee, Ji Hye and Lee, Donghyuk and Wilkerson, Chris and Lai, Konrad and Mutlu, Onur},
  booktitle={2014 ACM/IEEE 41st International Symposium on Computer Architecture (ISCA)}, 
  title={Flipping bits in memory without accessing them: An experimental study of DRAM disturbance errors}, 
  year={2014},
  volume={},
  number={},
  pages={361-372},
  keywords={DRAM chips;Testing;Organizations;Timing;Artificial intelligence;Acceleration},
  doi={10.1109/ISCA.2014.6853210}}
@inproceedings{Kim2014,
  author    = {Yoongu Kim and
               Ross Daly and
               Jeremie Kim and
               Chris Fallin and
               Ji Hye Lee and
               Donghyuk Lee and
               Cheng{-}Yao Wilkerson and
               Konrad Lai and
               Onur Mutlu},
  title     = {Flipping Bits in Memory Without Accessing Them: An Experimental Study of {DRAM} Disturbance Errors},
  booktitle = {Proceedings of the 41st Annual International Symposium on Computer Architecture (ISCA)},
  year      = {2014},
  pages     = {361--372},
  publisher = {{IEEE/ACM}},
  doi       = {10.1109/ISCA.2014.6853210}
}

@misc{Seaborn2015,
  author       = {Seaborn, Mark and Dullien, Thomas},
  title        = {Exploiting the DRAM Rowhammer Bug to Gain Kernel Privileges},
  howpublished = {Black Hat USA},
  month        = {August},
  year         = {2015},
  url          = {https://googleprojectzero.blogspot.com/2015/03/exploiting-dram-rowhammer-bug-to-gain.html}
}

@inproceedings {tang2017clkscrew,
author = {Adrian Tang and Simha Sethumadhavan and Salvatore Stolfo},
title = {{CLKSCREW}: Exposing the Perils of {Security-Oblivious} Energy Management},
booktitle = {26th USENIX Security Symposium (USENIX Security 17)},
year = {2017},
isbn = {978-1-931971-40-9},
address = {Vancouver, BC},
pages = {1057--1074},
url = {https://www.usenix.org/conference/usenixsecurity17/technical-sessions/presentation/tang},
publisher = {USENIX Association},
month = aug
}
@article{adversarial_stickers,
   title={Adversarial Sticker: A Stealthy Attack Method in the Physical World},
   ISSN={1939-3539},
   url={http://dx.doi.org/10.1109/TPAMI.2022.3176760},
   DOI={10.1109/tpami.2022.3176760},
   journal={IEEE Transactions on Pattern Analysis and Machine Intelligence},
   publisher={Institute of Electrical and Electronics Engineers (IEEE)},
   author={Wei, Xingxing and Guo, Ying and Yu, Jie},
   year={2022},
   pages={1–1} }


@article{Murdock2019Plundervolt,
  title     = {{Plundervolt}: Software-based Fault Injection Attacks against Intel {SGX}},
  author    = {Murdock, James and G\"{o}tzfried, Johannes and Others},
  journal   = {Proceedings of the 2019 ACM SIGSAC Conference on Computer and Communications Security (CCS)},
  year      = {2019}
}

@inproceedings{TRRespass,
  title     = {{TRRespass}: Exploiting the Rowhammer Bug in {TRR}-Protected {DRAM}},
  author    = {Van der Veen, Victor and Giuffrida, Cristiano and Others},
  booktitle = {IEEE Symposium on Security and Privacy},
  year      = {2020}
}
@book{Hoglund2006Rootkits,
  title     = {Rootkits: Subverting the Windows Kernel},
  author    = {Hoglund, Greg and Butler, Jamie},
  publisher = {Addison-Wesley Professional},
  year      = {2006},
  isbn      = {978-0-321-29431-0}
}

@inproceedings{Sparks2005ShadowWalker,
  author    = {Sparks, Sherri and Butler, Jamie},
  title     = {Shadow Walker: Raising the Bar for Rootkit Detection},
  booktitle = {Black Hat Federal},
  year      = {2005}
}
@article{Markettos2019ThunderclapEV,
  title={Thunderclap: Exploring Vulnerabilities in Operating System IOMMU Protection via DMA from Untrustworthy Peripherals},
  author={A. Theodore Markettos and Colin Rothwell and Brett F. Gutstein and Allison Pearce and Peter G. Neumann and Simon W. Moore and Robert N. M. Watson},
  journal={Proceedings 2019 Network and Distributed System Security Symposium},
  year={2019},
}
@inproceedings{FW,
author = {Hudson, Trammell and Rudolph, Larry},
title = {Thunderstrike: EFI firmware bootkits for Apple MacBooks},
year = {2015},
isbn = {9781450336079},
publisher = {Association for Computing Machinery},
address = {New York, NY, USA},
url = {https://doi.org/10.1145/2757667.2757673},
doi = {10.1145/2757667.2757673},
booktitle = {Proceedings of the 8th ACM International Systems and Storage Conference},
articleno = {15},
numpages = {10},
keywords = {Apple, BIOS, EFI, Flash, ROM, Thunderbolt, UEFI, bootkit, cryptographic controls, expansion ROM, firmware, invasive software, rootkit, virus},
location = {Haifa, Israel},
series = {SYSTOR '15}
}
@inproceedings{Radosavovic_2020,
   title={Designing Network Design Spaces},
   url={http://dx.doi.org/10.1109/cvpr42600.2020.01044},
   DOI={10.1109/cvpr42600.2020.01044},
   booktitle={2020 IEEE/CVF Conference on Computer Vision and Pattern Recognition (CVPR)},
   publisher={IEEE},
   author={Radosavovic, Ilija and Kosaraju, Raj Prateek and Girshick, Ross and He, Kaiming and Dollar, Piotr},
   year={2020},
   month=jun }
@INPROCEEDINGS{5206848,
  author={Deng, Jia and Dong, Wei and Socher, Richard and Li, Li-Jia and Kai Li and Li Fei-Fei},
  booktitle={2009 IEEE Conference on Computer Vision and Pattern Recognition}, 
  title={ImageNet: A large-scale hierarchical image database}, 
  year={2009},
  volume={},
  number={},
  pages={248-255},
  keywords={Large-scale systems;Image databases;Explosions;Internet;Robustness;Information retrieval;Image retrieval;Multimedia databases;Ontologies;Spine},
  doi={10.1109/CVPR.2009.5206848}}
@misc{rw2019timm,
  author = {Ross Wightman},
  title = {PyTorch Image Models},
  year = {2019},
  publisher = {GitHub},
  journal = {GitHub repository},
  doi = {10.5281/zenodo.4414861},
  howpublished = {\url{https://github.com/rwightman/pytorch-image-models}}
}

@misc{Rutkowska2007,
  author       = {Rutkowska, Joanna},
  title        = {Beyond the {CPU}: Defeating Hardware-Based {RAM} Acquisition},
  howpublished = {Black Hat USA},
  year         = {2007},
}

@inproceedings{Nethammer,
   title={Nethammer: Inducing Rowhammer Faults through Network Requests},
   url={http://dx.doi.org/10.1109/EuroSPW51379.2020.00102},
   DOI={10.1109/eurospw51379.2020.00102},
   booktitle={2020 IEEE European Symposium on Security and Privacy Workshops (EuroSSamp;PW)},
   publisher={IEEE},
   author={Lipp, Moritz and Schwarz, Michael and Raab, Lukas and Lamster, Lukas and Aga, Misiker Tadesse and Maurice, Clementine and Gruss, Daniel},
   year={2020},
   month=sep }

@inproceedings{BFA,
   title={Bit-Flip Attack: Crushing Neural Network With Progressive Bit Search},
   url={http://dx.doi.org/10.1109/ICCV.2019.00130},
   DOI={10.1109/iccv.2019.00130},
   booktitle={2019 IEEE/CVF International Conference on Computer Vision (ICCV)},
   publisher={IEEE},
   author={Rakin, Adnan Siraj and He, Zhezhi and Fan, Deliang},
   year={2019},
   month=oct, pages={1211–1220} }
@misc{ghavami2021bdfa,
    title={BDFA: A Blind Data Adversarial Bit-flip Attack on Deep Neural Networks},
    author={Behnam Ghavami and Mani Sadati and Mohammad Shahidzadeh and Zhenman Fang and Lesley Shannon},
    year={2021},
    eprint={2112.03477},
    archivePrefix={arXiv},
    primaryClass={cs.CR}
}
@misc{frankle2018lottery,
    title={The Lottery Ticket Hypothesis: Finding Sparse, Trainable Neural Networks},
    author={Jonathan Frankle and Michael Carbin},
    year={2018},
    eprint={1803.03635},
    archivePrefix={arXiv},
    primaryClass={cs.LG}
}
@INPROCEEDINGS{GLitch,
  author={Frigo, Pietro and Giuffrida, Cristiano and Bos, Herbert and Razavi, Kaveh},
  booktitle={2018 IEEE Symposium on Security and Privacy (SP)}, 
  title={Grand Pwning Unit: Accelerating Microarchitectural Attacks with the GPU}, 
  year={2018},
  volume={},
  number={},
  pages={195-210},
  keywords={Graphics processing units;Microarchitecture;Browsers;Rendering (computer graphics);Mobile handsets;Acceleration;Side-channel attacks;Integrated GPUs;Microarchitectural attacks;Side channels;Rowhammer;Mobile security;ARM;Browser security},
  doi={10.1109/SP.2018.00022}}
@inproceedings{Dong_2023,
   title={One-bit Flip is All You Need: When Bit-flip Attack Meets Model Training},
   url={http://dx.doi.org/10.1109/ICCV51070.2023.00432},
   DOI={10.1109/iccv51070.2023.00432},
   booktitle={2023 IEEE/CVF International Conference on Computer Vision (ICCV)},
   publisher={IEEE},
   author={Dong, Jianshuo and Qiu, Han and Li, Yiming and Zhang, Tianwei and Li, Yuanjie and Lai, Zeqi and Zhang, Chao and Xia, Shu-Tao},
   year={2023},
   month=oct, pages={4665–4675} }

@misc{park2021zebra,
    title={ZeBRA: Precisely Destroying Neural Networks with Zero-Data Based Repeated Bit Flip Attack},
    author={Dahoon Park and Kon-Woo Kwon and Sunghoon Im and Jaeha Kung},
    year={2021},
    eprint={2111.01080},
    archivePrefix={arXiv},
    primaryClass={cs.LG}
}
@inproceedings{
SNIP,
title={{SNIP}: {SINGLE}-{SHOT} {NETWORK} {PRUNING} {BASED} {ON} {CONNECTION} {SENSITIVITY}},
author={Namhoon Lee and Thalaiyasingam Ajanthan and Philip Torr},
booktitle={International Conference on Learning Representations},
year={2019},
}
@inproceedings{OBS,
 title = {Second order derivatives for network pruning: Optimal Brain Surgeon},
 author = {Hassibi and Babak and Stork and David},
 booktitle = {Advances in Neural Information Processing Systems},
 url = {https://proceedings.neurips.cc/paper_files/paper/1992/file/303ed4c69846ab36c2904d3ba8573050-Paper.pdf},
 year = {1992}
}


@inproceedings{synflow,
 author = {Tanaka, Hidenori and Kunin, Daniel and Yamins, Daniel L and Ganguli, Surya},
 booktitle = {Advances in Neural Information Processing Systems},
 editor = {H. Larochelle and M. Ranzato and R. Hadsell and M.F. Balcan and H. Lin},
 pages = {6377--6389},
 publisher = {Curran Associates, Inc.},
 title = {Pruning neural networks without any data by iteratively conserving synaptic flow},
 url = {https://proceedings.neurips.cc/paper_files/paper/2020/file/46a4378f835dc8040c8057beb6a2da52-Paper.pdf},
 volume = {33},
 year = {2020}
}
@techreport{FGVC,
   title         = {Fine-Grained Visual Classification of Aircraft},
   author        = {S. Maji and J. Kannala and E. Rahtu
                    and M. Blaschko and A. Vedaldi},
   year          = {2013},
   archivePrefix = {arXiv},
   eprint        = {1306.5151},
   primaryClass  = "cs-cv",
}
@INPROCEEDINGS{CARS,
  author={Krause, Jonathan and Jin, Hailin and Yang, Jianchao and Fei-Fei, Li},
  booktitle={2015 IEEE Conference on Computer Vision and Pattern Recognition (CVPR)}, 
  title={Fine-grained recognition without part annotations}, 
  year={2015},
  volume={},
  number={},
  pages={5546-5555},
  keywords={Image segmentation;Training;Image recognition;Standards;Robustness;Shape;Optimization},
  doi={10.1109/CVPR.2015.7299194}}
@inproceedings{FOOD101,
  title = {Food-101 -- Mining Discriminative Components with Random Forests},
  author = {Bossard, Lukas and Guillaumin, Matthieu and Van Gool, Luc},
  booktitle = {European Conference on Computer Vision},
  year = {2014}
}
@misc{dosovitskiy2020image,
    title={An Image is Worth 16x16 Words: Transformers for Image Recognition at Scale},
    author={Alexey Dosovitskiy and Lucas Beyer and Alexander Kolesnikov and Dirk Weissenborn and Xiaohua Zhai and Thomas Unterthiner and Mostafa Dehghani and Matthias Minderer and Georg Heigold and Sylvain Gelly and Jakob Uszkoreit and Neil Houlsby},
    year={2020},
    eprint={2010.11929},
    archivePrefix={arXiv},
    primaryClass={cs.CV}
}
@misc{radosavovic2020designing,
    title={Designing Network Design Spaces},
    author={Ilija Radosavovic and Raj Prateek Kosaraju and Ross Girshick and Kaiming He and Piotr Dollár},
    year={2020},
    eprint={2003.13678},
    archivePrefix={arXiv},
    primaryClass={cs.CV}
}
@misc{liu2022convnet,
    title={A ConvNet for the 2020s},
    author={Zhuang Liu and Hanzi Mao and Chao-Yuan Wu and Christoph Feichtenhofer and Trevor Darrell and Saining Xie},
    year={2022},
    eprint={2201.03545},
    archivePrefix={arXiv},
    primaryClass={cs.CV}
}
@InProceedings{DTD,
	      Author    = {M. Cimpoi and S. Maji and I. Kokkinos and S. Mohamed and and A. Vedaldi},
	      Title     = {Describing Textures in the Wild},
	      Booktitle = {Proceedings of the {IEEE} Conf. on Computer Vision and Pattern Recognition ({CVPR})},
	      Year      = {2014}}
@book{10.5555/2823820,
author = {Oriyano, Sean-Philip},
title = {CEH: Certified Ethical Hacker Version 8 Study Guide},
year = {2014},
isbn = {111864767X},
publisher = {SYBEX Inc.},
address = {USA},
edition = {1st},
abstract = {Prepare for the new Certified Ethical Hacker version 8 exam with this Sybex guideSecurity professionals remain in high demand. The Certified Ethical Hacker is a one-of-a-kind certification designed to give the candidate a look inside the mind of a hacker. This study guide provides a concise, easy-to-follow approach that covers all of the exam objectives and includes numerous examples and hands-on exercises. Coverage includes cryptography, footprinting and reconnaissance, scanning networks, enumeration of services, gaining access to a system, Trojans, viruses, worms, covert channels, and much more. A companion website includes additional study tools, Including practice exam and chapter review questions and electronic flashcards. * Security remains the fastest growing segment of IT, and CEH certification provides unique skills * The CEH also satisfies the Department of Defense's 8570 Directive, which requires all Information Assurance government positions to hold one of the approved certifications * This Sybex study guide is perfect for candidates studying on their own as well as those who are taking the CEHv8 course * Covers all the exam objectives with an easy-to-follow approach * Companion website includes practice exam questions, flashcards, and a searchable Glossary of key termsCEHv8: Certified Ethical Hacker Version 8 Study Guide is the book you need when you're ready to tackle this challenging exam Also available as a set, Etical Hacking and Web Hacking Set, 9781119072171 with The Web Application Hacker's Handbook: Finding and Exploiting Security Flaws, 2nd Edition.}
}
@inproceedings{
GRASP,
title={Picking Winning Tickets Before Training by Preserving Gradient Flow},
author={Chaoqi Wang and Guodong Zhang and Roger Grosse},
booktitle={International Conference on Learning Representations},
year={2020},
url={https://openreview.net/forum?id=SkgsACVKPH}
}
@inproceedings{skeletonization,
 author = {Mozer, Michael C and Smolensky, Paul},
 booktitle = {Advances in Neural Information Processing Systems},
 publisher = {Morgan-Kaufmann},
 title = {Skeletonization: A Technique for Trimming the Fat from a Network via Relevance Assessment},
 url = {https://proceedings.neurips.cc/paper_files/paper/1988/file/07e1cd7dca89a1678042477183b7ac3f-Paper.pdf},
 year = {1988}
}
@article{Stewart2020ARO,
  title={A review of interactions between peripheral and foveal vision},
  author={Emma E. M. Stewart and Matteo Valsecchi and Alexander C. Sch{\"u}tz},
  journal={Journal of Vision},
  year={2020},
  volume={20},
}
@book{peterson1972error,
  title     = {Error-Correcting Codes},
  author    = {Peterson, W. Wesley and Weldon, E. J.},
  year      = {1972},
  edition   = {2nd},
  publisher = {MIT Press},
  address   = {Cambridge, MA},
}
@misc{howard2019searching,
    title={Searching for MobileNetV3},
    author={Andrew Howard and Mark Sandler and Grace Chu and Liang-Chieh Chen and Bo Chen and Mingxing Tan and Weijun Wang and Yukun Zhu and Ruoming Pang and Vijay Vasudevan and Quoc V. Le and Hartwig Adam},
    year={2019},
    eprint={1905.02244},
    archivePrefix={arXiv},
    primaryClass={cs.CV}
}
@misc{tan2019efficientnet,
    title={EfficientNet: Rethinking Model Scaling for Convolutional Neural Networks},
    author={Mingxing Tan and Quoc V. Le},
    year={2019},
    eprint={1905.11946},
    archivePrefix={arXiv},
    primaryClass={cs.LG}
}
@misc{he2015deep,
    title={Deep Residual Learning for Image Recognition},
    author={Kaiming He and Xiangyu Zhang and Shaoqing Ren and Jian Sun},
    year={2015},
    eprint={1512.03385},
    archivePrefix={arXiv},
    primaryClass={cs.CV}
}
@article{science,
author = {David C. Van Essen  and Charles H. Anderson  and Daniel J. Felleman },
title = {Information Processing in the Primate Visual System: An Integrated Systems Perspective},
journal = {Science},
volume = {255},
number = {5043},
pages = {419-423},
year = {1992},
doi = {10.1126/science.1734518},
URL = {https://www.science.org/doi/abs/10.1126/science.1734518},
eprint = {https://www.science.org/doi/pdf/10.1126/science.1734518},}

@book{kandel2000principles,
  title={Principles of Neural Science, Fourth Edition},
  author={Kandel, E.R. and Schwartz, J.H. and Jessell, T.},
  isbn={9780838577011},
  lccn={99044479},
  url={https://books.google.co.il/books?id=yzEFK7Xc87YC},
  year={2000},
  publisher={McGraw-Hill Companies,Incorporated}
}

@misc{ma2018shufflenet,
    title={ShuffleNet V2: Practical Guidelines for Efficient CNN Architecture Design},
    author={Ningning Ma and Xiangyu Zhang and Hai-Tao Zheng and Jian Sun},
    year={2018},
    eprint={1807.11164},
    archivePrefix={arXiv},
    primaryClass={cs.CV}
}
@inproceedings{LeCun1989OptimalBD,
 author = {LeCun, Yann and Denker, John and Solla, Sara},
 booktitle = {Advances in Neural Information Processing Systems},
 editor = {D. Touretzky},
 pages = {},
 publisher = {Morgan-Kaufmann},
 title = {Optimal Brain Damage},
 url = {https://proceedings.neurips.cc/paper_files/paper/1989/file/6c9882bbac1c7093bd25041881277658-Paper.pdf},
 volume = {2},
 year = {1989}
}
@inproceedings{TBD,
author = {Hong, Sanghyun and Frigo, Pietro and Kaya, Yi\u{g}itcan and Giuffrida, Cristiano and Dumitra\c{s}, Tudor},
title = {Terminal brain damage: exposing the graceless degradation in deep neural networks under hardware fault attacks},
year = {2019},
isbn = {9781939133069},
publisher = {USENIX Association},
address = {USA},
booktitle = {Proceedings of the 28th USENIX Conference on Security Symposium},
pages = {497–514},
numpages = {18},
location = {Santa Clara, CA, USA},
series = {SEC'19}
}
@inproceedings {DeepHammer,
author = {Fan Yao and Adnan Siraj Rakin and Deliang Fan},
title = {{DeepHammer}: Depleting the Intelligence of Deep Neural Networks through Targeted Chain of Bit Flips},
booktitle = {29th USENIX Security Symposium (USENIX Security 20)},
year = {2020},
isbn = {978-1-939133-17-5},
pages = {1463--1480},
url = {https://www.usenix.org/conference/usenixsecurity20/presentation/yao},
publisher = {USENIX Association},
month = aug
}
@inproceedings {Throwhammer,
author = {Andrei Tatar and Radhesh Krishnan Konoth and Elias Athanasopoulos and Cristiano Giuffrida and Herbert Bos and Kaveh Razavi},
title = {Throwhammer: Rowhammer Attacks over the Network and Defenses},
booktitle = {2018 USENIX Annual Technical Conference (USENIX ATC 18)},
year = {2018},
isbn = {ISBN 978-1-939133-01-4},
address = {Boston, MA},
pages = {213--226},
url = {https://www.usenix.org/conference/atc18/presentation/tatar},
publisher = {USENIX Association},
month = jul
}
@INPROCEEDINGS{Plundervolt,
  author={Murdock, Kit and Oswald, David and Garcia, Flavio D. and Van Bulck, Jo and Gruss, Daniel and Piessens, Frank},
  booktitle={2020 IEEE Symposium on Security and Privacy (SP)}, 
  title={Plundervolt: Software-based Fault Injection Attacks against Intel SGX}, 
  year={2020},
  volume={},
  number={},
  pages={1466-1482},
  keywords={Program processors;Voltage control;Cryptography;Clocks;Regulators},
  doi={10.1109/SP40000.2020.00057}}



@inproceedings{ImageNetClassification,
author = {Krizhevsky, Alex and Sutskever, Ilya and Hinton, Geoffrey E.},
title = {ImageNet classification with deep convolutional neural networks},
year = {2012},
publisher = {Curran Associates Inc.},
address = {Red Hook, NY, USA},
booktitle = {Proceedings of the 26th International Conference on Neural Information Processing Systems - Volume 1},
pages = {1097–1105},
numpages = {9},
location = {Lake Tahoe, Nevada},
series = {NIPS'12}
}

@inbook{VisualizingAndUnderstanding,
   title={Visualizing and Understanding Convolutional Networks},
   ISBN={9783319105901},
   ISSN={1611-3349},
   url={http://dx.doi.org/10.1007/978-3-319-10590-1_53},
   DOI={10.1007/978-3-319-10590-1_53},
   booktitle={Computer Vision – ECCV 2014},
   publisher={Springer International Publishing},
   author={Zeiler, Matthew D. and Fergus, Rob},
   year={2014},
   pages={818–833} }