@article{awadalla2023openflamingo,
  title={Openflamingo: An open-source framework for training large autoregressive vision-language models},
  author={Awadalla, Anas and Gao, Irena and Gardner, Josh and Hessel, Jack and Hanafy, Yusuf and Zhu, Wanrong and Marathe, Kalyani and Bitton, Yonatan and Gadre, Samir and Sagawa, Shiori and others},
  journal={arXiv preprint arXiv:2308.01390},
  year={2023}
}

@article{bai2023qwen,
  title={Qwen-vl: A frontier large vision-language model with versatile abilities},
  author={Bai, Jinze and Bai, Shuai and Yang, Shusheng and Wang, Shijie and Tan, Sinan and Wang, Peng and Lin, Junyang and Zhou, Chang and Zhou, Jingren},
  journal={arXiv preprint arXiv:2308.12966},
  year={2023}
}

@article{bitton2023visit,
  title={Visit-bench: A benchmark for vision-language instruction following inspired by real-world use},
  author={Bitton, Yonatan and Bansal, Hritik and Hessel, Jack and Shao, Rulin and Zhu, Wanrong and Awadalla, Anas and Gardner, Josh and Taori, Rohan and Schimdt, Ludwig},
  journal={arXiv preprint arXiv:2308.06595},
  year={2023}
}

@article{brown2020language,
  title={Language models are few-shot learners},
  author={Brown, Tom and Mann, Benjamin and Ryder, Nick and Subbiah, Melanie and Kaplan, Jared D and Dhariwal, Prafulla and Neelakantan, Arvind and Shyam, Pranav and Sastry, Girish and Askell, Amanda and others},
  journal={NeurIPS},
  year={2020}
}

@article{chiang2023vicuna,
  title={Vicuna: An open-source chatbot impressing gpt-4 with 90\%* chatgpt quality},
  author={Chiang, Wei-Lin and Li, Zhuohan and Lin, Zi and Sheng, Ying and Wu, Zhanghao and Zhang, Hao and Zheng, Lianmin and Zhuang, Siyuan and Zhuang, Yonghao and Gonzalez, Joseph E and others},
  journal={https://vicuna.lmsys.org},
  year={2023}
}

@article{dai2024instructblip,
  title={Instructblip: Towards general-purpose vision-language models with instruction tuning},
  author={Dai, Wenliang and Li, Junnan and Li, Dongxu and Tiong, Anthony Meng Huat and Zhao, Junqi and Wang, Weisheng and Li, Boyang and Fung, Pascale N and Hoi, Steven},
  journal={NeurIPS},
  year={2024}
}

@article{fu2023challenger,
  title={A challenger to gpt-4v? early explorations of gemini in visual expertise},
  author={Fu, Chaoyou and Zhang, Renrui and Lin, Haojia and Wang, Zihan and Gao, Timin and Luo, Yongdong and Huang, Yubo and Zhang, Zhengye and Qiu, Longtian and Ye, Gaoxiang and others},
  journal={arXiv preprint arXiv:2312.12436},
  year={2023}
}

@article{fu2023mme,
  title={MME: A Comprehensive Evaluation Benchmark for Multimodal Large Language Models},
  author={Fu, Chaoyou and Chen, Peixian and Shen, Yunhang and Qin, Yulei and Zhang, Mengdan and Lin, Xu and Yang, Jinrui and Zheng, Xiawu and Li, Ke and Sun, Xing and others},
  journal={arXiv preprint arXiv:2306.13394},
  year={2023}
}

@article{fu2024blink,
  title={Blink: Multimodal large language models can see but not perceive},
  author={Fu, Xingyu and Hu, Yushi and Li, Bangzheng and Feng, Yu and Wang, Haoyu and Lin, Xudong and Roth, Dan and Smith, Noah A and Ma, Wei-Chiu and Krishna, Ranjay},
  journal={arXiv preprint arXiv:2404.12390},
  year={2024}
}

@article{fu2024mme,
  title={MME-Survey: A Comprehensive Survey on Evaluation of Multimodal LLMs},
  author={Fu, Chaoyou and Zhang, Yi-Fan and Yin, Shukang and Li, Bo and Fang, Xinyu and Zhao, Sirui and Duan, Haodong and Sun, Xing and Liu, Ziwei and Wang, Liang and others},
  journal={arXiv preprint arXiv:2411.15296},
  year={2024}
}

@article{fu2024vita,
  title={Vita: Towards open-source interactive omni multimodal llm},
  author={Fu, Chaoyou and Lin, Haojia and Long, Zuwei and Shen, Yunhang and Zhao, Meng and Zhang, Yifan and Dong, Shaoqi and Wang, Xiong and Yin, Di and Ma, Long and others},
  journal={arXiv preprint arXiv:2408.05211},
  year={2024}
}

@article{gpt4,
  title={Gpt-4 technical report},
  author={OpenAI.},
  year={2023}
}

@misc{han2023coremm,
  title={InfiMM-Eval: Complex Open-Ended Reasoning Evaluation For Multi-Modal Large Language Models}, 
  author={Xiaotian Han and Quanzeng You and Yongfei Liu and Wentao Chen and Huangjie Zheng and Khalil Mrini and Xudong Lin and Yiqi Wang and Bohan Zhai and Jianbo Yuan and Heng Wang and Hongxia Yang},
  year={2023},
  eprint={2311.11567},
  archivePrefix={arXiv},
  primaryClass={cs.CV}
}

@article{li2023blip,
  title={Blip-2: Bootstrapping language-image pre-training with frozen image encoders and large language models},
  author={Li, Junnan and Li, Dongxu and Savarese, Silvio and Hoi, Steven},
  journal={arXiv preprint arXiv:2301.12597},
  year={2023}
}

@article{liu2023visual,
  title={Visual instruction tuning},
  author={Liu, Haotian and Li, Chunyuan and Wu, Qingyang and Lee, Yong Jae},
  journal={arXiv preprint arXiv:2304.08485},
  year={2023}
}

@inproceedings{lu2024mathvista,
  author    = {Lu, Pan and Bansal, Hritik and Xia, Tony and Liu, Jiacheng and Li, Chunyuan and Hajishirzi, Hannaneh and Cheng, Hao and Chang, Kai-Wei and Galley, Michel and Gao, Jianfeng},
  title     = {MathVista: Evaluating Mathematical Reasoning of Foundation Models in Visual Contexts},
  booktitle={ICLR},
  year      = {2024}
}

@misc{mmtbench,
    title={MMT-Bench: A Comprehensive Multimodal Benchmark for Evaluating Large Vision-Language Models Towards Multitask AGI}, 
    author={Kaining Ying and Fanqing Meng and Jin Wang and Zhiqian Li and Han Lin and Yue Yang and Hao Zhang and Wenbo Zhang and Yuqi Lin and Shuo Liu and Jiayi Lei and Quanfeng Lu and Runjian Chen and Peng Xu and Renrui Zhang and Haozhe Zhang and Peng Gao and Yali Wang and Yu Qiao and Ping Luo and Kaipeng Zhang and Wenqi Shao},
    year={2024},
    eprint={2404.16006},
    archivePrefix={arXiv},
    primaryClass={cs.CV}
}

@article{touvron2023llama,
  title={Llama: Open and efficient foundation language models},
  author={Touvron, Hugo and Lavril, Thibaut and Izacard, Gautier and Martinet, Xavier and Lachaux, Marie-Anne and Lacroix, Timoth{\'e}e and Rozi{\`e}re, Baptiste and Goyal, Naman and Hambro, Eric and Azhar, Faisal and others},
  journal={arXiv preprint arXiv:2302.13971},
  year={2023}
}

@article{touvron2023llama2,
  title={Llama 2: Open foundation and fine-tuned chat models},
  author={Touvron, Hugo and Martin, Louis and Stone, Kevin and Albert, Peter and Almahairi, Amjad and Babaei, Yasmine and Bashlykov, Nikolay and Batra, Soumya and Bhargava, Prajjwal and Bhosale, Shruti and others},
  journal={arXiv preprint arXiv:2307.09288},
  year={2023}
}

@article{yan2024errorradar,
  title={Errorradar: Benchmarking complex mathematical reasoning of multimodal large language models via error detection},
  author={Yan, Yibo and Wang, Shen and Huo, Jiahao and Li, Hang and Li, Boyan and Su, Jiamin and Gao, Xiong and Zhang, Yi-Fan and Xu, Tianlong and Chu, Zhendong and others},
  journal={arXiv preprint arXiv:2410.04509},
  year={2024}
}

@article{yin2023survey,
  title={A survey on multimodal large language models},
  author={Yin, Shukang and Fu, Chaoyou and Zhao, Sirui and Li, Ke and Sun, Xing and Xu, Tong and Chen, Enhong},
  journal={arXiv preprint arXiv:2306.13549},
  year={2023}
}

@inproceedings{yu2024mm,
  title={Mm-vet: Evaluating large multimodal models for integrated capabilities},
  author={Yu, Weihao and Yang, Zhengyuan and Li, Linjie and Wang, Jianfeng and Lin, Kevin and Liu, Zicheng and Wang, Xinchao and Wang, Lijuan},
  booktitle={ICML},
  year={2024}
}

@article{zhang2024beyond,
  title={Beyond LLaVA-HD: Diving into High-Resolution Large Multimodal Models},
  author={Zhang, Yi-Fan and Wen, Qingsong and Fu, Chaoyou and Wang, Xue and Zhang, Zhang and Wang, Liang and Jin, Rong},
  journal={arXiv preprint arXiv:2406.08487},
  year={2024}
}

@article{zhang2024debiasing,
  title={Debiasing large visual language models},
  author={Zhang, Yi-Fan and Yu, Weichen and Wen, Qingsong and Wang, Xue and Zhang, Zhang and Wang, Liang and Jin, Rong and Tan, Tieniu},
  journal={arXiv preprint arXiv:2403.05262},
  year={2024}
}

@article{zhang2024mme,
  title={MME-RealWorld: Could Your Multimodal LLM Challenge High-Resolution Real-World Scenarios that are Difficult for Humans?},
  author={Zhang, Yi-Fan and Zhang, Huanyu and Tian, Haochen and Fu, Chaoyou and Zhang, Shuangqing and Wu, Junfei and Li, Feng and Wang, Kun and Wen, Qingsong and Zhang, Zhang and others},
  journal={arXiv preprint arXiv:2408.13257},
  year={2024}
}

