@inproceedings{bian2022can,
  title={CAN: feature co-action network for click-through rate prediction},
  author={Bian, Weijie and Wu, Kailun and Ren, Lejian and Pi, Qi and Zhang, Yujing and Xiao, Can and Sheng, Xiang-Rong and Zhu, Yong-Nan and Chan, Zhangming and Mou, Na and others},
  booktitle={Proceedings of the fifteenth ACM international conference on web search and data mining},
  pages={57--65},
  year={2022}
}

@inproceedings{chai2022umi,
  title={User-aware multi-interest learning for candidate matching in recommenders},
  author={Chai, Zheng and Chen, Zhihong and Li, Chenliang and Xiao, Rong and Li, Houyi and Wu, Jiawei and Chen, Jingxu and Tang, Haihong},
  booktitle={Proceedings of the 45th International ACM SIGIR Conference on Research and Development in Information Retrieval},
  pages={1326--1335},
  year={2022}
}

@inproceedings{chang2023pepnet,
  title={Pepnet: Parameter and embedding personalized network for infusing with personalized prior information},
  author={Chang, Jianxin and Zhang, Chenbin and Hui, Yiqun and Leng, Dewei and Niu, Yanan and Song, Yang and Gai, Kun},
  booktitle={Proceedings of the 29th ACM SIGKDD Conference on Knowledge Discovery and Data Mining},
  pages={3795--3804},
  year={2023}
}

@inproceedings{cheng2016wide,
  title={Wide \& deep learning for recommender systems},
  author={Cheng, Heng-Tze and Koc, Levent and Harmsen, Jeremiah and Shaked, Tal and Chandra, Tushar and Aradhye, Hrishi and Anderson, Glen and Corrado, Greg and Chai, Wei and Ispir, Mustafa and others},
  booktitle={Proceedings of the 1st workshop on deep learning for recommender systems},
  pages={7--10},
  year={2016}
}

@inproceedings{covington2016deep,
  title={Deep neural networks for youtube recommendations},
  author={Covington, Paul and Adams, Jay and Sargin, Emre},
  booktitle={Proceedings of the 10th ACM conference on recommender systems},
  pages={191--198},
  year={2016}
}

@inproceedings{guo2017deepfm,
  title={DeepFM: a factorization-machine based neural network for CTR prediction},
  author={Guo, Huifeng and Tang, Ruiming and Ye, Yunming and Li, Zhenguo and He, Xiuqiang},
  booktitle={Proceedings of the 26th International Joint Conference on Artificial Intelligence},
  pages={1725--1731},
  year={2017}
}

@inproceedings{guo2023dffm,
  title={DFFM: Domain Facilitated Feature Modeling for CTR Prediction},
  author={Guo, Wei and Zhu, Chenxu and Yan, Fan and Chen, Bo and Liu, Weiwen and Guo, Huifeng and Zheng, Hongkun and Liu, Yong and Tang, Ruiming},
  booktitle={Proceedings of the 32nd ACM International Conference on Information and Knowledge Management},
  pages={4602--4608},
  year={2023}
}

@article{huang2020gatenet,
  title={GateNet: gating-enhanced deep network for click-through rate prediction},
  author={Huang, Tongwen and She, Qingyun and Wang, Zhiqiang and Zhang, Junlin},
  journal={arXiv preprint arXiv:2007.03519},
  year={2020}
}

@inproceedings{pi2020search,
  title={Search-based user interest modeling with lifelong sequential behavior data for click-through rate prediction},
  author={Pi, Qi and Zhou, Guorui and Zhang, Yujing and Wang, Zhe and Ren, Lejian and Fan, Ying and Zhu, Xiaoqiang and Gai, Kun},
  booktitle={Proceedings of the 29th ACM International Conference on Information \& Knowledge Management},
  pages={2685--2692},
  year={2020}
}

@inproceedings{rendle2010factorization,
  title={Factorization machines},
  author={Rendle, Steffen},
  booktitle={2010 IEEE International conference on data mining},
  pages={995--1000},
  year={2010},
  organization={IEEE}
}

@inproceedings{shen2022deep,
  title={Deep interest highlight network for click-through rate prediction in trigger-induced recommendation},
  author={Shen, Qijie and Wen, Hong and Tao, Wanjie and Zhang, Jing and Lv, Fuyu and Chen, Zulong and Li, Zhao},
  booktitle={Proceedings of the ACM Web Conference 2022},
  pages={422--430},
  year={2022}
}

@inproceedings{sheng2021one,
  title={One model to serve all: Star topology adaptive recommender for multi-domain ctr prediction},
  author={Sheng, Xiang-Rong and Zhao, Liqin and Zhou, Guorui and Ding, Xinyao and Dai, Binding and Luo, Qiang and Yang, Siran and Lv, Jingshan and Zhang, Chi and Deng, Hongbo and others},
  booktitle={Proceedings of the 30th ACM International Conference on Information \& Knowledge Management},
  pages={4104--4113},
  year={2021}
}

@inproceedings{tang2020progressive,
  title={Progressive layered extraction (ple): A novel multi-task learning (mtl) model for personalized recommendations},
  author={Tang, Hongyan and Liu, Junning and Zhao, Ming and Gong, Xudong},
  booktitle={Proceedings of the 14th ACM Conference on Recommender Systems},
  pages={269--278},
  year={2020}
}

@article{vaswani2017attention,
  title={Attention is all you need},
  author={Vaswani, Ashish and Shazeer, Noam and Parmar, Niki and Uszkoreit, Jakob and Jones, Llion and Gomez, Aidan N and Kaiser, {\L}ukasz and Polosukhin, Illia},
  journal={Advances in neural information processing systems},
  volume={30},
  year={2017}
}

@incollection{wang2017deep,
  title={Deep \& cross network for ad click predictions},
  author={Wang, Ruoxi and Fu, Bin and Fu, Gang and Wang, Mingliang},
  booktitle={Proceedings of the ADKDD'17},
  pages={1--7},
  year={2017}
}

@inproceedings{wang2021dcn,
  title={DCN v2: Improved deep \& cross network and practical lessons for web-scale learning to rank systems},
  author={Wang, Ruoxi and Shivanna, Rakesh and Cheng, Derek and Jain, Sagar and Lin, Dong and Hong, Lichan and Chi, Ed},
  booktitle={Proceedings of the web conference 2021},
  pages={1785--1797},
  year={2021}
}

@inproceedings{wang2022frnet,
  title={Enhancing CTR prediction with context-aware feature representation learning},
  author={Wang, Fangye and Wang, Yingxu and Li, Dongsheng and Gu, Hansu and Lu, Tun and Zhang, Peng and Gu, Ning},
  booktitle={Proceedings of the 45th International ACM SIGIR Conference on Research and Development in Information Retrieval},
  pages={343--352},
  year={2022}
}

@article{yan2022apg,
  title={Apg: Adaptive parameter generation network for click-through rate prediction},
  author={Yan, Bencheng and Wang, Pengjie and Zhang, Kai and Li, Feng and Deng, Hongbo and Xu, Jian and Zheng, Bo},
  journal={Advances in Neural Information Processing Systems},
  volume={35},
  pages={24740--24752},
  year={2022}
}

@inproceedings{yang2022adasparse,
  title={Adasparse: Learning adaptively sparse structures for multi-domain click-through rate prediction},
  author={Yang, Xuanhua and Peng, Xiaoyu and Wei, Penghui and Liu, Shaoguo and Wang, Liang and Zheng, Bo},
  booktitle={Proceedings of the 31st ACM International Conference on Information \& Knowledge Management},
  pages={4635--4639},
  year={2022}
}

@inproceedings{zhang2022dhen,
  title={DHEN: A deep and hierarchical ensemble network for large-scale click-through rate prediction},
  author={Zhang, Buyun and Luo, Liang and Liu, Xi and Li, Jay and Chen, Zeliang and Zhang, Weilin and Wei, Xiaohan and Hao, Yuchen and Tsang, Michael and Wang, Wenjun and others},
  booktitle={Proceedings of the DLP-KDD},
  year={2022}
}

@inproceedings{zhou2018deep,
  title={Deep interest network for click-through rate prediction},
  author={Zhou, Guorui and Zhu, Xiaoqiang and Song, Chenru and Fan, Ying and Zhu, Han and Ma, Xiao and Yan, Yanghui and Jin, Junqi and Li, Han and Gai, Kun},
  booktitle={Proceedings of the 24th ACM SIGKDD international conference on knowledge discovery \& data mining},
  pages={1059--1068},
  year={2018}
}

@inproceedings{zhou2019deep,
  title={Deep interest evolution network for click-through rate prediction},
  author={Zhou, Guorui and Mou, Na and Fan, Ying and Pi, Qi and Bian, Weijie and Zhou, Chang and Zhu, Xiaoqiang and Gai, Kun},
  booktitle={Proceedings of the AAAI conference on artificial intelligence},
  volume={33},
  number={01},
  pages={5941--5948},
  year={2019}
}

