@article{creswell2018generative,
  title={Generative adversarial networks: An overview},
  author={Creswell, Antonia and White, Tom and Dumoulin, Vincent and Arulkumaran, Kai and Sengupta, Biswa and Bharath, Anil A},
  journal={IEEE signal processing magazine},
  volume={35},
  number={1},
  pages={53--65},
  year={2018},
  publisher={IEEE}
}

@article{ho2020denoising,
  title={Denoising diffusion probabilistic models},
  author={Ho, Jonathan and Jain, Ajay and Abbeel, Pieter},
  journal={Advances in Neural Information Processing Systems},
  volume={33},
  pages={6840--6851},
  year={2020}
}

@inproceedings{li2022tava,
  title={Tava: Template-free animatable volumetric actors},
  author={Li, Ruilong and Tanke, Julian and Vo, Minh and Zollh{\"o}fer, Michael and Gall, J{\"u}rgen and Kanazawa, Angjoo and Lassner, Christoph},
  booktitle={Computer Vision--ECCV 2022: 17th European Conference, Tel Aviv, Israel, October 23--27, 2022, Proceedings, Part XXXII},
  pages={419--436},
  year={2022},
  organization={Springer}
}

@misc{Renderpeople,
    author = {{Renderpeople}},
    title = {Renderpeople},
    howpublished = {\url{https://renderpeople.com/}}
}

@misc{Mixamo,
    author = {{Mixamo}},
    title = {Mixamo},
    howpublished = {\url{https://www.mixamo.com/}}
}

@article{kingma2014adam,
  title={Adam: A method for stochastic optimization},
  author={Kingma, Diederik P and Ba, Jimmy},
  journal={arXiv preprint arXiv:1412.6980},
  year={2014}
}
@article{wang2018video,
  title={Video-to-video synthesis},
  author={Wang, Ting-Chun and Liu, Ming-Yu and Zhu, Jun-Yan and Liu, Guilin and Tao, Andrew and Kautz, Jan and Catanzaro, Bryan},
  journal={arXiv preprint arXiv:1808.06601},
  year={2018}
}

@article{gropp2020implicit,
  title={Implicit geometric regularization for learning shapes},
  author={Gropp, Amos and Yariv, Lior and Haim, Niv and Atzmon, Matan and Lipman, Yaron},
  journal={arXiv preprint arXiv:2002.10099},
  year={2020}
}

@article{yariv2021volume,
  title={Volume rendering of neural implicit surfaces},
  author={Yariv, Lior and Gu, Jiatao and Kasten, Yoni and Lipman, Yaron},
  journal={Advances in Neural Information Processing Systems},
  volume={34},
  pages={4805--4815},
  year={2021}
}
@inproceedings{zeng2020srnet,
  title={Srnet: Improving generalization in 3d human pose estimation with a split-and-recombine approach},
  author={Zeng, Ailing and Sun, Xiao and Huang, Fuyang and Liu, Minhao and Xu, Qiang and Lin, Stephen},
  booktitle={European Conference on Computer Vision},
  pages={507--523},
  year={2020},
  organization={Springer}
}


@article{wang2021neus,
  title={Neus: Learning neural implicit surfaces by volume rendering for multi-view reconstruction},
  author={Wang, Peng and Liu, Lingjie and Liu, Yuan and Theobalt, Christian and Komura, Taku and Wang, Wenping},
  journal={arXiv preprint arXiv:2106.10689},
  year={2021}
}

@article{peng2022animatable,
  title={Animatable Neural Implicit Surfaces for Creating Avatars from Videos},
  author={Peng, Sida and Zhang, Shangzhan and Xu, Zhen and Geng, Chen and Jiang, Boyi and Bao, Hujun and Zhou, Xiaowei},
  journal={arXiv preprint arXiv:2203.08133},
  year={2022}
}
@article{yariv2020multiview,
  title={Multiview neural surface reconstruction by disentangling geometry and appearance},
  author={Yariv, Lior and Kasten, Yoni and Moran, Dror and Galun, Meirav and Atzmon, Matan and Ronen, Basri and Lipman, Yaron},
  journal={Advances in Neural Information Processing Systems},
  volume={33},
  pages={2492--2502},
  year={2020}
}

@inproceedings{xu2022surface,
  title={Surface-Aligned Neural Radiance Fields for Controllable 3D Human Synthesis},
  author={Xu, Tianhan and Fujita, Yasuhiro and Matsumoto, Eiichi},
  booktitle={Proceedings of the IEEE/CVF Conference on Computer Vision and Pattern Recognition},
  pages={15883--15892},
  year={2022}
}

@inproceedings{zhang2022ndf,
  title={{NDF}: Neural Deformable Fields for Dynamic Human Modelling},
  author={Zhang, Ruiqi and Chen, Jie},
  booktitle={European Conference on Computer Vision},
  pages={1--14},
  year={2022},
  organization={Springer}
}



@inproceedings{weng2022humannerf,
  title={Humannerf: Free-viewpoint rendering of moving people from monocular video},
  author={Weng, Chung-Yi and Curless, Brian and Srinivasan, Pratul P and Barron, Jonathan T and Kemelmacher-Shlizerman, Ira},
  booktitle={Proceedings of the IEEE/CVF Conference on Computer Vision and Pattern Recognition},
  pages={16210--16220},
  year={2022}
}

@article{liu2020neuralvoxel,
  title={Neural sparse voxel fields},
  author={Liu, Lingjie and Gu, Jiatao and Zaw Lin, Kyaw and Chua, Tat-Seng and Theobalt, Christian},
  journal={Advances in Neural Information Processing Systems},
  volume={33},
  pages={15651--15663},
  year={2020}
}

@inproceedings{garbin2021fastnerf,
  title={Fastnerf: High-fidelity neural rendering at 200fps},
  author={Garbin, Stephan J and Kowalski, Marek and Johnson, Matthew and Shotton, Jamie and Valentin, Julien},
  booktitle={Proceedings of the IEEE/CVF International Conference on Computer Vision},
  pages={14346--14355},
  year={2021}
}

@inproceedings{noguchi2021neural,
  title={Neural articulated radiance field},
  author={Noguchi, Atsuhiro and Sun, Xiao and Lin, Stephen and Harada, Tatsuya},
  booktitle={Proceedings of the IEEE/CVF International Conference on Computer Vision},
  pages={5762--5772},
  year={2021}
}

@inproceedings{shao2022doublefield,
  title={Doublefield: Bridging the neural surface and radiance fields for high-fidelity human reconstruction and rendering},
  author={Shao, Ruizhi and Zhang, Hongwen and Zhang, He and Chen, Mingjia and Cao, Yan-Pei and Yu, Tao and Liu, Yebin},
  booktitle={Proceedings of the IEEE/CVF Conference on Computer Vision and Pattern Recognition},
  pages={15872--15882},
  year={2022}
}

@article{park2021hypernerf,
  author = {Park, Keunhong and Sinha, Utkarsh and Hedman, Peter and Barron, Jonathan T. and Bouaziz, Sofien and Goldman, Dan B and Martin-Brualla, Ricardo and Seitz, Steven M.},
  title = {HyperNeRF: A Higher-Dimensional Representation for Topologically Varying Neural Radiance Fields},
  journal = {ACM Trans. Graph.},
  issue_date = {December 2021},
  publisher = {ACM},
  volume = {40},
  number = {6},
  month = {Dec},
  year = {2021},
  articleno = {238},
}

@inproceedings{li2021neural,
  title={Neural scene flow fields for space-time view synthesis of dynamic scenes},
  author={Li, Zhengqi and Niklaus, Simon and Snavely, Noah and Wang, Oliver},
  booktitle={Proceedings of the IEEE/CVF Conference on Computer Vision and Pattern Recognition},
  pages={6498--6508},
  year={2021}
}

@inproceedings{dai2020neural,
  title={Neural point cloud rendering via multi-plane projection},
  author={Dai, Peng and Zhang, Yinda and Li, Zhuwen and Liu, Shuaicheng and Zeng, Bing},
  booktitle={Proceedings of the IEEE/CVF Conference on Computer Vision and Pattern Recognition},
  pages={7830--7839},
  year={2020}
}

@inproceedings{lewis2000pose,
  title={Pose space deformation: a unified approach to shape interpolation and skeleton-driven deformation},
  author={Lewis, John P and Cordner, Matt and Fong, Nickson},
  booktitle={Proceedings of the 27th annual conference on Computer graphics and interactive techniques},
  pages={165--172},
  year={2000}
}

@article{lombardi2019neural,
 author = {Stephen Lombardi and Tomas Simon and Jason Saragih and Gabriel Schwartz and Andreas Lehrmann and Yaser Sheikh},
 title = {Neural Volumes: Learning Dynamic Renderable Volumes from Images},
 journal = {ACM Trans. Graph.},
 issue_date = {July 2019},
 volume = {38},
 number = {4},
 month = Jul,
 year = {2019},
 issn = {0730-0301},
 pages = {65:1--65:14},
 articleno = {65},
 numpages = {14},
 acmid = {3323020},
 publisher = {ACM},
 address = {New York, NY, USA},
}
%  url = {http://doi.acm.org/10.1145/3306346.3323020},
%  doi = {10.1145/3306346.3323020},

@inproceedings{martin2021nerf,
  title={Nerf in the wild: Neural radiance fields for unconstrained photo collections},
  author={Martin-Brualla, Ricardo and Radwan, Noha and Sajjadi, Mehdi SM and Barron, Jonathan T and Dosovitskiy, Alexey and Duckworth, Daniel},
  booktitle={Proceedings of the IEEE/CVF Conference on Computer Vision and Pattern Recognition},
  pages={7210--7219},
  year={2021}
}

@inproceedings{yu2021pixelnerf,
  title={pixelnerf: Neural radiance fields from one or few images},
  author={Yu, Alex and Ye, Vickie and Tancik, Matthew and Kanazawa, Angjoo},
  booktitle={Proceedings of the IEEE/CVF Conference on Computer Vision and Pattern Recognition},
  pages={4578--4587},
  year={2021}
}

@article{guo2019relightables,
  title={The relightables: Volumetric performance capture of humans with realistic relighting},
  author={Guo, Kaiwen and Lincoln, Peter and Davidson, Philip and Busch, Jay and Yu, Xueming and Whalen, Matt and Harvey, Geoff and Orts-Escolano, Sergio and Pandey, Rohit and Dourgarian, Jason and others},
  journal={ACM Transactions on Graphics},
  volume={38},
  number={6},
  pages={1--19},
  year={2019},
  publisher={ACM New York, NY, USA}
}

@article{collet2015high,
  title={High-quality streamable free-viewpoint video},
  author={Collet, Alvaro and Chuang, Ming and Sweeney, Pat and Gillett, Don and Evseev, Dennis and Calabrese, David and Hoppe, Hugues and Kirk, Adam and Sullivan, Steve},
  journal={ACM Transactions on Graphics},
  volume={34},
  number={4},
  pages={1--13},
  year={2015},
  publisher={ACM New York, NY, USA}
}

@inproceedings{joo2018total,
  title={Total capture: A 3d deformation model for tracking faces, hands, and bodies},
  author={Joo, Hanbyul and Simon, Tomas and Sheikh, Yaser},
  booktitle={Proceedings of the IEEE conference on computer vision and pattern recognition},
  pages={8320--8329},
  year={2018}
}

@article{hedman2018deep,
  title={Deep blending for free-viewpoint image-based rendering},
  author={Hedman, Peter and Philip, Julien and Price, True and Frahm, Jan-Michael and Drettakis, George and Brostow, Gabriel},
  journal={ACM Transactions on Graphics},
  volume={37},
  number={6},
  pages={1--15},
  year={2018},
  publisher={ACM New York, NY, USA}
}

@inproceedings{gortler1996lumigraph,
  title={The lumigraph},
  author={Gortler, Steven J and Grzeszczuk, Radek and Szeliski, Richard and Cohen, Michael F},
  booktitle={Proceedings of the 23rd annual conference on Computer graphics and interactive techniques},
  pages={43--54},
  year={1996}
}

@misc{EasyMocap_2021,
    author = {{zju3dv}},
    year = {2021},
    title = {EasyMocap},
    howpublished = {\url{https://github.com/zju3dv/EasyMocap}}    
}

@article{kajiya1984ray,
  title={Ray tracing volume densities},
  author={Kajiya, James T and Von Herzen, Brian P},
  journal={ACM SIGGRAPH computer graphics},
  volume={18},
  number={3},
  pages={165--174},
  year={1984},
  publisher={ACM New York, NY, USA}
}

@inproceedings{pumarola2021d,
  title={D-nerf: Neural radiance fields for dynamic scenes},
  author={Pumarola, Albert and Corona, Enric and Pons-Moll, Gerard and Moreno-Noguer, Francesc},
  booktitle={Proceedings of the IEEE/CVF Conference on Computer Vision and Pattern Recognition},
  pages={10318--10327},
  year={2021}
}

@inproceedings{peng2021animatable,
  title={Animatable neural radiance fields for modeling dynamic human bodies},
  author={Peng, Sida and Dong, Junting and Wang, Qianqian and Zhang, Shangzhan and Shuai, Qing and Zhou, Xiaowei and Bao, Hujun},
  booktitle={Proceedings of the IEEE/CVF International Conference on Computer Vision},
  pages={14314--14323},
  year={2021}
}

@article{zhou2018stereo,
  title={Stereo magnification: learning view synthesis using multiplane images},
  author={Zhou, Tinghui and Tucker, Richard and Flynn, John and Fyffe, Graham and Snavely, Noah},
  journal={ACM Transactions on Graphics},
  volume={37},
  number={4},
  pages={1--12},
  year={2018},
  publisher={ACM New York, NY, USA}
}

@article{mildenhall2019local,
  title={Local light field fusion: Practical view synthesis with prescriptive sampling guidelines},
  author={Mildenhall, Ben and Srinivasan, Pratul P and Ortiz-Cayon, Rodrigo and Kalantari, Nima Khademi and Ramamoorthi, Ravi and Ng, Ren and Kar, Abhishek},
  journal={ACM Transactions on Graphics},
  volume={38},
  number={4},
  pages={1--14},
  year={2019},
  publisher={ACM New York, NY, USA}
}

@inproceedings{sitzmann2019deepvoxels,
  title={Deepvoxels: Learning persistent 3d feature embeddings},
  author={Sitzmann, Vincent and Thies, Justus and Heide, Felix and Nie{\ss}ner, Matthias and Wetzstein, Gordon and Zollhofer, Michael},
  booktitle={IEEE Conference on Computer Vision and Pattern Recognition},
  pages={2437--2446},
  year={2019}
}

@inproceedings{aliev2020neural,
  title={Neural point-based graphics},
  author={Aliev, Kara-Ali and Sevastopolsky, Artem and Kolos, Maria and Ulyanov, Dmitry and Lempitsky, Victor},
  booktitle={European Conferenc on Computer Vision},
  pages={696--712},
  year={2020},
}

@inproceedings{mildenhall2020nerf,
  title={{NERF}: Representing scenes as neural radiance fields for view synthesis},
  author={Mildenhall, Ben and Srinivasan, Pratul P and Tancik, Matthew and Barron, Jonathan T and Ramamoorthi, Ravi and Ng, Ren},
  booktitle={European conference on computer vision},
  pages={405--421},
  year={2020},
}

@article{sitzmann2019scene,
  title={Scene Representation Networks: Continuous 3D-Structure-Aware Neural Scene Representations},
  author={Sitzmann, Vincent and Zollhoefer, Michael and Wetzstein, Gordon},
  journal={Advances in Neural Information Processing Systems},
  volume={32},
  pages={1121--1132},
  year={2019}
}

@article{goodfellow2014generative,
  title={Generative adversarial nets},
  author={Goodfellow, Ian and Pouget-Abadie, Jean and Mirza, Mehdi and Xu, Bing and Warde-Farley, David and Ozair, Sherjil and Courville, Aaron and Bengio, Yoshua},
  journal={Advances in neural information processing systems},
  volume={27},
  year={2014}
}

@inproceedings{isola2017image,
  title={Image-to-image translation with conditional adversarial networks},
  author={Isola, Phillip and Zhu, Jun-Yan and Zhou, Tinghui and Efros, Alexei A},
  booktitle={IEEE conference on computer vision and pattern recognition},
  pages={1125--1134},
  year={2017}
}

@inproceedings{prokudin2021smplpix,
  title={{SMPLpix}: Neural Avatars from 3D Human Models},
  author={Prokudin, Sergey and Black, Michael J and Romero, Javier},
  booktitle={IEEEWinter Conference on Applications of Computer Vision},
  pages={1810--1819},
  year={2021}
}

@inproceedings{raj2021anr,
  title={ANR: Articulated Neural Rendering for Virtual Avatars},
  author={Raj, Amit and Tanke, Julian and Hays, James and Vo, Minh and Stoll, Carsten and Lassner, Christoph},
  booktitle={IEEE Conference on Computer Vision and Pattern Recognition},
  pages={3722--3731},
  year={2021}
}

@inproceedings{chan2019everybody,
  title={Everybody dance now},
  author={Chan, Caroline and Ginosar, Shiry and Zhou, Tinghui and Efros, Alexei A},
  booktitle={IEEE International Conference on Computer Vision},
  pages={5933--5942},
  year={2019}
}

@inproceedings{li2019dense,
  title={Dense intrinsic appearance flow for human pose transfer},
  author={Li, Yining and Huang, Chen and Loy, Chen Change},
  booktitle={IEEE Conference on Computer Vision and Pattern Recognition},
  pages={3693--3702},
  year={2019}
}

@inproceedings{aberman2019deep,
  title={Deep video-based performance cloning},
  author={Aberman, Kfir and Shi, Mingyi and Liao, Jing and Lischinski, Dani and Chen, Baoquan and Cohen-Or, Daniel},
  booktitle={Computer Graphics Forum},
  volume={38},
  number={2},
  pages={219--233},
  year={2019},
}

@article{ren2020deep,
  title={Deep spatial transformation for pose-guided person image generation and animation},
  author={Ren, Yurui and Li, Ge and Liu, Shan and Li, Thomas H},
  journal={IEEE Transactions on Image Processing},
  volume={29},
  pages={8622--8635},
  year={2020},
}

@article{liu2020neural,
author = {Liu, Lingjie and Xu, Weipeng and Habermann, Marc and Zollhöfer, Michael and Bernard, Florian and Kim, Hyeongwoo and Wang, Wenping and Theobalt, Christian},
year = {2020},
month = {May},
pages = {1-1},
title = {Neural Human Video Rendering by Learning Dynamic Textures and Rendering-to-Video Translation},
volume = {PP},
journal = {IEEE Transactions on Visualization and Computer Graphics},
}
% doi = {10.1109/TVCG.2020.2996594}

@inproceedings{shysheya2019textured,
  title={Textured neural avatars},
  author={Shysheya, Aliaksandra and Zakharov, Egor and Aliev, Kara-Ali and Bashirov, Renat and Burkov, Egor and Iskakov, Karim and Ivakhnenko, Aleksei and Malkov, Yury and Pasechnik, Igor and Ulyanov, Dmitry and others},
  booktitle={IEEE Conference on Computer Vision and Pattern Recognition},
  pages={2387--2397},
  year={2019}
}


@article{Kingma2014AutoEncodingVB,
  title={Auto-Encoding Variational Bayes},
  author={Diederik P. Kingma and Max Welling},
  journal={CoRR},
  year={2014},
  volume={abs/1312.6114}
}

@inproceedings{esser2018variational,
  title={A variational u-net for conditional appearance and shape generation},
  author={Esser, Patrick and Sutter, Ekaterina and Ommer, Bj{\"o}rn},
  booktitle={IEEE Conference on Computer Vision and Pattern Recognition},
  pages={8857--8866},
  year={2018}
}

@inproceedings{saito2019pifu,
  title={{PIFU}: Pixel-aligned implicit function for high-resolution clothed human digitization},
  author={Saito, Shunsuke and Huang, Zeng and Natsume, Ryota and Morishima, Shigeo and Kanazawa, Angjoo and Li, Hao},
  booktitle={IEEE International Conference on Computer Vision},
  pages={2304--2314},
  year={2019}
}

@inproceedings{saito2020pifuhd,
  title={{PIFUHD}: Multi-level pixel-aligned implicit function for high-resolution 3d human digitization},
  author={Saito, Shunsuke and Simon, Tomas and Saragih, Jason and Joo, Hanbyul},
  booktitle={IEEE Conference on Computer Vision and Pattern Recognition},
  pages={84--93},
  year={2020}
}


@article{habermann2021real,
  title={Real-time deep dynamic characters},
  author={Habermann, Marc and Liu, Lingjie and Xu, Weipeng and Zollhoefer, Michael and Pons-Moll, Gerard and Theobalt, Christian},
  journal={ACM Transactions on Graphics},
  volume={40},
  number={4},
  pages={1--16},
  year={2021},
  publisher={ACM New York, NY, USA}
}

@inproceedings{park2021nerfies,
  title={{Nerfies}: Deformable neural radiance fields},
  author={Park, Keunhong and Sinha, Utkarsh and Barron, Jonathan T and Bouaziz, Sofien and Goldman, Dan B and Seitz, Steven M and Martin-Brualla, Ricardo},
  booktitle={IEEE International Conference on Computer Vision},
  pages={5865--5874},
  year={2021}
}

@inproceedings{peng2021neural,
  title={Neural body: Implicit neural representations with structured latent codes for novel view synthesis of dynamic humans},
  author={Peng, Sida and Zhang, Yuanqing and Xu, Yinghao and Wang, Qianqian and Shuai, Qing and Bao, Hujun and Zhou, Xiaowei},
  booktitle={IEEE Conference on Computer Vision and Pattern Recognition},
  pages={9054--9063},
  year={2021}
}

@article{loper2015smpl,
  title={{SMPL}: A skinned multi-person linear model},
  author={Loper, Matthew and Mahmood, Naureen and Romero, Javier and Pons-Moll, Gerard and Black, Michael J},
  journal={ACM transactions on graphics},
  volume={34},
  number={6},
  pages={1--16},
  year={2015},
}


@article{liu2021neural,
author = {Liu, Lingjie and Habermann, Marc and Rudnev, Viktor and Sarkar, Kripasindhu and Gu, Jiatao and Theobalt, Christian},
title = {Neural Actor: Neural Free-View Synthesis of Human Actors with Pose Control},
year = {2021},
issue_date = {December 2021},
publisher = {Association for Computing Machinery},
address = {New York, NY, USA},
volume = {40},
number = {6},
issn = {0730-0301},
journal = {ACM Trans. Graph.},
month = {Dec},
articleno = {219},
numpages = {16},
keywords = {photo-realistic character synthesis, neural rendering}
}
% url = {https://doi.org/10.1145/3478513.3480528},
% doi = {10.1145/3478513.3480528},

@String(PAMI = {IEEE Trans. Pattern Anal. Mach. Intell.})
@String(IJCV = {Int. J. Comput. Vis.})
@String(CVPR= {IEEE Conf. Comput. Vis. Pattern Recog.})
@String(ICCV= {Int. Conf. Comput. Vis.})
@String(ECCV= {Eur. Conf. Comput. Vis.})
@String(NIPS= {Adv. Neural Inform. Process. Syst.})
@String(ICPR = {Int. Conf. Pattern Recog.})
@String(BMVC= {Brit. Mach. Vis. Conf.})
@String(TOG= {ACM Trans. Graph.})
@String(TIP  = {IEEE Trans. Image Process.})
@String(TVCG  = {IEEE Trans. Vis. Comput. Graph.})
@String(TMM  = {IEEE Trans. Multimedia})
@String(ACMMM= {ACM Int. Conf. Multimedia})
@String(ICME = {Int. Conf. Multimedia and Expo})
@String(ICASSP=	{ICASSP})
@String(ICIP = {IEEE Int. Conf. Image Process.})
@String(ACCV  = {ACCV})
@String(ICLR = {Int. Conf. Learn. Represent.})
@String(IJCAI = {IJCAI})
@String(PR   = {Pattern Recognition})
@String(AAAI = {AAAI})
@String(CVPRW= {IEEE Conf. Comput. Vis. Pattern Recog. Worksh.})
@String(CSVT = {IEEE Trans. Circuit Syst. Video Technol.})

@String(SPL	= {IEEE Sign. Process. Letters})
@String(VR   = {Vis. Res.})
@String(JOV	 = {J. Vis.})
@String(TVC  = {The Vis. Comput.})
@String(JCST  = {J. Comput. Sci. Tech.})
@String(CGF  = {Comput. Graph. Forum})
@String(CVM = {Computational Visual Media})


@String(PAMI  = {IEEE TPAMI})
@String(IJCV  = {IJCV})
@String(CVPR  = {CVPR})
@String(ICCV  = {ICCV})
@String(ECCV  = {ECCV})
@String(NIPS  = {NeurIPS})
@String(ICPR  = {ICPR})
@String(BMVC  =	{BMVC})
@String(TOG   = {ACM TOG})
@String(TIP   = {IEEE TIP})
@String(TVCG  = {IEEE TVCG})
@String(TCSVT = {IEEE TCSVT})
@String(TMM   =	{IEEE TMM})
@String(ACMMM = {ACM MM})
@String(ICME  =	{ICME})
@String(ICASSP=	{ICASSP})
@String(ICIP  = {ICIP})
@String(ACCV  = {ACCV})
@String(ICLR  = {ICLR})
@String(IJCAI = {IJCAI})
@String(PR = {PR})
@String(AAAI = {AAAI})
@String(CVPRW= {CVPRW})
@String(CSVT = {IEEE TCSVT})



@misc{Authors14,
 author = {FirstName LastName},
 title = {The frobnicatable foo filter},
 note = {Face and Gesture submission ID 324. Supplied as supplemental material {\tt fg324.pdf}},
 year = 2014
}

@misc{Authors14b,
 author = {FirstName LastName},
 title = {Frobnication tutorial},
 note = {Supplied as supplemental material {\tt tr.pdf}},
 year = 2014
}

@article{Alpher02,
author = {FirstName Alpher},
title = {Frobnication},
journal = PAMI,
volume = 12,
number = 1,
pages = {234--778},
year = 2002
}

@article{Alpher03,
author = {FirstName Alpher and  FirstName Fotheringham-Smythe},
title = {Frobnication revisited},
journal = {Journal of Foo},
volume = 13,
number = 1,
pages = {234--778},
year = 2003
}

@article{Alpher04,
author = {FirstName Alpher and FirstName Fotheringham-Smythe and FirstName Gamow},
title = {Can a machine frobnicate?},
journal = {Journal of Foo},
volume = 14,
number = 1,
pages = {234--778},
year = 2004
}

@inproceedings{Alpher05,
author = {FirstName Alpher and FirstName Gamow},
title = {Can a computer frobnicate?},
booktitle = CVPR,
pages = {234--778},
year = 2005
}
