@article{loper2015smpl,
  title={{SMPL}: A skinned multi-person linear model},
  author={Loper, Matthew and Mahmood, Naureen and Romero, Javier and Pons-Moll, Gerard and Black, Michael J},
  journal={ACM transactions on graphics},
  volume={34},
  number={6},
  pages={1--16},
  year={2015},
}

