@article{cao2019openpose,
  title={{OpenPose}: realtime multi-person 2D pose estimation using Part Affinity Fields},
  author={Cao, Zhe and Hidalgo, Gines and Simon, Tomas and Wei, Shih-En and Sheikh, Yaser},
  journal={IEEE Transactions on Pattern Analysis and Machine Intelligence},
  volume={43},
  number={1},
  pages={172--186},
  year={2019},
}

@inproceedings{zhang20204d,
  title={{4D} association graph for realtime multi-person motion capture using multiple video cameras},
  author={Zhang, Yuxiang and An, Liang and Yu, Tao and Li, Xiu and Li, Kun and Liu, Yebin},
  booktitle={IEEE/CVF Conference on Computer Vision and Pattern Recognition},
  pages={1324--1333},
  year={2020}
}

@article{zheng2021deepmulticap,
  title={{DeepMultiCap}: Performance Capture of Multiple Characters Using Sparse Multiview Cameras},
  author={Zheng, Yang and Shao, Ruizhi and Zhang, Yuxiang and Yu, Tao and Zheng, Zerong and Dai, Qionghai and Liu, Yebin},
  journal={arXiv preprint arXiv:2105.00261},
  year={2021}
}

@inproceedings{pavlakos2019expressive,
  title={Expressive body capture: {3D} hands, face, and body from a single image},
  author={Pavlakos, Georgios and Choutas, Vasileios and Ghorbani, Nima and Bolkart, Timo and Osman, Ahmed AA and Tzionas, Dimitrios and Black, Michael J},
  booktitle={IEEE/CVF Conference on Computer Vision and Pattern Recognition},
  pages={10975--10985},
  year={2019}
}

@inproceedings{zhang2021lightweight,
  title={Lightweight multi-person total motion capture using sparse multi-view cameras},
  author={Zhang, Yuxiang and Li, Zhe and An, Liang and Li, Mengcheng and Yu, Tao and Liu, Yebin},
  booktitle={IEEE/CVF International Conference on Computer Vision},
  pages={5560--5569},
  year={2021}
}

@inproceedings{rose1996efficient,
  title={Efficient generation of motion transitions using spacetime constraints},
  author={Rose, Charles and Guenter, Brian and Bodenheimer, Bobby and Cohen, Michael F},
  booktitle={Annual conference on Computer graphics and interactive techniques},
  pages={147--154},
  year={1996}
}

@inproceedings{lehrmann2014efficient,
  title={Efficient nonlinear markov models for human motion},
  author={Lehrmann, Andreas M and Gehler, Peter V and Nowozin, Sebastian},
  booktitle={IEEE Conference on Computer Vision and Pattern Recognition},
  pages={1314--1321},
  year={2014}
}

@article{wang2007gaussian,
  title={Gaussian process dynamical models for human motion},
  author={Wang, Jack M and Fleet, David J and Hertzmann, Aaron},
  journal={IEEE Transactions on Pattern Analysis and Machine Intelligence},
  volume={30},
  number={2},
  pages={283--298},
  year={2007},
}

@incollection{harvey2018recurrent,
  title={Recurrent transition networks for character locomotion},
  author={Harvey, F{\'e}lix G and Pal, Christopher},
  booktitle={SIGGRAPH Asia Technical Briefs},
  pages={1--4},
  year={2018}
}

@article{harvey2020robust,
  title={Robust motion in-betweening},
  author={Harvey, F{\'e}lix G and Yurick, Mike and Nowrouzezahrai, Derek and Pal, Christopher},
  journal={ACM Transactions on Graphics},
  volume={39},
  number={4},
  pages={60--1},
  year={2020},
}

@inproceedings{kaufmann2020convolutional,
  title={Convolutional autoencoders for human motion infilling},
  author={Kaufmann, Manuel and Aksan, Emre and Song, Jie and Pece, Fabrizio and Ziegler, Remo and Hilliges, Otmar},
  booktitle={International Conference on 3D Vision},
  pages={918--927},
  year={2020},
}

@article{duan2021single,
  title={Single-Shot Motion Completion with Transformer},
  author={Duan, Yinglin and Shi, Tianyang and Zou, Zhengxia and Lin, Yenan and Qian, Zhehui and Zhang, Bohan and Yuan, Yi},
  journal={arXiv preprint arXiv:2103.00776},
  year={2021}
}

@article{devlin2018bert,
  title={Bert: Pre-training of deep bidirectional transformers for language understanding},
  author={Devlin, Jacob and Chang, Ming-Wei and Lee, Kenton and Toutanova, Kristina},
  journal={arXiv preprint arXiv:1810.04805},
  year={2018}
}

@article{belagiannis20153d,
  title={{3D} pictorial structures revisited: Multiple human pose estimation},
  author={Belagiannis, Vasileios and Amin, Sikandar and Andriluka, Mykhaylo and Schiele, Bernt and Navab, Nassir and Ilic, Slobodan},
  journal={IEEE Transactions on Pattern Analysis and Machine Intelligence},
  volume={38},
  number={10},
  pages={1929--1942},
  year={2015},
}

%%%
@ARTICLE{dong2021fast,
  author={Dong, Junting and Fang, Qi and Jiang, Wen and Yang, Yurou and Huang, Qixing and Bao, Hujun and Zhou, Xiaowei},
  journal={IEEE Transactions on Pattern Analysis and Machine Intelligence},
  title={Fast and Robust Multi-Person 3D Pose Estimation and Tracking from Multiple Views},
  year={2021},
  volume={14},
  doi={10.1109/TPAMI.2021.3098052},
  number={8},
  pages={1-1}}
%%%

@inproceedings{lin2021multi,
  title={Multi-view multi-person 3d pose estimation with plane sweep stereo},
  author={Lin, Jiahao and Lee, Gim Hee},
  booktitle={Proceedings of the IEEE/CVF Conference on Computer Vision and Pattern Recognition},
  pages={11886--11895},
  year={2021}
}

@inproceedings{reddy2021tessetrack,
  title={Tessetrack: End-to-end learnable multi-person articulated 3d pose tracking},
  author={Reddy, N Dinesh and Guigues, Laurent and Pishchulin, Leonid and Eledath, Jayan and Narasimhan, Srinivasa G},
  booktitle={Proceedings of the IEEE/CVF Conference on Computer Vision and Pattern Recognition},
  pages={15190--15200},
  year={2021}
}

@inproceedings{he2022masked,
  title={Masked autoencoders are scalable vision learners},
  author={He, Kaiming and Chen, Xinlei and Xie, Saining and Li, Yanghao and Doll{\'a}r, Piotr and Girshick, Ross},
  booktitle={Proceedings of the IEEE/CVF Conference on Computer Vision and Pattern Recognition},
  pages={16000--16009},
  year={2022}
}

%%%
@inproceedings{dosovitskiy2020image,
  author    = {Alexey Dosovitskiy and
               Lucas Beyer and
               Alexander Kolesnikov and
               Dirk Weissenborn and
               Xiaohua Zhai and
               Thomas Unterthiner and
               Mostafa Dehghani and
               Matthias Minderer and
               Georg Heigold and
               Sylvain Gelly and
               Jakob Uszkoreit and
               Neil Houlsby},
  title     = {An Image is Worth 16x16 Words: Transformers for Image Recognition at Scale},
  booktitle = {International Conference on Learning Representations},
  year      = {2021},
pages={1--1},

}
%%%

@inproceedings{lin2014microsoft,
  title={Microsoft coco: Common objects in context},
  author={Lin, Tsung-Yi and Maire, Michael and Belongie, Serge and Hays, James and Perona, Pietro and Ramanan, Deva and Doll{\'a}r, Piotr and Zitnick, C Lawrence},
  booktitle={European conference on computer vision},
  pages={740--755},
  year={2014},
}

@inproceedings{belagiannis20143d,
  title={3D pictorial structures for multiple human pose estimation},
  author={Belagiannis, Vasileios and Amin, Sikandar and Andriluka, Mykhaylo and Schiele, Bernt and Navab, Nassir and Ilic, Slobodan},
  booktitle={Proceedings of the IEEE Conference on Computer Vision and Pattern Recognition},
  pages={1669--1676},
  year={2014}
}

@inproceedings{belagiannis2014multiple,
  title={Multiple human pose estimation with temporally consistent 3D pictorial structures},
  author={Belagiannis, Vasileios and Wang, Xinchao and Schiele, Bernt and Fua, Pascal and Ilic, Slobodan and Navab, Nassir},
  booktitle={European Conference on Computer Vision},
  pages={742--754},
  year={2014},
}

@inproceedings{wu2021graph,
  title={Graph-based 3d multi-person pose estimation using multi-view images},
  author={Wu, Size and Jin, Sheng and Liu, Wentao and Bai, Lei and Qian, Chen and Liu, Dong and Ouyang, Wanli},
  booktitle={Proceedings of the IEEE/CVF International Conference on Computer Vision},
  pages={11148--11157},
  year={2021}
}

%
@misc{optitrack,
  title = {OptiTrack - Motion Capture Systems},
  author={OptiTrack},
  year={2019},
  note = {Accessed August 19, 2021},
  howpublished = {\url{https://optitrack.com/}}
}

@misc{xsens,
  title = {Xsens 3D motion tracking},
  author={Xsens},
  year={2022},
  note = {Accessed December 29, 2022},
  howpublished = {\url{https://www.xsens.com/}}
}

@misc{vicon,
  title = {Vicon | Award Winning Motion Capture Systems},
  author={Vicon},
  year={2022},
  note = {Accessed December 29, 2022},
  howpublished = {\url{https://www.vicon.com/}}
}

@misc{hololens,
  title = {Microsoft HoloLens | Mixed Reality Technology for Business},
  author={Microsoft},
  year={2022},
  note = {Accessed December 29, 2022},
  howpublished = {\url{https://www.microsoft.com/en-us/hololens/hardware}}
}

@misc{vive,
  title = {VIVE | Discover Virtual Reality Beyond Imagination},
  author={VIVE},
  year={2022},
  note = {Accessed December 29, 2022},
  howpublished = {\url{https://www.vive.com/}}
}

@misc{oculus,
  title = {Meta Quest VR Headsets, Accessories \& Equipment},
  author={Meta},
  year={2022},
  note = {Accessed January 31, 2023},
  howpublished = {\url{https://www.meta.com/quest/}}
}

@misc{azurekinect,
  title = {Azure Kinect DK - Build for mixed reality using AI sensors},
  note = {Accessed January 29, 2022},
  author={Microsoft},
  year={2019},
  howpublished = {\url{https://azure.microsoft.com/en-us/services/kinect-dk/}}
}

@misc{noitom,
  title = {Noitom Motion Capture Systems - Motion Capture for All},
  year={2020},
  author={Noitom},
  note = {Accessed February 29, 2022},
  howpublished = {\url{https://www.noitom.com/}}
}

@inproceedings{tu2020voxelpose,
  title={Voxelpose: Towards multi-camera 3d human pose estimation in wild environment},
  author={Tu, Hanyue and Wang, Chunyu and Zeng, Wenjun},
  booktitle={European Conference on Computer Vision},
  pages={197--212},
  year={2020},
}


@article{tancik2020fourier,
  title={Fourier features let networks learn high frequency functions in low dimensional domains},
  author={Tancik, Matthew and Srinivasan, Pratul and Mildenhall, Ben and Fridovich-Keil, Sara and Raghavan, Nithin and Singhal, Utkarsh and Ramamoorthi, Ravi and Barron, Jonathan and Ng, Ren},
  journal={Advances in Neural Information Processing Systems},
  volume={33},
  pages={7537--7547},
  year={2020}
}

@article{srivastava2014dropout,
  title={Dropout: a simple way to prevent neural networks from overfitting},
  author={Srivastava, Nitish and Hinton, Geoffrey and Krizhevsky, Alex and Sutskever, Ilya and Salakhutdinov, Ruslan},
  journal={The journal of machine learning research},
  volume={15},
  number={1},
  pages={1929--1958},
  year={2014},
}

%%%
@inproceedings{vaswani2017attention,
 author = {Vaswani, Ashish and Shazeer, Noam and Parmar, Niki and Uszkoreit, Jakob and Jones, Llion and Gomez, Aidan N and Kaiser, \L ukasz and Polosukhin, Illia},
 booktitle = {Advances in Neural Information Processing Systems},
 title = {Attention is All you Need},
 volume = {30},
 pages={1--1},
 year = {2017}
}
%%%

@inproceedings{collins1996space,
  title={A space-sweep approach to true multi-image matching},
  author={Collins, Robert T},
  booktitle={Proceedings CVPR IEEE Computer Society Conference on Computer Vision and Pattern Recognition},
  pages={358--363},
  year={1996},
  organization={IEEE}
}

@inproceedings{joo2015panoptic,
  title={Panoptic studio: A massively multiview system for social motion capture},
  author={Joo, Hanbyul and Liu, Hao and Tan, Lei and Gui, Lin and Nabbe, Bart and Matthews, Iain and Kanade, Takeo and Nobuhara, Shohei and Sheikh, Yaser},
  booktitle={Proceedings of the IEEE International Conference on Computer Vision},
  pages={3334--3342},
  year={2015}
}

%%%
@ARTICLE{Joo_2017_TPAMI,
  author={Joo, Hanbyul and Simon, Tomas and Li, Xulong and Liu, Hao and Tan, Lei and Gui, Lin and Banerjee, Sean and Godisart, Timothy and Nabbe, Bart and Matthews, Iain and Kanade, Takeo and Nobuhara, Shohei and Sheikh, Yaser},
  journal={IEEE Transactions on Pattern Analysis and Machine Intelligence},
  title={Panoptic Studio: A Massively Multiview System for Social Interaction Capture},
  year={2019},
  volume={41},
  number={1},
  pages={190-204}}
%%%

@inproceedings{zeng2020srnet,
  title={Srnet: Improving generalization in 3d human pose estimation with a split-and-recombine approach},
  author={Zeng, Ailing and Sun, Xiao and Huang, Fuyang and Liu, Minhao and Xu, Qiang and Lin, Stephen},
  booktitle={European Conference on Computer Vision},
  pages={507--523},
  year={2020},
  organization={Springer}
}

@inproceedings{zheng20213d,
  title={3d human pose estimation with spatial and temporal transformers},
  author={Zheng, Ce and Zhu, Sijie and Mendieta, Matias and Yang, Taojiannan and Chen, Chen and Ding, Zhengming},
  booktitle={Proceedings of the IEEE/CVF International Conference on Computer Vision},
  pages={11656--11665},
  year={2021}
}

%%%
@ARTICLE{li2022exploiting,
  author={Li, Wenhao and Liu, Hong and Ding, Runwei and Liu, Mengyuan and Wang, Pichao and Yang, Wenming},
  journal={IEEE Transactions on Multimedia},
  title={Exploiting Temporal Contexts with Strided Transformer for 3D Human Pose Estimation},
  year={2022},
  volume={3},
  number={1},
  pages={1-1}}
%%%

@article{li2021mhformer,
  title={Mhformer: Multi-hypothesis transformer for 3d human pose estimation},
  author={Li, Wenhao and Liu, Hong and Tang, Hao and Wang, Pichao and Van Gool, Luc},
  journal={arXiv preprint arXiv:2111.12707},
  year={2021}
}

%%%
@ARTICLE{ci2020locally,
  author={Ci, Hai and Ma, Xiaoxuan and Wang, Chunyu and Wang, Yizhou},
  journal={IEEE Transactions on Pattern Analysis and Machine Intelligence},
  title={Locally Connected Network for Monocular 3D Human Pose Estimation},
  year={2022},
  volume={44},
  number={3},
  pages={1429-1442}}
%%%

@inproceedings{ma2021context,
  title={Context modeling in 3d human pose estimation: A unified perspective},
  author={Ma, Xiaoxuan and Su, Jiajun and Wang, Chunyu and Ci, Hai and Wang, Yizhou},
  booktitle={Proceedings of the IEEE/CVF Conference on Computer Vision and Pattern Recognition},
  pages={6238--6247},
  year={2021}
}

%%%
@article{yan2018spatial,
title={Spatial Temporal Graph Convolutional Networks for Skeleton-Based Action Recognition},
volume={32},
number={1},
journal={Proceedings of the AAAI Conference on Artificial Intelligence},
author={Yan, Sijie and Xiong, Yuanjun and Lin, Dahua},
pages={3482--3489},
year={2018} }
%%%

@inproceedings{chu2021part,
  title={Part-aware measurement for robust multi-view multi-human 3d pose estimation and tracking},
  author={Chu, Hau and Lee, Jia-Hong and Lee, Yao-Chih and Hsu, Ching-Hsien and Li, Jia-Da and Chen, Chu-Song},
  booktitle={Proceedings of the IEEE/CVF Conference on Computer Vision and Pattern Recognition},
  pages={1472--1481},
  year={2021}
}

@inproceedings{chen2020cross,
  title={Cross-view tracking for multi-human 3d pose estimation at over 100 fps},
  author={Chen, Long and Ai, Haizhou and Chen, Rui and Zhuang, Zijie and Liu, Shuang},
  booktitle={Proceedings of the IEEE/CVF conference on computer vision and pattern recognition},
  pages={3279--3288},
  year={2020}
}

@inproceedings{sun2019deep,
  title={Deep high-resolution representation learning for human pose estimation},
  author={Sun, Ke and Xiao, Bin and Liu, Dong and Wang, Jingdong},
  booktitle={Proceedings of the IEEE/CVF conference on computer vision and pattern recognition},
  pages={5693--5703},
  year={2019}
}

@inproceedings{jiang2022dual,
  title={A Dual-Masked Auto-Encoder for Robust Motion Capture with Spatial-Temporal Skeletal Token Completion},
  author={Jiang, Junkun and Chen, Jie and Guo, Yike},
  booktitle={Proceedings of the ACM International Conference on Multimedia},
  pages={5123--5131},
  year={2022}
}

@inproceedings{wei2022masked,
  title={Masked feature prediction for self-supervised visual pre-training},
  author={Wei, Chen and Fan, Haoqi and Xie, Saining and Wu, Chao-Yuan and Yuille, Alan and Feichtenhofer, Christoph},
  booktitle={Proceedings of the IEEE/CVF Conference on Computer Vision and Pattern Recognition},
  pages={14668--14678},
  year={2022}
}

@inproceedings{assran2022masked,
  title={Masked siamese networks for label-efficient learning},
  author={Assran, Mahmoud and Caron, Mathilde and Misra, Ishan and Bojanowski, Piotr and Bordes, Florian and Vincent, Pascal and Joulin, Armand and Rabbat, Mike and Ballas, Nicolas},
  booktitle={European Conference on Computer Vision},
  pages={456--473},
  year={2022},
  organization={Springer}
}

@inproceedings{yu2022point,
  title={Point-bert: Pre-training 3d point cloud transformers with masked point modeling},
  author={Yu, Xumin and Tang, Lulu and Rao, Yongming and Huang, Tiejun and Zhou, Jie and Lu, Jiwen},
  booktitle={Proceedings of the IEEE/CVF Conference on Computer Vision and Pattern Recognition},
  pages={19313--19322},
  year={2022}
}

@misc{wu2019detectron2,
  author =       {Yuxin Wu and Alexander Kirillov and Francisco Massa and
                  Wan-Yen Lo and Ross Girshick},
  title =        {Detectron2},
  howpublished = {\url{https://github.com/facebookresearch/detectron2}},
  year =         {2019}
}

@article{fang2022alphapose,
  title={Alphapose: Whole-body regional multi-person pose estimation and tracking in real-time},
  author={Fang, Hao-Shu and Li, Jiefeng and Tang, Hongyang and Xu, Chao and Zhu, Haoyi and Xiu, Yuliang and Li, Yong-Lu and Lu, Cewu},
  journal={IEEE Transactions on Pattern Analysis and Machine Intelligence},
  year={2022},
  pages={7157-7173},
}

@inproceedings{pavllo20193d,
  title={3d human pose estimation in video with temporal convolutions and semi-supervised training},
  author={Pavllo, Dario and Feichtenhofer, Christoph and Grangier, David and Auli, Michael},
  booktitle={Proceedings of the IEEE/CVF Conference on Computer Vision and Pattern Recognition},
  pages={7753--7762},
  year={2019}
}

@inproceedings{kolotouros2019learning,
  title={Learning to reconstruct 3D human pose and shape via model-fitting in the loop},
  author={Kolotouros, Nikos and Pavlakos, Georgios and Black, Michael J and Daniilidis, Kostas},
  booktitle={Proceedings of the IEEE/CVF International Conference on Computer Vision},
  pages={2252--2261},
  year={2019}
}

@book{hartley2003multiple,
  title={Multiple view geometry in computer vision},
  author={Hartley, Richard and Zisserman, Andrew},
  year={2003},
  publisher={Cambridge University Press}
}

@inproceedings{wandt2022elepose,
  title={ElePose: Unsupervised 3D Human Pose Estimation by Predicting Camera Elevation and Learning Normalizing Flows on 2D Poses},
  author={Wandt, Bastian and Little, James J and Rhodin, Helge},
  booktitle={Proceedings of the IEEE/CVF Conference on Computer Vision and Pattern Recognition},
  pages={6635--6645},
  year={2022}
}

@inproceedings{wandt2021canonpose,
  title={Canonpose: Self-supervised monocular 3d human pose estimation in the wild},
  author={Wandt, Bastian and Rudolph, Marco and Zell, Petrissa and Rhodin, Helge and Rosenhahn, Bodo},
  booktitle={Proceedings of the IEEE/CVF Conference on Computer Vision and Pattern Recognition},
  pages={13294--13304},
  year={2021}
}

@inproceedings{gong2022posetriplet,
  title={PoseTriplet: Co-evolving 3D Human Pose Estimation, Imitation, and Hallucination under Self-supervision},
  author={Gong, Kehong and Li, Bingbing and Zhang, Jianfeng and Wang, Tao and Huang, Jing and Mi, Michael Bi and Feng, Jiashi and Wang, Xinchao},
  booktitle={Proceedings of the IEEE/CVF Conference on Computer Vision and Pattern Recognition},
  pages={11017--11027},
  year={2022}
}

@inproceedings{rempe2021humor,
  title={Humor: 3d human motion model for robust pose estimation},
  author={Rempe, Davis and Birdal, Tolga and Hertzmann, Aaron and Yang, Jimei and Sridhar, Srinath and Guibas, Leonidas J},
  booktitle={Proceedings of the IEEE/CVF International Conference on Computer Vision},
  pages={11488--11499},
  year={2021}
}

@inproceedings{huang2022neural,
  title={Neural MoCon: Neural Motion Control for Physically Plausible Human Motion Capture},
  author={Huang, Buzhen and Pan, Liang and Yang, Yuan and Ju, Jingyi and Wang, Yangang},
  booktitle={Proceedings of the IEEE/CVF Conference on Computer Vision and Pattern Recognition},
  pages={6417--6426},
  year={2022}
}

@inproceedings{dong2021shape,
  title={Shape-aware multi-person pose estimation from multi-view images},
  author={Dong, Zijian and Song, Jie and Chen, Xu and Guo, Chen and Hilliges, Otmar},
  booktitle={Proceedings of the IEEE/CVF International Conference on Computer Vision},
  pages={11158--11168},
  year={2021}
}

@inproceedings{maeda2022motionaug,
  title={MotionAug: Augmentation with Physical Correction for Human Motion Prediction},
  author={Maeda, Takahiro and Ukita, Norimichi},
  booktitle={Proceedings of the IEEE/CVF Conference on Computer Vision and Pattern Recognition},
  pages={6427--6436},
  year={2022}
}

@article{wang2021deep,
  title={Deep 3D human pose estimation: A review},
  author={Wang, Jinbao and Tan, Shujie and Zhen, Xiantong and Xu, Shuo and Zheng, Feng and He, Zhenyu and Shao, Ling},
  journal={Computer Vision and Image Understanding},
  volume={210},
  pages={103225},
  year={2021},
}

@inproceedings{chen2020multi,
  title={Multi-person 3d pose estimation in crowded scenes based on multi-view geometry},
  author={Chen, He and Guo, Pengfei and Li, Pengfei and Lee, Gim Hee and Chirikjian, Gregory},
  booktitle={European Conference on Computer Vision},
  pages={541--557},
  year={2020},
  organization={Springer}
}
@inproceedings{zhu2021posegtac,
  title={PoseGTAC: Graph Transformer Encoder-Decoder with Atrous Convolution for 3D Human Pose Estimation.},
  author={Zhu, Yiran and Xu, Xing and Shen, Fumin and Ji, Yanli and Gao, Lianli and Shen, Heng Tao},
  booktitle={Proceedings of the International Joint Conference on Artificial Intelligence},
  pages={1359--1365},
  year={2021}
}

@inproceedings{chen2018cascaded,
  title={Cascaded pyramid network for multi-person pose estimation},
  author={Chen, Yilun and Wang, Zhicheng and Peng, Yuxiang and Zhang, Zhiqiang and Yu, Gang and Sun, Jian},
  booktitle={Proceedings of the IEEE/CVF conference on computer vision and pattern recognition},
  pages={7103--7112},
  year={2018}
}

@inproceedings{kocabas2019self,
  title={Self-supervised learning of 3d human pose using multi-view geometry},
  author={Kocabas, Muhammed and Karagoz, Salih and Akbas, Emre},
  booktitle={Proceedings of the IEEE/CVF conference on computer vision and pattern recognition},
  pages={1077--1086},
  year={2019}
}

@article{wang20193d,
  title={3d human pose machines with self-supervised learning},
  author={Wang, Keze and Lin, Liang and Jiang, Chenhan and Qian, Chen and Wei, Pengxu},
  journal={IEEE Transactions on Pattern Analysis and Machine Intelligence},
  volume={42},
  number={5},
  pages={1069--1082},
  year={2019},
}

@inproceedings{mialon2020trainable,
  title={A trainable optimal transport embedding for feature aggregation},
  author={Mialon, Gr{\'e}goire and Chen, Dexiong and d’Aspremont, Alexandre and Mairal, Julien},
  booktitle={International Conference on Learning Representations },
  year={2020},
pages={1--1},
}

@inproceedings{wang2022distribution,
  title={Distribution-aware single-stage models for multi-person 3D pose estimation},
  author={Wang, Zitian and Nie, Xuecheng and Qu, Xiaochao and Chen, Yunpeng and Liu, Si},
  booktitle={Proceedings of the IEEE/CVF Conference on Computer Vision and Pattern Recognition},
  pages={13096--13105},
  year={2022}
}

@article{sinkhorn1967diagonal,
  title={Diagonal equivalence to matrices with prescribed row and column sums},
  author={Sinkhorn, Richard},
  journal={The American Mathematical Monthly},
  volume={74},
  number={4},
  pages={402--405},
  year={1967},
}

@inproceedings{zhou2022quickpose,
  title={QuickPose: Real-time Multi-view Multi-person Pose Estimation in Crowded Scenes},
  author={Zhou, Zhize and Shuai, Qing and Wang, Yize and Fang, Qi and Ji, Xiaopeng and Li, Fashuai and Bao, Hujun and Zhou, Xiaowei},
  booktitle={In proceedings of SIGGRAPH},
  pages={1--9},
  year={2022}
}

@misc{tensorrt,
  title = {TensorRT SDK - NVIDIA Developer},
  note = {Accessed June 11, 2023},
  author={Nvidia},
  year={2022},
  howpublished = {\url{https://developer.nvidia.com/tensorrt}}
}

@inproceedings{huang2021dynamic,
  title={Dynamic multi-person mesh recovery from uncalibrated multi-view cameras},
  author={Huang, Buzhen and Shu, Yuan and Zhang, Tianshu and Wang, Yangang},
  booktitle={International Conference on 3D Vision},
  pages={710--720},
  year={2021},
  organization={IEEE}
}

@article{loper2015smpl,
  title={{SMPL}: A skinned multi-person linear model},
  author={Loper, Matthew and Mahmood, Naureen and Romero, Javier and Pons-Moll, Gerard and Black, Michael J},
  journal={ACM Transactions on graphics},
  volume={34},
  number={6},
  pages={1--16},
  year={2015},
}

@inproceedings{prokudin2021smplpix,
  title={{SMPLpix}: Neural Avatars from 3D Human Models},
  author={Prokudin, Sergey and Black, Michael J and Romero, Javier},
  booktitle={IEEE Winter Conference on Applications of Computer Vision},
  pages={1810--1819},
  year={2021}
}

@inproceedings{kolotouros2021probabilistic,
  title={Probabilistic modeling for human mesh recovery},
  author={Kolotouros, Nikos and Pavlakos, Georgios and Jayaraman, Dinesh and Daniilidis, Kostas},
  booktitle={Proceedings of the IEEE/CVF international conference on computer vision},
  pages={11605--11614},
  year={2021}
}

@article{au2023ReChoreoNet,
  title={ReChoreoNet: Repertoire-based Dance Re-choreography with Music-conditioned Temporal and Style Clues},
  author={Au, Ho Yin and Chen, Jie and Jiang, Junkun and Guo, Yike},
  journal={Machine Intelligence Research},
  volume={},
  number={},
  pages={1--1},
  year={2023},
  publisher={Springer}
}

@inproceedings{jiang2024explore,
  author={Jiang, Junkun and Chen, Jie},
  booktitle={2024 IEEE International Conference on Acoustics, Speech and Signal Processing}, 
  title={Exploring Latent Cross-Channel Embedding for Accurate 3d Human Pose Reconstruction in a Diffusion Framework}, 
  year={2024},
  volume={},
  number={},
  pages={7870-7874},
}

@inproceedings{choudhury2023tempo,
  title={TEMPO: Efficient multi-view pose estimation, tracking, and forecasting},
  author={Choudhury, Rohan and Kitani, Kris M and Jeni, L{\'a}szl{\'o} A},
  booktitle={Proceedings of the IEEE/CVF International Conference on Computer Vision},
  pages={14750--14760},
  year={2023}
}

@article{shuai2022adaptive,
  title={Adaptive multi-view and temporal fusing transformer for 3d human pose estimation},
  author={Shuai, Hui and Wu, Lele and Liu, Qingshan},
  journal={IEEE Transactions on Pattern Analysis and Machine Intelligence},
  volume={45},
  number={4},
  pages={4122--4135},
  year={2022},
  publisher={IEEE}
}

@inproceedings{park2023towards,
  title={Towards robust and smooth 3d multi-person pose estimation from monocular videos in the wild},
  author={Park, Sungchan and You, Eunyi and Lee, Inhoe and Lee, Joonseok},
  booktitle={Proceedings of the IEEE/CVF International Conference on Computer Vision},
  pages={14772--14782},
  year={2023}
}

@inproceedings{ye2022faster,
  title={Faster voxelpose: Real-time 3d human pose estimation by orthographic projection},
  author={Ye, Hang and Zhu, Wentao and Wang, Chunyu and Wu, Rujie and Wang, Yizhou},
  booktitle={European Conference on Computer Vision},
  pages={142--159},
  year={2022},
  organization={Springer}
}

@article{srivastav2024selfpose3d,
  title={SelfPose3d: Self-Supervised Multi-Person Multi-View 3d Pose Estimation},
  author={Srivastav, Vinkle and Chen, Keqi and Padoy, Nicolas},
  journal={arXiv preprint arXiv:2404.02041},
  year={2024}
}

@misc{gnu,
  title = {GNU Compiler Collection},
  author={Wikipedia},
  year={2024},
  note = {Accessed May 29, 2024},
  howpublished = {\url{https://en.wikipedia.org/wiki/GNU_Compiler_Collection/}}
}

@article{paszke2019pytorch,
  title={Pytorch: An imperative style, high-performance deep learning library},
  author={Paszke, Adam and Gross, Sam and Massa, Francisco and Lerer, Adam and Bradbury, James and Chanan, Gregory and Killeen, Trevor and Lin, Zeming and Gimelshein, Natalia and Antiga, Luca and others},
  journal={Advances in neural information processing systems},
  volume={32},
  year={2019}
}


@article{huang2022pose2uv,
  title={Pose2uv: Single-shot multiperson mesh recovery with deep uv prior},
  author={Huang, Buzhen and Zhang, Tianshu and Wang, Yangang},
  journal={IEEE Transactions on Image Processing},
  volume={31},
  pages={4679--4692},
  year={2022},
  publisher={IEEE}
}

@article{goyal2017accurate,
  title={Accurate, large minibatch sgd: Training imagenet in 1 hour},
  author={Goyal, Priya and Doll{\'a}r, Piotr and Girshick, Ross and Noordhuis, Pieter and Wesolowski, Lukasz and Kyrola, Aapo and Tulloch, Andrew and Jia, Yangqing and He, Kaiming},
  journal={arXiv preprint arXiv:1706.02677},
  year={2017}
}

@article{loshchilov2017decoupled,
  title={Decoupled weight decay regularization},
  author={Loshchilov, Ilya and Hutter, Frank},
  journal={arXiv preprint arXiv:1711.05101},
  year={2017}
}

@article{loshchilov2016sgdr,
  title={Sgdr: Stochastic gradient descent with warm restarts},
  author={Loshchilov, Ilya and Hutter, Frank},
  journal={arXiv preprint arXiv:1608.03983},
  year={2016}
}
