@article{BiCNet,
  title={Multiagent bidirectionally-coordinated nets: Emergence of human-level coordination in learning to play starcraft combat games},
  author={Peng, Peng and Wen, Ying and Yang, Yaodong and Yuan, Quan and Tang, Zhenkun and Long, Haitao and Wang, Jun},
  journal={arXiv preprint arXiv:1703.10069},
  year={2017}
}

@inproceedings{CACL,
  title={Learning Multi-Agent Communication with Contrastive Learning},
  author={Lo, Yat Long and Sengupta, Biswa and Foerster, Jakob Nicolaus and Noukhovitch, Michael},
  booktitle={Proceedings of the 12th International Conference on Learning Representations},
  year={2024}
}

@inproceedings{CommNet,
  title={Learning multiagent communication with backpropagation},
  author={Sukhbaatar, Sainbayar and Fergus, Rob and others},
  booktitle={Advances in Neural Information Processing Systems},
  volume={29},
  year={2016}
}

@inproceedings{Commformer,
  title={Learning Multi-Agent Communication from Graph Modeling Perspective},
  author={Hu, Shengchao and Shen, Li and Zhang, Ya and Tao, Dacheng},
  year={2024},
  booktitle={Proceedings of the 12th International Conference on Learning Representations}
}

@inproceedings{DACOM,
  title={DACOM: Learning delay-aware communication for multi-agent reinforcement learning},
  author={Yuan, Tingting and Chung, Hwei-Ming and Yuan, Jie and Fu, Xiaoming},
  booktitle={Proceedings of the AAAI Conference on Artificial Intelligence},
  volume={37},
  pages={11763--11771},
  year={2023}
}

@inproceedings{DGN,
  author       = {Jiechuan Jiang and
                  Chen Dun and
                  Tiejun Huang and
                  Zongqing Lu},
  title        = {Graph Convolutional Reinforcement Learning},
  booktitle    = {Proceedings of the 8th International Conference on Learning Representations},
  year         = {2020}
}

@inproceedings{DIAL_RIAL,
  title={Learning to communicate with deep multi-agent reinforcement learning},
  author={Foerster, Jakob and Assael, Ioannis Alexandros and De Freitas, Nando and Whiteson, Shimon},
  booktitle={Advances in Neural Information Processing Systems},
  volume={29},
  year={2016}
}

@article{ETC,
  title={Event-triggered communication network with limited-bandwidth constraint for multi-agent reinforcement learning},
  author={Hu, Guangzheng and Zhu, Yuanheng and Zhao, Dongbin and Zhao, Mengchen and Hao, Jianye},
  journal={IEEE Transactions on Neural Networks and Learning Systems},
  year={2021},
  publisher={IEEE}
}

@article{ExpG_chip_design,
  title={A highly scalable optical network-on-chip with small network diameter and deadlock freedom},
  author={Wang, Xiaolu and Gu, Huaxi and Yang, Yintang and Wang, Kun and Hao, Qinfen},
  journal={IEEE Transactions on Very Large Scale Integration (VLSI) Systems},
  volume={24},
  number={12},
  pages={3424--3436},
  year={2016},
  publisher={IEEE}
}

@inproceedings{ExpG_largebs,
  title={DecentLaM: Decentralized momentum SGD for large-batch deep training},
  author={Yuan, Kun and Chen, Yiming and Huang, Xinmeng and Zhang, Yingya and Pan, Pan and Xu, Yinghui and Yin, Wotao},
  booktitle={Proceedings of the IEEE/CVF International Conference on Computer Vision},
  pages={3029--3039},
  year={2021}
}

@inproceedings{G2ANet,
  title={Multi-agent game abstraction via graph attention neural network},
  author={Liu, Yong and Wang, Weixun and Hu, Yujing and Hao, Jianye and Chen, Xingguo and Gao, Yang},
  booktitle={Proceedings of the AAAI conference on artificial intelligence},
  volume={34},
  pages={7211--7218},
  year={2020}
}

@inproceedings{MAGIC,
  title={Multi-Agent Graph-Attention Communication and Teaming},
  author={Niu, Yaru and Paleja, Rohan R and Gombolay, Matthew C},
  booktitle={Proceedings of the 20th International Conference on Autonomous Agents and MultiAgent Systems},
  volume={21},
  pages={964--97},
  year={2021}
}

@inproceedings{MAIC,
  title={Multi-agent incentive communication via decentralized teammate modeling},
  author={Yuan, Lei and Wang, Jianhao and Zhang, Fuxiang and Wang, Chenghe and Zhang, Zongzhang and Yu, Yang and Zhang, Chongjie},
  booktitle={Proceedings of the AAAI Conference on Artificial Intelligence},
  volume={36},
  pages={9466--9474},
  year={2022}
}

@inproceedings{MARL_comm_survey,
  author       = {Changxi Zhu and
                  Mehdi Dastani and
                  Shihan Wang},
  editor       = {Mehdi Dastani and
                  Jaime Sim{\~{a}}o Sichman and
                  Natasha Alechina and
                  Virginia Dignum},
  title        = {A Survey of Multi-Agent Deep Reinforcement Learning with Communication},
  booktitle    = {Proceedings of the 23rd International Conference on Autonomous Agents and MultiAgent Systems},
  pages        = {2845--2847},
  year         = {2024},
}

@inproceedings{MASIA,
  title={Efficient multi-agent communication via self-supervised information aggregation},
  author={Guan, Cong and Chen, Feng and Yuan, Lei and Wang, Chenghe and Yin, Hao and Zhang, Zongzhang and Yu, Yang},
  booktitle={Advances in Neural Information Processing Systems},
  volume={35},
  pages={1020--1033},
  year={2022}
}

@inproceedings{MBC_sparse_comm,
  title={Model-based Sparse Communication in Multi-agent Reinforcement Learning},
  author={Han, Shuai and Dastani, Mehdi and Wang, Shihan},
  booktitle={Proceedings of the 22nd International Conference on Autonomous Agents and MultiAgent Systems},
  pages={439--447},
  year={2023}
}

@inproceedings{NDQ,
  author       = {Tonghan Wang and
                  Jianhao Wang and
                  Chongyi Zheng and
                  Chongjie Zhang},
  title        = {Learning Nearly Decomposable Value Functions Via Communication Minimization},
  booktitle    = {Proceedings of the International Conference on Learning Representations},
  year         = {2020},
}

@inproceedings{NeurComm,
  author       = {Tianshu Chu and
                  Sandeep Chinchali and
                  Sachin Katti},
  title        = {Multi-agent Reinforcement Learning for Networked System Control},
  booktitle    = {Proceedings of the 8th International Conference on Learning Representations},
  year         = {2020}
}

@inproceedings{SlowMo,
  author       = {Jianyu Wang and
                  Vinayak Tantia and
                  Nicolas Ballas and
                  Michael G. Rabbat},
  title        = {SlowMo: Improving Communication-Efficient Distributed {SGD} with Slow
                  Momentum},
  booktitle    = {Proceedings of 8th International Conference on Learning Representations},
  year         = {2020},
}

@inproceedings{TMC,
  title={Succinct and robust multi-agent communication with temporal message control},
  author={Zhang, Sai Qian and Zhang, Qi and Lin, Jieyu},
  booktitle={Advances in Neural Information Processing Systems},
  volume={33},
  pages={17271--17282},
  year={2020}
}

@inproceedings{TarMAC,
  title={Tarmac: Targeted multi-agent communication},
  author={Das, Abhishek and Gervet, Th{\'e}ophile and Romoff, Joshua and Batra, Dhruv and Parikh, Devi and Rabbat, Mike and Pineau, Joelle},
  booktitle={Proceedings of the 36th International Conference on Machine Learning},
  pages={1538--1546},
  year={2019},
  organization={PMLR}
}

@inproceedings{ToM2C,
  author       = {Yuanfei Wang and
                  Fangwei Zhong and
                  Jing Xu and
                  Yizhou Wang},
  title        = {{ToM2C}: Target-oriented Multi-agent Communication and Cooperation with
                  Theory of Mind},
  booktitle    = {Proceedings of the 10th International Conference on Learning Representations},
  year         = {2022},

}

@inproceedings{VBC,
  title={Efficient communication in multi-agent reinforcement learning via variance based control},
  author={Zhang, Sai Qian and Zhang, Qi and Lin, Jieyu},
  booktitle={Advances in Neural Information Processing Systems},
  volume={32},
  year={2019}
}

@inproceedings{atoc,
  title={Learning attentional communication for multi-agent cooperation},
  author={Jiang, Jiechuan and Lu, Zongqing},
  booktitle={Advances in Neural Information Processing Systems},
  volume={31},
  year={2018}
}

@inproceedings{expG_consensus,
  title={Consensus control for decentralized deep learning},
  author={Kong, Lingjing and Lin, Tao and Koloskova, Anastasia and Jaggi, Martin and Stich, Sebastian},
  booktitle={Proceedings of the 38th International Conference on Machine Learning},
  pages={5686--5696},
  year={2021}
}

@inproceedings{exp_graph_decentralized_exact_avg,
  title={Exponential graph is provably efficient for decentralized deep training},
  author={Ying, Bicheng and Yuan, Kun and Chen, Yiming and Hu, Hanbin and Pan, Pan and Yin, Wotao},
  booktitle={Advances in Neural Information Processing Systems},
  volume={34},
  pages={13975--13987},
  year={2021}
}

@inproceedings{exp_graph_decentralized_learning_first,
  title={Stochastic gradient push for distributed deep learning},
  author={Assran, Mahmoud and Loizou, Nicolas and Ballas, Nicolas and Rabbat, Mike},
  booktitle={Proceedings of the 36th International Conference on Machine Learning},
  pages={344--353},
  year={2019},
  organization={PMLR}
}

@inproceedings{i2c,
  title={Learning individually inferred communication for multi-agent cooperation},
  author={Ding, Ziluo and Huang, Tiejun and Lu, Zongqing},
  booktitle={Advances in Neural Information Processing Systems},
  volume={33},
  pages={22069--22079},
  year={2020}
}

@inproceedings{ic3,
  author       = {Amanpreet Singh and
                  Tushar Jain and
                  Sainbayar Sukhbaatar},
  title        = {Learning when to Communicate at Scale in Multiagent Cooperative and
                  Competitive Tasks},
  booktitle    = {Proceedings of the 7th International Conference on Learning Representations},
  year         = {2019},

}

@inproceedings{neighbor_graph,
  title={Towards Generalizability of Multi-Agent Reinforcement Learning in Graphs with Recurrent Message Passing},
  author={Weil, Jannis and Bao, Zhenghua and Abboud, Osama and Meuser, Tobias},
  booktitle={Proceedings of the 23rd International Conference on Autonomous Agents and Multiagent Systems},
  pages={1919--1927},
  year={2024}
}

@inproceedings{noisy_channel,
  title={Communication learning via backpropagation in discrete channels with unknown noise},
  author={Freed, Benjamin and Sartoretti, Guillaume and Hu, Jiaheng and Choset, Howie},
  booktitle={Proceedings of the AAAI conference on artificial intelligence},
  volume={34},
  pages={7160--7168},
  year={2020}
}

@article{wang2014rpnoc,
  title={{RPNoC}: A ring-based packet-switched optical network-on-chip},
  author={Wang, Xiaolu and Gu, Huaxi and Yang, Yintang and Wang, Kun and Hao, Qinfen},
  journal={IEEE Photonics Technology Letters},
  volume={27},
  number={4},
  pages={423--426},
  year={2015},
  publisher={IEEE}
}

