=======================template=======================
@incollection{Bengio+chapter2007,
author = {Bengio, Yoshua and LeCun, Yann},
booktitle = {Large Scale Kernel Machines},
publisher = {MIT Press},
title = {Scaling Learning Algorithms Towards {AI}},
year = {2007}
}

@article{Hinton06,
author = {Hinton, Geoffrey E. and Osindero, Simon and Teh, Yee Whye},
journal = {Neural Computation},
pages = {1527--1554},
title = {A Fast Learning Algorithm for Deep Belief Nets},
volume = {18},
year = {2006}
}

@book{goodfellow2016deep,
title={Deep learning},
author={Goodfellow, Ian and Bengio, Yoshua and Courville, Aaron and Bengio, Yoshua},
volume={1},
year={2016},
publisher={MIT Press}
}


=======================intro=======================
@article{marl_dis,
  title={Multi-agent framework for third party logistics in {E}-commerce},
  author={Ying, Wang and Dayong, Sang},
  journal={Expert Systems with Applications},
  volume={29},
  number={2},
  pages={431--436},
  year={2005},
  publisher={Elsevier}
}

@inproceedings{marl_delivery,
  title={Improved memory-bounded dynamic programming for decentralized POMDPs},
  author={Seuken, Sven and Zilberstein, Shlomo},
  booktitle={Proceedings of the Twenty-Third Conference on Uncertainty in Artificial Intelligence},
  pages={344--351},
  year={2007}
}

@article{marl_rescue,
  title={Exploiting spatial locality and heterogeneity of agents for search and rescue teamwork},
  author={Parker, James and Nunes, Ernesto and Godoy, Julio and Gini, Maria},
  journal={Journal of Field Robotics},
  volume={33},
  number={7},
  pages={877--900},
  year={2016},
  publisher={Wiley Online Library}
}

@inproceedings{marl_robot_swamy2020scaled,
  title={Scaled autonomy: Enabling human operators to control robot fleets},
  author={Swamy, Gokul and Reddy, Siddharth and Levine, Sergey and Dragan, Anca D},
  booktitle={2020 IEEE International Conference on Robotics and Automation},
  pages={5942--5948},
  year={2020},
  organization={IEEE}
}

@article{wang2014rpnoc,
  title={{RPNoC}: A ring-based packet-switched optical network-on-chip},
  author={Wang, Xiaolu and Gu, Huaxi and Yang, Yintang and Wang, Kun and Hao, Qinfen},
  journal={IEEE Photonics Technology Letters},
  volume={27},
  number={4},
  pages={423--426},
  year={2015},
  publisher={IEEE}
}

@inproceedings{MARL_autonomous_driving,
  title={Smarts: An open-source scalable multi-agent {RL} training school for autonomous driving},
  author={Zhou, Ming and Luo, Jun and Villella, Julian and Yang, Yaodong and Rusu, David and Miao, Jiayu and Zhang, Weinan and Alban, Montgomery and Fadakar, Iman and Chen, Zheng and others},
  booktitle={Proceedings of the Conference on Robot Learning},
  pages={264--285},
  year={2021},
  organization={PMLR}
}

@article{large_scale_networked_MARL,
  title={Efficient and scalable reinforcement learning for large-scale network control},
  author={Ma, Chengdong and Li, Aming and Du, Yali and Dong, Hao and Yang, Yaodong},
  journal={Nature Machine Intelligence},
  pages={1--15},
  year={2024},
  publisher={Nature Publishing Group UK London}
}

@inproceedings{CommNet,
  title={Learning multiagent communication with backpropagation},
  author={Sukhbaatar, Sainbayar and Fergus, Rob and others},
  booktitle={Advances in Neural Information Processing Systems},
  volume={29},
  year={2016}
}

@article{ctde_kraemer2016multi,
  title={Multi-agent reinforcement learning as a rehearsal for decentralized planning},
  author={Kraemer, Landon and Banerjee, Bikramjit},
  journal={Neurocomputing},
  volume={190},
  pages={82--94},
  year={2016},
  publisher={Elsevier}
}

@inproceedings{ctde_lyu2021contrasting,
  author       = {Xueguang Lyu and
                  Yuchen Xiao and
                  Brett Daley and
                  Christopher Amato},
  title        = {Contrasting Centralized and Decentralized Critics in Multi-Agent Reinforcement
                  Learning},
  booktitle    = {Proceedings of the 20th International Conference on Autonomous Agents and
                  Multiagent Systems},
  pages        = {844--852},
  year         = {2021},
}

@inproceedings{MADDPG,
  title={Multi-agent actor-critic for mixed cooperative-competitive environments},
  author={Ryan Lowe and
                  Yi Wu and
                  Aviv Tamar and
                  Jean Harb and
                  Pieter Abbeel and
                  Igor Mordatch},
  booktitle={Advances in Neural Information Processing Systems},
  volume={30},
  year={2017}
}

@inproceedings{COMA,
  title={Counterfactual multi-agent policy gradients},
  author={Foerster, Jakob and Farquhar, Gregory and Afouras, Triantafyllos and Nardelli, Nantas and Whiteson, Shimon},
  booktitle={Proceedings of the AAAI Conference on Artificial Intelligence},
  volume={32},
  year={2018}
}

@article{QMIX,
  title={Monotonic value function factorisation for deep multi-agent reinforcement learning},
  author={Rashid, Tabish and Samvelyan, Mikayel and De Witt, Christian Schroeder and Farquhar, Gregory and Foerster, Jakob and Whiteson, Shimon},
  journal={The Journal of Machine Learning Research},
  volume={21},
  number={1},
  pages={7234--7284},
  year={2020},
  publisher={JMLRORG}
}


@inproceedings{MAPPO,
  title={The surprising effectiveness of ppo in cooperative multi-agent games},
  author={Yu, Chao and Velu, Akash and Vinitsky, Eugene and Gao, Jiaxuan and Wang, Yu and Bayen, Alexandre and Wu, Yi},
  booktitle={Advances in Neural Information Processing Systems},
  volume={35},
  pages={24611--24624},
  year={2022}
}


@article{MATD3,
  title={Reducing overestimation bias in multi-agent domains using double centralized critics},
  author={Ackermann, Johannes and Gabler, Volker and Osa, Takayuki and Sugiyama, Masashi},
  journal={arXiv preprint arXiv:1910.01465},
  year={2019}
}

@inproceedings{benchmark_IMP,
  title={{IMP-MARL}: a suite of environments for large-scale infrastructure management planning via {MARL}},
  author={Leroy, Pascal and Morato, Pablo G and Pisane, Jonathan and Kolios, Athanasios and Ernst, Damien},
  booktitle={Advances in Neural Information Processing Systems},
  volume={36},
  year={2024}
}

@inproceedings{benchmark_Magent,
  title={Magent: A many-agent reinforcement learning platform for artificial collective intelligence},
  author={Zheng, Lianmin and Yang, Jiacheng and Cai, Han and Zhou, Ming and Zhang, Weinan and Wang, Jun and Yu, Yong},
  booktitle={Proceedings of the AAAI conference on artificial intelligence},
  volume={32},
  year={2018}
}

@inproceedings{facmac_mamujoco,
  title={Facmac: Factored multi-agent centralised policy gradients},
  author={Peng, Bei and Rashid, Tabish and Schroeder de Witt, Christian and Kamienny, Pierre-Alexandre and Torr, Philip and B{\"o}hmer, Wendelin and Whiteson, Shimon},
  booktitle={Advances in Neural Information Processing Systems},
  volume={34},
  pages={12208--12221},
  year={2021}
}

@inproceedings{smac,
  title={The StarCraft Multi-Agent Challenge},
  author={Samvelyan, Mikayel and Rashid, Tabish and Schroeder de Witt, Christian and Farquhar, Gregory and Nardelli, Nantas and Rudner, Tim GJ and Hung, Chia-Man and Torr, Philip HS and Foerster, Jakob and Whiteson, Shimon},
  booktitle={Proceedings of the 18th International Conference on Autonomous Agents and MultiAgent Systems},
  pages={2186--2188},
  year={2019}
}

@article{population_survey,
  title={A survey on large-population systems and scalable multi-agent reinforcement learning},
  author={Cui, Kai and Tahir, Anam and Ekinci, Gizem and Elshamanhory, Ahmed and Eich, Yannick and Li, Mengguang and Koeppl, Heinz},
  journal={arXiv preprint arXiv:2209.03859},
  year={2022}
}

@inproceedings{traffic_scalibility,
  title={An introduction to multi-agent reinforcement learning and review of its application to autonomous mobility},
  author={Schmidt, Lukas M and Brosig, Johanna and Plinge, Axel and Eskofier, Bjoern M and Mutschler, Christopher},
  booktitle={IEEE 25th International Conference on Intelligent Transportation Systems (ITSC)},
  pages={1342--1349},
  year={2022},
  organization={IEEE}
}

@article{inventory_scalibility,
  title={A versatile multi-agent reinforcement learning benchmark for inventory management},
  author={Yang, Xianliang and Liu, Zhihao and Jiang, Wei and Zhang, Chuheng and Zhao, Li and Song, Lei and Bian, Jiang},
  journal={arXiv preprint arXiv:2306.07542},
  year={2023}
}

=============== related work ===============

@inproceedings{DIAL_RIAL,
  title={Learning to communicate with deep multi-agent reinforcement learning},
  author={Foerster, Jakob and Assael, Ioannis Alexandros and De Freitas, Nando and Whiteson, Shimon},
  booktitle={Advances in Neural Information Processing Systems},
  volume={29},
  year={2016}
}

@article{BiCNet,
  title={Multiagent bidirectionally-coordinated nets: Emergence of human-level coordination in learning to play starcraft combat games},
  author={Peng, Peng and Wen, Ying and Yang, Yaodong and Yuan, Quan and Tang, Zhenkun and Long, Haitao and Wang, Jun},
  journal={arXiv preprint arXiv:1703.10069},
  year={2017}
}

@inproceedings{MAIC,
  title={Multi-agent incentive communication via decentralized teammate modeling},
  author={Yuan, Lei and Wang, Jianhao and Zhang, Fuxiang and Wang, Chenghe and Zhang, Zongzhang and Yu, Yang and Zhang, Chongjie},
  booktitle={Proceedings of the AAAI Conference on Artificial Intelligence},
  volume={36},
  pages={9466--9474},
  year={2022}
}

@inproceedings{ToM2C,
  author       = {Yuanfei Wang and
                  Fangwei Zhong and
                  Jing Xu and
                  Yizhou Wang},
  title        = {{ToM2C}: Target-oriented Multi-agent Communication and Cooperation with
                  Theory of Mind},
  booktitle    = {Proceedings of the 10th International Conference on Learning Representations},
  year         = {2022},

}

@inproceedings{CACL,
  title={Learning Multi-Agent Communication with Contrastive Learning},
  author={Lo, Yat Long and Sengupta, Biswa and Foerster, Jakob Nicolaus and Noukhovitch, Michael},
  booktitle={Proceedings of the 12th International Conference on Learning Representations},
  year={2024}
}

@inproceedings{G2ANet,
  title={Multi-agent game abstraction via graph attention neural network},
  author={Liu, Yong and Wang, Weixun and Hu, Yujing and Hao, Jianye and Chen, Xingguo and Gao, Yang},
  booktitle={Proceedings of the AAAI conference on artificial intelligence},
  volume={34},
  pages={7211--7218},
  year={2020}
}

@inproceedings{MAGIC,
  title={Multi-Agent Graph-Attention Communication and Teaming},
  author={Niu, Yaru and Paleja, Rohan R and Gombolay, Matthew C},
  booktitle={Proceedings of the 20th International Conference on Autonomous Agents and MultiAgent Systems},
  volume={21},
  pages={964--97},
  year={2021}
}

@inproceedings{MASIA,
  title={Efficient multi-agent communication via self-supervised information aggregation},
  author={Guan, Cong and Chen, Feng and Yuan, Lei and Wang, Chenghe and Yin, Hao and Zhang, Zongzhang and Yu, Yang},
  booktitle={Advances in Neural Information Processing Systems},
  volume={35},
  pages={1020--1033},
  year={2022}
}

@inproceedings{DACOM,
  title={DACOM: Learning delay-aware communication for multi-agent reinforcement learning},
  author={Yuan, Tingting and Chung, Hwei-Ming and Yuan, Jie and Fu, Xiaoming},
  booktitle={Proceedings of the AAAI Conference on Artificial Intelligence},
  volume={37},
  pages={11763--11771},
  year={2023}
}

@inproceedings{TMC,
  title={Succinct and robust multi-agent communication with temporal message control},
  author={Zhang, Sai Qian and Zhang, Qi and Lin, Jieyu},
  booktitle={Advances in Neural Information Processing Systems},
  volume={33},
  pages={17271--17282},
  year={2020}
}


@inproceedings{NDQ,
  author       = {Tonghan Wang and
                  Jianhao Wang and
                  Chongyi Zheng and
                  Chongjie Zhang},
  title        = {Learning Nearly Decomposable Value Functions Via Communication Minimization},
  booktitle    = {Proceedings of the International Conference on Learning Representations},
  year         = {2020},
}

@inproceedings{MARL_comm_survey,
  author       = {Changxi Zhu and
                  Mehdi Dastani and
                  Shihan Wang},
  editor       = {Mehdi Dastani and
                  Jaime Sim{\~{a}}o Sichman and
                  Natasha Alechina and
                  Virginia Dignum},
  title        = {A Survey of Multi-Agent Deep Reinforcement Learning with Communication},
  booktitle    = {Proceedings of the 23rd International Conference on Autonomous Agents and MultiAgent Systems},
  pages        = {2845--2847},
  year         = {2024},
}

@article{ETC,
  title={Event-triggered communication network with limited-bandwidth constraint for multi-agent reinforcement learning},
  author={Hu, Guangzheng and Zhu, Yuanheng and Zhao, Dongbin and Zhao, Mengchen and Hao, Jianye},
  journal={IEEE Transactions on Neural Networks and Learning Systems},
  year={2021},
  publisher={IEEE}
}

@inproceedings{VBC,
  title={Efficient communication in multi-agent reinforcement learning via variance based control},
  author={Zhang, Sai Qian and Zhang, Qi and Lin, Jieyu},
  booktitle={Advances in Neural Information Processing Systems},
  volume={32},
  year={2019}
}

@inproceedings{MBC_sparse_comm,
  title={Model-based Sparse Communication in Multi-agent Reinforcement Learning},
  author={Han, Shuai and Dastani, Mehdi and Wang, Shihan},
  booktitle={Proceedings of the 22nd International Conference on Autonomous Agents and MultiAgent Systems},
  pages={439--447},
  year={2023}
}

@inproceedings{i2c,
  title={Learning individually inferred communication for multi-agent cooperation},
  author={Ding, Ziluo and Huang, Tiejun and Lu, Zongqing},
  booktitle={Advances in Neural Information Processing Systems},
  volume={33},
  pages={22069--22079},
  year={2020}
}

@inproceedings{atoc,
  title={Learning attentional communication for multi-agent cooperation},
  author={Jiang, Jiechuan and Lu, Zongqing},
  booktitle={Advances in Neural Information Processing Systems},
  volume={31},
  year={2018}
}


@inproceedings{ic3,
  author       = {Amanpreet Singh and
                  Tushar Jain and
                  Sainbayar Sukhbaatar},
  title        = {Learning when to Communicate at Scale in Multiagent Cooperative and
                  Competitive Tasks},
  booktitle    = {Proceedings of the 7th International Conference on Learning Representations},
  year         = {2019},

}

@inproceedings{noisy_channel,
  title={Communication learning via backpropagation in discrete channels with unknown noise},
  author={Freed, Benjamin and Sartoretti, Guillaume and Hu, Jiaheng and Choset, Howie},
  booktitle={Proceedings of the AAAI conference on artificial intelligence},
  volume={34},
  pages={7160--7168},
  year={2020}
}

@inproceedings{DGN,
  author       = {Jiechuan Jiang and
                  Chen Dun and
                  Tiejun Huang and
                  Zongqing Lu},
  title        = {Graph Convolutional Reinforcement Learning},
  booktitle    = {Proceedings of the 8th International Conference on Learning Representations},
  year         = {2020}
}

@inproceedings{NeurComm,
  author       = {Tianshu Chu and
                  Sandeep Chinchali and
                  Sachin Katti},
  title        = {Multi-agent Reinforcement Learning for Networked System Control},
  booktitle    = {Proceedings of the 8th International Conference on Learning Representations},
  year         = {2020}
}

@inproceedings{neighbor_graph,
  title={Towards Generalizability of Multi-Agent Reinforcement Learning in Graphs with Recurrent Message Passing},
  author={Weil, Jannis and Bao, Zhenghua and Abboud, Osama and Meuser, Tobias},
  booktitle={Proceedings of the 23rd International Conference on Autonomous Agents and Multiagent Systems},
  pages={1919--1927},
  year={2024}
}

@inproceedings{schedNet,
  author    = {Daewoo Kim and
               Sangwoo Moon and
               David Hostallero and
               Wan Ju Kang and
               Taeyoung Lee and
               Kyunghwan Son and
               Yung Yi},
  title     = {Learning to Schedule Communication in Multi-agent Reinforcement Learning},
  booktitle = {Proceedings of the 7th International Conference on Learning Representations},
  year      = {2019},
}

@inproceedings{SlowMo,
  author       = {Jianyu Wang and
                  Vinayak Tantia and
                  Nicolas Ballas and
                  Michael G. Rabbat},
  title        = {SlowMo: Improving Communication-Efficient Distributed {SGD} with Slow
                  Momentum},
  booktitle    = {Proceedings of 8th International Conference on Learning Representations},
  year         = {2020},
}

@inproceedings{expG_consensus,
  title={Consensus control for decentralized deep learning},
  author={Kong, Lingjing and Lin, Tao and Koloskova, Anastasia and Jaggi, Martin and Stich, Sebastian},
  booktitle={Proceedings of the 38th International Conference on Machine Learning},
  pages={5686--5696},
  year={2021}
}

@inproceedings{ExpG_largebs,
  title={DecentLaM: Decentralized momentum SGD for large-batch deep training},
  author={Yuan, Kun and Chen, Yiming and Huang, Xinmeng and Zhang, Yingya and Pan, Pan and Xu, Yinghui and Yin, Wotao},
  booktitle={Proceedings of the IEEE/CVF International Conference on Computer Vision},
  pages={3029--3039},
  year={2021}
}

@article{ExpG_chip_design,
  title={A highly scalable optical network-on-chip with small network diameter and deadlock freedom},
  author={Wang, Xiaolu and Gu, Huaxi and Yang, Yintang and Wang, Kun and Hao, Qinfen},
  journal={IEEE Transactions on Very Large Scale Integration (VLSI) Systems},
  volume={24},
  number={12},
  pages={3424--3436},
  year={2016},
  publisher={IEEE}
}

=============== method ===============

@book{pomdp_oliehoek2016concise,
  title={A concise introduction to decentralized POMDPs},
  author={Oliehoek, Frans A and Amato, Christopher},
  year={2016},
  publisher={Springer}
}

@inproceedings{Commformer,
  title={Learning Multi-Agent Communication from Graph Modeling Perspective},
  author={Hu, Shengchao and Shen, Li and Zhang, Ya and Tao, Dacheng},
  year={2024},
  booktitle={Proceedings of the 12th International Conference on Learning Representations}
}

@inproceedings{exp_graph_decentralized_learning_first,
  title={Stochastic gradient push for distributed deep learning},
  author={Assran, Mahmoud and Loizou, Nicolas and Ballas, Nicolas and Rabbat, Mike},
  booktitle={Proceedings of the 36th International Conference on Machine Learning},
  pages={344--353},
  year={2019},
  organization={PMLR}
}

@inproceedings{exp_graph_decentralized_exact_avg,
  title={Exponential graph is provably efficient for decentralized deep training},
  author={Ying, Bicheng and Yuan, Kun and Chen, Yiming and Hu, Hanbin and Pan, Pan and Yin, Wotao},
  booktitle={Advances in Neural Information Processing Systems},
  volume={34},
  pages={13975--13987},
  year={2021}
}

@inproceedings{TarMAC,
  title={Tarmac: Targeted multi-agent communication},
  author={Das, Abhishek and Gervet, Th{\'e}ophile and Romoff, Joshua and Batra, Dhruv and Parikh, Devi and Rabbat, Mike and Pineau, Joelle},
  booktitle={Proceedings of the 36th International Conference on Machine Learning},
  pages={1538--1546},
  year={2019},
  organization={PMLR}
}


@article{ER_graph,
  title={On the evolution of random graphs},
  author={Erdos, Paul and R{\'e}nyi, Alfr{\'e}d and others},
  journal={Publ. math. inst. hung. acad. sci},
  volume={5},
  number={1},
  pages={17--60},
  year={1960}
}

@inproceedings{comm_aux_loss,
  title={Context-aware Communication for Multi-agent Reinforcement Learning},
  author={Li, Xinran and Zhang, Jun},
  booktitle={Proceedings of the 23rd International Conference on Autonomous Agents and Multiagent Systems},
  pages={1156--1164},
  year={2024}
}

@article{InfoNCE,
  title={Representation learning with contrastive predictive coding},
  author={Oord, Aaron van den and Li, Yazhe and Vinyals, Oriol},
  journal={arXiv preprint arXiv:1807.03748},
  year={2018}
}


=============== experiment ===============

=============== appendix ===============
@inproceedings{epymarl,
   title={Benchmarking Multi-Agent Deep Reinforcement Learning Algorithms in Cooperative Tasks},
   author={Georgios Papoudakis and Filippos Christianos and Lukas Schäfer and Stefano V. Albrecht},
   booktitle = {Proceedings of the Neural Information Processing Systems Track on Datasets and Benchmarks},
   year={2021},
   url = {http://arxiv.org/abs/2006.07869},
   openreview = {https://openreview.net/forum?id=cIrPX-Sn5n},
   code = {https://github.com/uoe-agents/epymarl},
}

@misc{magent2,
  author = {Terry, Jordan K and Black, Benjamin and Jayakumar, Mario},
  title = {MAgent},
  year = {2020},
  publisher = {GitHub},
  note = {GitHub repository},
  howpublished = {\url{https://github.com/Farama-Foundation/MAgent}}
}

@inproceedings{adv_comm,
  title={Emergent Communication under Competition},
  author={Noukhovitch, Michael and LaCroix, Travis and Lazaridou, Angeliki and Courville, Aaron},
  booktitle={Proceedings of the 20th International Conference on Autonomous Agents and MultiAgent Systems},
  pages={974--982},
  year={2021}
}

@inproceedings{networked_MA,
  title={Fully decentralized multi-agent reinforcement learning with networked agents},
  author={Zhang, Kaiqing and Yang, Zhuoran and Liu, Han and Zhang, Tong and Basar, Tamer},
  booktitle={Proceedings of the 35th International Conference on Machine Learning},
  pages={5872--5881},
  year={2018},
  organization={PMLR}
}

@inproceedings{plasticity,
  title={Deep reinforcement learning with plasticity injection},
  author={Nikishin, Evgenii and Oh, Junhyuk and Ostrovski, Georg and Lyle, Clare and Pascanu, Razvan and Dabney, Will and Barreto, Andr{\'e}},
  booktitle={Advances in Neural Information Processing Systems},
  volume={36},
  year={2024}
}