@inproceedings{application3,
  author={Puyuan Peng and Brian Yan and Shinji Watanabe and David Harwath},
  title={Prompting the hidden talent of web-scale speech models for zero-Shot task generalization},
  year=2023,
  booktitle={Proc. Interspeech 2023},
  pages={396--400},
  issn={2958-1796}
}

@inproceedings{speakerprompt,
  title={Extending {Whisper} with prompt tuning to target-speaker {ASR}},
  author={Ma, Hao and Peng, Zhiyuan and Shao, Mingjie and Li, Jing and Liu, Ju},
  booktitle={ICASSP 2024-2024 IEEE International Conference on Acoustics, Speech and Signal Processing (ICASSP)},
  pages={12516--12520},
  year={2024},
  organization={IEEE}
}

@inproceedings{zeroshotdomain,
  title={Zero-Shot Domain-Sensitive Speech Recognition with Prompt-Conditioning Fine-Tuning},
  author={Liao, Feng-Ting and Chan, Yung-Chieh and Chen, Yi-Chang and Hsu, Chan-Jan and Shiu, Da-shan},
  booktitle={2023 IEEE Automatic Speech Recognition and Understanding Workshop (ASRU)},
  pages={1--8},
  year={2023}
}

