@article{wav2vec2,
  title={wav2vec 2.0: A framework for self-supervised learning of speech representations},
  author={Baevski, Alexei and Zhou, Yuhao and Mohamed, Abdelrahman and Auli, Michael},
  journal={Advances in neural information processing systems},
  volume={33},
  pages={12449--12460},
  year={2020}
}

@inproceedings{whisper,
  title={Robust speech recognition via large-scale weak supervision},
  author={Radford, Alec and Kim, Jong Wook and Xu, Tao and Brockman, Greg and McLeavey, Christine and Sutskever, Ilya},
  booktitle={International conference on machine learning},
  pages={28492--28518},
  year={2023},
  organization={PMLR}
}

@article{application,
  title={Foundation models for generalist medical artificial intelligence},
  author={Moor, Michael and Banerjee, Oishi and Abad, Zahra Shakeri Hossein and Krumholz, Harlan M and Leskovec, Jure and Topol, Eric J and Rajpurkar, Pranav},
  journal={Nature},
  volume={616},
  number={7956},
  pages={259--265},
  year={2023},
  publisher={Nature Publishing Group UK London}
}

@inproceedings{application2,
  title     = {Whisper-{AT}: Noise-Robust Automatic Speech Recognizers are Also Strong General Audio Event Taggers},
  author    = {Yuan Gong and Sameer Khurana and Leonid Karlinsky and James Glass},
  year      = {2023},
  booktitle = {Proc. Interspeech 2023},
  pages     = {2798--2802},
  doi       = {10.21437/Interspeech.2023-2193},
  issn      = {2958-1796},
}

@inproceedings{application3,
  author={Puyuan Peng and Brian Yan and Shinji Watanabe and David Harwath},
  title={Prompting the hidden talent of web-scale speech models for zero-Shot task generalization},
  year=2023,
  booktitle={Proc. Interspeech 2023},
  pages={396--400},
  issn={2958-1796}
}

@inproceedings{tcpgen,
  author={Guangzhi Sun and Xianrui Zheng and Chao Zhang and Philip C. Woodland},
  title={Can contextual biasing remain effective with {Whisper} and {GPT-2?}},
  year=2023,
  booktitle={Proc. Interspeech},
  pages={1289--1293},
  issn={2958-1796}
}

@inproceedings{contextrnnt,
  author={Mahaveer Jain and Gil Keren and Jay Mahadeokar and Geoffrey Zweig and Florian Metze and Yatharth Saraf},
  title={Contextual {RNN-T} for open domain {ASR}},
  year={2020},
  booktitle={Proc. Interspeech},
  pages={11--15},
  issn={2958-1796}
}

@INPROCEEDINGS{personalizationctc,
  author={Dingliwal, Saket and Sunkara, Monica and Ronanki, Srikanth and Farris, Jeff and Kirchhoff, Katrin and Bodapati, Sravan},
  booktitle={2022 IEEE Spoken Language Technology Workshop (SLT)}, 
  title={Personalization of {CTC} speech recognition models}, 
  year={2023},
  volume={},
  number={},
  pages={302-309}}

@inproceedings{sathyendra2022contextual,
  title={Contextual adapters for personalized speech recognition in neural transducers},
  author={Sathyendra, Kanthashree Mysore and Muniyappa, Thejaswi and Chang, Feng-Ju and Liu, Jing and Su, Jinru and Strimel, Grant P and Mouchtaris, Athanasios and Kunzmann, Siegfried},
  booktitle={ICASSP 2022-2022 IEEE International Conference on Acoustics, Speech and Signal Processing (ICASSP)},
  pages={8537--8541},
  year={2022},
  organization={IEEE}
}

@inproceedings{tang2024improving,
  title={Improving {ASR} Contextual Biasing with Guided Attention},
  author={Tang, Jiyang and Kim, Kwangyoun and Shon, Suwon and Wu, Felix and Sridhar, Prashant},
  booktitle={ICASSP 2024-2024 IEEE International Conference on Acoustics, Speech and Signal Processing (ICASSP)},
  pages={12096--12100},
  year={2024},
  organization={IEEE}
}

@article{transformertrans,
  title={Transformer Transducer: A Streamable Speech Recognition Model with Transformer Encoders and {RNN-T} Loss},
  author={Qian Zhang and Han Lu and Hasim Sak and Anshuman Tripathi and Erik McDermott and Stephen Koo and Shankar Kumar},
  journal={ICASSP 2020 - 2020 IEEE International Conference on Acoustics, Speech and Signal Processing (ICASSP)},
  year={2020},
  pages={7829-7833},
  url={https://api.semanticscholar.org/CorpusID:211066611},
  organization={IEEE}
}

@inproceedings{clip,
  title={Learning transferable visual models from natural language supervision},
  author={Radford, Alec and Kim, Jong Wook and Hallacy, Chris and Ramesh, Aditya and Goh, Gabriel and Agarwal, Sandhini and Sastry, Girish and Askell, Amanda and Mishkin, Pamela and Clark, Jack and others},
  booktitle={International conference on machine learning},
  pages={8748--8763},
  year={2021},
  organization={PMLR}
}

@article{gpt2,
  title={Language models are unsupervised multitask learners},
  author={Radford, Alec and Wu, Jeffrey and Child, Rewon and Luan, David and Amodei, Dario and Sutskever, Ilya and others},
  journal={OpenAI blog},
  volume={1},
  number={8},
  pages={9},
  year={2019}
}

@article{humanfeedback,
  title={Training language models to follow instructions with human feedback},
  author={Ouyang, Long and Wu, Jeffrey and Jiang, Xu and Almeida, Diogo and Wainwright, Carroll and Mishkin, Pamela and Zhang, Chong and Agarwal, Sandhini and Slama, Katarina and Ray, Alex and others},
  journal={Advances in neural information processing systems},
  volume={35},
  pages={27730--27744},
  year={2022}
}

@inproceedings{speakerprompt,
  title={Extending {Whisper} with prompt tuning to target-speaker {ASR}},
  author={Ma, Hao and Peng, Zhiyuan and Shao, Mingjie and Li, Jing and Liu, Ju},
  booktitle={ICASSP 2024-2024 IEEE International Conference on Acoustics, Speech and Signal Processing (ICASSP)},
  pages={12516--12520},
  year={2024},
  organization={IEEE}
}

@inproceedings{zeroshotdomain,
  title={Zero-Shot Domain-Sensitive Speech Recognition with Prompt-Conditioning Fine-Tuning},
  author={Liao, Feng-Ting and Chan, Yung-Chieh and Chen, Yi-Chang and Hsu, Chan-Jan and Shiu, Da-shan},
  booktitle={2023 IEEE Automatic Speech Recognition and Understanding Workshop (ASRU)},
  pages={1--8},
  year={2023}
}

@article{attention,
  title={Attention is all you need},
  author={Vaswani, Ashish and Shazeer, Noam and Parmar, Niki and Uszkoreit, Jakob and Jones, Llion and Gomez, Aidan N and Kaiser, {\L}ukasz and Polosukhin, Illia},
  journal={Advances in neural information processing systems},
  volume={30},
  year={2017}
}

@inproceedings{cv,
  title={Common Voice: A Massively-Multilingual Speech Corpus},
  author={Ardila, Rosana and Branson, Megan and Davis, Kelly and Kohler, Michael and Meyer, Josh and Henretty, Michael and Morais, Reuben and Saunders, Lindsay and Tyers, Francis and Weber, Gregor},
  booktitle={Proceedings of the Twelfth Language Resources and Evaluation Conference},
  pages={4218--4222},
  year={2020}
}

@inproceedings{artie,
  title={Artie bias corpus: An open dataset for detecting demographic bias in speech applications},
  author={Meyer, Josh and Rauchenstein, Lindy and Eisenberg, Joshua D and Howell, Nicholas},
  booktitle={Proceedings of the twelfth language resources and evaluation conference},
  pages={6462--6468},
  year={2020}
}

@inproceedings{deepcontext,
  title={Deep context: end-to-end contextual speech recognition},
  author={Pundak, Golan and Sainath, Tara N and Prabhavalkar, Rohit and Kannan, Anjuli and Zhao, Ding},
  booktitle={2018 IEEE spoken language technology workshop (SLT)},
  pages={418--425},
  year={2018},
  organization={IEEE}
}

@article{
flan,
title={Finetuned Language Models are Zero-Shot Learners},
author={Jason Wei and Maarten Bosma and Vincent Zhao and Kelvin Guu and Adams Wei Yu and Brian Lester and Nan Du and Andrew M. Dai and Quoc V Le},
booktitle={International Conference on Learning Representations},
year={2022},
url={https://openreview.net/forum?id=gEZrGCozdqR}
}

@inproceedings{Libri,
  title={Librispeech: an {ASR} corpus based on public domain audio books},
  author={Panayotov, Vassil and Chen, Guoguo and Povey, Daniel and Khudanpur, Sanjeev},
  booktitle={2015 IEEE international conference on acoustics, speech and signal processing (ICASSP)},
  pages={5206--5210},
  year={2015},
  organization={IEEE}
}

@inproceedings{vox,
    title = "{V}ox{P}opuli: A Large-Scale Multilingual Speech Corpus for Representation Learning, Semi-Supervised Learning and Interpretation",
    author = "Wang, Changhan  and
      Riviere, Morgane  and
      Lee, Ann  and
      Wu, Anne  and
      Talnikar, Chaitanya  and
      Haziza, Daniel  and
      Williamson, Mary  and
      Pino, Juan  and
      Dupoux, Emmanuel",
    booktitle = "Proceedings of the 59th Annual Meeting of the Association for Computational Linguistics and the 11th International Joint Conference on Natural Language Processing (Volume 1: Long Papers)",
    year = "2021",
    address = "Online",
    publisher = "Association for Computational Linguistics",
    doi = "10.18653/v1/2021.acl-long.80",
    pages = "993--1003",
}

@inproceedings{tedlium,
  title={{TED-LIUM} 3: Twice as much data and corpus repartition for experiments on speaker adaptation},
  author={Hernandez, Fran{\c{c}}ois and Nguyen, Vincent and Ghannay, Sahar and Tomashenko, Natalia and Esteve, Yannick},
  booktitle={Speech and Computer: 20th International Conference, SPECOM 2018, Leipzig, Germany, September 18--22, 2018, Proceedings 20},
  pages={198--208},
  year={2018},
  organization={Springer}
}

@inproceedings{slurp,
  title={{SLURP}: A Spoken Language Understanding Resource Package},
  author={Bastianelli, Emanuele and Vanzo, Andrea and Swietojanski, Pawel and Rieser, Verena},
  booktitle={Proceedings of the 2020 Conference on Empirical Methods in Natural Language Processing (EMNLP)},
  pages={7252--7262},
  year={2020}
}

@INPROCEEDINGS{fleurs,
  author={Conneau, Alexis and Ma, Min and Khanuja, Simran and Zhang, Yu and Axelrod, Vera and Dalmia, Siddharth and Riesa, Jason and Rivera, Clara and Bapna, Ankur},
  booktitle={2022 IEEE Spoken Language Technology Workshop (SLT)}, 
  title={FLEURS: FEW-Shot Learning Evaluation of Universal Representations of Speech}, 
  year={2023},
  volume={},
  number={},
  pages={798-805},
  keywords={Conferences;Buildings;Speech recognition;Benchmark testing;Machine translation;Task analysis;Automatic speech recognition;Massively Multilingual Speech Recognition;Low-Resource Language Dataset;Speech Language Identification;Speech Information Retrieval;Few-/Zero- Shot Learning},
  doi={10.1109/SLT54892.2023.10023141}}

@inproceedings{chime,
  title        = {{The CHiME-6 challenge: tackling multispeaker speech recognition for unsegmented recordings}},
  author       = {Watanabe, Shinji and Mandel, Michael and Barker, Jon and Vincent, Emmanuel and Arora, Ashish and Chang, Xuankai and Khudanpur, Sanjeev and Manohar, Vimal and Povey, Daniel and Raj, Desh and Snyder, David and Subramanian, Aswin Shanmugam and Trmal, Jan and Yair, Bar Ben and Boeddeker, Christoph and Ni, Zhaoheng and Fujita, Yusuke and Horiguchi, Shota and Kanda, Naoyuki and Yoshioka, Takuya and Ryant, Neville},
  booktitle    = {{Proceedings of the 6th International Workshop on Speech Processing in Everyday Environments (CHiME 2020)}},
  year         = {2020},
  month        = may,
  address      = {Barcelona, Spain (Virtual)},
  hal_id       = {hal-02546993},
  hal_version  = {v2}
}

@online{coraal,
  author = {Quartey, Minnie and Farrington, Charlie and Kendall, Tyler and Jenson, Lucas and Tacata, Chloe and McLean, Jaidan},
  title = {The Corpus of Regional African American Language: {VLD} (Valdosta, GA 2017)},
  year = {2020},
  version = {2021.07},
  note = {The Online Resources for African American Language Project},
  url = {http://oraal.uoregon.edu/coraal},
  location = {Eugene, OR}
}

@Misc{medical,
  author =   {Figure Eight Inc.},
  title =    {Medical Speech, Transcription, and Intent},
  howpublished ={\url{https://www.kaggle.com/datasets/paultimothymooney/medical-speech-transcription-and-intent/data}},
  year =     2019}

@article{automatic_illness,
  title={Automatic illness prediction system through speech},
  author={Abdulmohsin, Husam Ali and Al-Khateeb, Belal and Hasan, Samer Sami and Dwivedi, Rinky},
  journal={Computers and Electrical Engineering},
  volume={102},
  pages={108224},
  year={2022},
  publisher={Elsevier}
}

@inproceedings{MLS,
  author={Vineel Pratap and Qiantong Xu and Anuroop Sriram and Gabriel Synnaeve and Ronan Collobert},
  title={{MLS}: A Large-Scale Multilingual Dataset for Speech Research},
  year=2020,
  booktitle={Proc. Interspeech 2020},
  pages={2757--2761},
  issn={2958-1796}
}

@inproceedings{trie,
  title     = {Contextualized streaming end-to-end speech recognition with trie-based deep biasing and shallow fusion},
  author    = {Duc Le and Mahaveer Jain and Gil Keren and Suyoun Kim and Yangyang Shi and Jay Mahadeokar and Julian Chan and Yuan Shangguan and Christian Fuegen and Ozlem Kalinli and Yatharth Saraf and Michael L. Seltzer},
  year      = {2021},
  booktitle = {Proc. Interspeech 2021},
  pages     = {1772--1776},
  issn      = {2958-1796},
}

@inproceedings{text-injection,
  title     = {Text Injection for Neural Contextual Biasing},
  author    = {Zhong Meng and Zelin Wu and Rohit Prabhavalkar and Cal Peyser and Weiran Wang and Nanxin Chen and Tara N. Sainath and Bhuvana Ramabhadran},
  year      = {2024},
  booktitle = {Proc. Interspeech 2024},
  pages     = {2985--2989},
  issn      = {2958-1796},
}

@article{pointer,
  title={Minimising biasing word errors for contextual {ASR} with the tree-constrained pointer generator},
  author={Sun, Guangzhi and Zhang, Chao and Woodland, Philip C},
  journal={IEEE/ACM Transactions on Audio, Speech, and Language Processing},
  volume={31},
  pages={345--354},
  year={2022},
  publisher={IEEE}
}

@inproceedings{shakeel2024contextualized,
  title     = {Contextualized End-to-end Automatic Speech Recognition with Intermediate Biasing Loss},
  author    = {Muhammad Shakeel and Yui Sudo and Yifan Peng and Shinji Watanabe},
  year      = {2024},
  booktitle = {Proc. Interspeech 2024},
  pages     = {3909--3913},
  issn      = {2958-1796},
}

@inproceedings{saket,
  title={Retrieve and Copy: Scaling {ASR} Personalization to Large Catalogs},
  author={Jayanthi, Sai Muralidhar and Kulshreshtha, Devang and Dingliwal, Saket and Ronanki, Srikanth and Bodapati, Sravan},
  booktitle={Proceedings of the 2023 Conference on Empirical Methods in Natural Language Processing: Industry Track},
  pages={631--639},
  year={2023}
}

@article{hendrycks2016baseline,
  title={A baseline for detecting misclassified and out-of-distribution examples in neural networks},
  author={Hendrycks, Dan and Gimpel, Kevin},
  journal={arXiv preprint arXiv:1610.02136},
  year={2016}
}
