
% Journals

% First the Full Name is given, then the abbreviation used in the AMS Math
% Reviews, with an indication if it could not be found there.
% Note the 2nd overwrites the 1st, so swap them if you want the full name.

 %{AMS}
 @String{AMSTrans = "American Mathematical Society Translations" }
 @String{AMSTrans = "Amer. Math. Soc. Transl." }
 @String{BullAMS = "Bulletin of the American Mathematical Society" }
 @String{BullAMS = "Bull. Amer. Math. Soc." }
 @String{ProcAMS = "Proceedings of the American Mathematical Society" }
 @String{ProcAMS = "Proc. Amer. Math. Soc." }
 @String{TransAMS = "Transactions of the American Mathematical Society" }
 @String{TransAMS = "Trans. Amer. Math. Soc." }

 %ACM
 @String{CACM = "Communications of the {ACM}" }
 @String{CACM = "Commun. {ACM}" }
 @String{CompServ = "Comput. Surveys" }
 @String{JACM = "J. ACM" }
 @String{ACMMathSoft = "{ACM} Transactions on Mathematical Software" }
 @String{ACMMathSoft = "{ACM} Trans. Math. Software" }
 @String{SIGNUM = "{ACM} {SIGNUM} Newsletter" }
 @String{SIGNUM = "{ACM} {SIGNUM} Newslett." }

 @String{AmerSocio = "American Journal of Sociology" }
 @String{AmerStatAssoc = "Journal of the American Statistical Association" }
 @String{AmerStatAssoc = "J. Amer. Statist. Assoc." }
 @String{ApplMathComp = "Applied Mathematics and Computation" }
 @String{ApplMathComp = "Appl. Math. Comput." }
 @String{AmerMathMonthly = "American Mathematical Monthly" }
 @String{AmerMathMonthly = "Amer. Math. Monthly" }
 @String{BIT = "{BIT}" }
 @String{BritStatPsych = "British Journal of Mathematical and Statistical
          Psychology" }
 @String{BritStatPsych = "Brit. J. Math. Statist. Psych." }
 @String{CanMathBull = "Canadian Mathematical Bulletin" }
 @String{CanMathBull = "Canad. Math. Bull." }
 @String{CompApplMath = "Journal of Computational and Applied Mathematics" }
 @String{CompApplMath = "J. Comput. Appl. Math." }
 @String{CompPhys = "Journal of Computational Physics" }
 @String{CompPhys = "J. Comput. Phys." }
 @String{CompStruct = "Computers and Structures" }
 @String{CompStruct = "Comput. \& Structures" }
 @String{CompJour = "The Computer Journal" }
 @String{CompJour = "Comput. J." }
 @String{CompSysSci = "Journal of Computer and System Sciences" }
 @String{CompSysSci = "J. Comput. System Sci." }
 @String{Computing = "Computing" }
 @String{ContempMath = "Contemporary Mathematics" }
 @String{ContempMath = "Contemp. Math." }
 @String{Crelle = "Crelle's Journal" }
 @String{GiornaleMath = "Giornale di Mathematiche" }
 @String{GiornaleMath = "Giorn. Mat." } % didn't find in AMS MR., ibid.

 %IEEE
 @String{Computer = "{IEEE} Computer" }
 @String{IEEETransComp = "{IEEE} Transactions on Computers" }
 @String{IEEETransComp = "{IEEE} Trans. Comput." }
 @String{IEEETransAC = "{IEEE} Transactions on Automatic Control" }
 @String{IEEETransAC = "{IEEE} Trans. Automat. Control" }
 @String{IEEESpec = "{IEEE} Spectrum" } % didn't find in AMS MR
 @String{ProcIEEE = "Proceedings of the {IEEE}" }
 @String{ProcIEEE = "Proc. {IEEE}" } % didn't find in AMS MR
 @String{IEEETransAeroElec = "{IEEE} Transactions on Aerospace and Electronic
     Systems" }
 @String{IEEETransAeroElec = "{IEEE} Trans. Aerospace Electron. Systems" }

 @String{IMANumerAna = "{IMA} Journal of Numerical Analysis" }
 @String{IMANumerAna = "{IMA} J. Numer. Anal." }
 @String{InfProcLet = "Information Processing Letters" }
 @String{InfProcLet = "Inform. Process. Lett." }
 @String{InstMathApp = "Journal of the Institute of Mathematics and
     its Applications" }
 @String{InstMathApp = "J. Inst. Math. Appl." }
 @String{IntControl = "International Journal of Control" }
 @String{IntControl = "Internat. J. Control" }
 @String{IntNumerEng = "International Journal for Numerical Methods in
     Engineering" }
 @String{IntNumerEng = "Internat. J. Numer. Methods Engrg." }
 @String{IntSuper = "International Journal of Supercomputing Applications" }
 @String{IntSuper = "Internat. J. Supercomputing Applic." } % didn't find
%% in AMS MR
 @String{Kibernetika = "Kibernetika" }
 @String{JResNatBurStand = "Journal of Research of the National Bureau
     of Standards" }
 @String{JResNatBurStand = "J. Res. Nat. Bur. Standards" }
 @String{LinAlgApp = "Linear Algebra and its Applications" }
 @String{LinAlgApp = "Linear Algebra Appl." }
 @String{MathAnaAppl = "Journal of Mathematical Analysis and Applications" }
 @String{MathAnaAppl = "J. Math. Anal. Appl." }
 @String{MathAnnalen = "Mathematische Annalen" }
 @String{MathAnnalen = "Math. Ann." }
 @String{MathPhys = "Journal of Mathematical Physics" }
 @String{MathPhys = "J. Math. Phys." }
 @String{MathComp = "Mathematics of Computation" }
 @String{MathComp = "Math. Comp." }
 @String{MathScand = "Mathematica Scandinavica" }
 @String{MathScand = "Math. Scand." }
 @String{TablesAidsComp = "Mathematical Tables and Other Aids to Computation" }
 @String{TablesAidsComp = "Math. Tables Aids Comput." }
 @String{NumerMath = "Numerische Mathematik" }
 @String{NumerMath = "Numer. Math." }
 @String{PacificMath = "Pacific Journal of Mathematics" }
 @String{PacificMath = "Pacific J. Math." }
 @String{ParDistComp = "Journal of Parallel and Distributed Computing" }
 @String{ParDistComp = "J. Parallel and Distrib. Comput." } % didn't find
%% in AMS MR
 @String{ParComputing = "Parallel Computing" }
 @String{ParComputing = "Parallel Comput." }
 @String{PhilMag = "Philosophical Magazine" }
 @String{PhilMag = "Philos. Mag." }
 @String{ProcNAS = "Proceedings of the National Academy of Sciences
                    of the USA" }
 @String{ProcNAS = "Proc. Nat. Acad. Sci. U. S. A." }
 @String{Psychometrika = "Psychometrika" }
 @String{QuartMath = "Quarterly Journal of Mathematics, Oxford, Series (2)" }
 @String{QuartMath = "Quart. J. Math. Oxford Ser. (2)" }
 @String{QuartApplMath = "Quarterly of Applied Mathematics" }
 @String{QuartApplMath = "Quart. Appl. Math." }
 @String{RevueInstStat = "Review of the International Statisical Institute" }
 @String{RevueInstStat = "Rev. Inst. Internat. Statist." }

 %SIAM
 @String{JSIAM = "Journal of the Society for Industrial and Applied
     Mathematics" }
 @String{JSIAM = "J. Soc. Indust. Appl. Math." }
 @String{JSIAMB = "Journal of the Society for Industrial and Applied
     Mathematics, Series B, Numerical Analysis" }
 @String{JSIAMB = "J. Soc. Indust. Appl. Math. Ser. B Numer. Anal." }
 @String{SIAMAlgMeth = "{SIAM} Journal on Algebraic and Discrete Methods" }
 @String{SIAMAlgMeth = "{SIAM} J. Algebraic Discrete Methods" }
 @String{SIAMAppMath = "{SIAM} Journal on Applied Mathematics" }
 @String{SIAMAppMath = "{SIAM} J. Appl. Math." }
 @String{SIAMComp = "{SIAM} Journal on Computing" }
 @String{SIAMComp = "{SIAM} J. Comput." }
 @String{SIAMMatrix = "{SIAM} Journal on Matrix Analysis and Applications" }
 @String{SIAMMatrix = "{SIAM} J. Matrix Anal. Appl." }
 @String{SIAMNumAnal = "{SIAM} Journal on Numerical Analysis" }
 @String{SIAMNumAnal = "{SIAM} J. Numer. Anal." }
 @String{SIAMReview = "{SIAM} Review" }
 @String{SIAMReview = "{SIAM} Rev." }
 @String{SIAMSciStat = "{SIAM} Journal on Scientific and Statistical
     Computing" }
 @String{SIAMSciStat = "{SIAM} J. Sci. Statist. Comput." }

 @String{SoftPracExp = "Software Practice and Experience" }
 @String{SoftPracExp = "Software Prac. Experience" } % didn't find in AMS MR
 @String{StatScience = "Statistical Science" }
 @String{StatScience = "Statist. Sci." }
 @String{Techno = "Technometrics" }
 @String{USSRCompMathPhys = "{USSR} Computational Mathematics and Mathematical
     Physics" }
 @String{USSRCompMathPhys = "{U. S. S. R.} Comput. Math. and Math. Phys." }
 @String{VLSICompSys = "Journal of {VLSI} and Computer Systems" }
 @String{VLSICompSys = "J. {VLSI} Comput. Syst." }
 @String{ZAngewMathMech = "Zeitschrift fur Angewandte Mathematik und
     Mechanik" }
 @String{ZAngewMathMech = "Z. Angew. Math. Mech." }
 @String{ZAngewMathPhys = "Zeitschrift fur Angewandte Mathematik und Physik" }
 @String{ZAngewMathPhys = "Z. Angew. Math. Phys." }

% Publishers % ================================================= |

 @String{Academic = "Academic Press" }
 @String{ACMPress = "{ACM} Press" }
 @String{AdamHilger = "Adam Hilger" }
 @String{AddisonWesley = "Addison-Wesley" }
 @String{AllynBacon = "Allyn and Bacon" }
 @String{AMS = "American Mathematical Society" }
 @String{Birkhauser = "Birkha{\"u}ser" }
 @String{CambridgePress = "Cambridge University Press" }
 @String{Chelsea = "Chelsea" }
 @String{ClaredonPress = "Claredon Press" }
 @String{DoverPub = "Dover Publications" }
 @String{Eyolles = "Eyolles" }
 @String{HoltRinehartWinston = "Holt, Rinehart and Winston" }
 @String{Interscience = "Interscience" }
 @String{JohnsHopkinsPress = "The Johns Hopkins University Press" }
 @String{JohnWileySons = "John Wiley and Sons" }
 @String{Macmillan = "Macmillan" }
 @String{MathWorks = "The Math Works Inc." }
 @String{McGrawHill = "McGraw-Hill" }
 @String{NatBurStd = "National Bureau of Standards" }
 @String{NorthHolland = "North-Holland" }
 @String{OxfordPress = "Oxford University Press" }  %address Oxford or London?
 @String{PergamonPress = "Pergamon Press" }
 @String{PlenumPress = "Plenum Press" }
 @String{PrenticeHall = "Prentice-Hall" }
 @String{SIAMPub = "{SIAM} Publications" }
 @String{Springer = "Springer-Verlag" }
 @String{TexasPress = "University of Texas Press" }
 @String{VanNostrand = "Van Nostrand" }
 @String{WHFreeman = "W. H. Freeman and Co." }

%Entries

@inproceedings{cordts2016cityscapes,
  title={The cityscapes dataset for semantic urban scene understanding},
  author={Cordts, Marius and Omran, Mohamed and Ramos, Sebastian and Rehfeld, Timo and Enzweiler, Markus and Benenson, Rodrigo and Franke, Uwe and Roth, Stefan and Schiele, Bernt},
  booktitle={Proceedings of the IEEE conference on computer vision and pattern recognition},
  pages={3213--3223},
  year={2016}
}

@inproceedings{kenton2019bert,
  title={Bert: Pre-training of deep bidirectional transformers for language understanding},
  author={Kenton, Jacob Devlin Ming-Wei Chang and Toutanova, Lee Kristina},
  booktitle={Proceedings of naacL-HLT},
  volume={1},
  pages={2},
  year={2019},
  organization={Minneapolis, Minnesota}
}

@article{xu2021artificial,
  title={Artificial intelligence: A powerful paradigm for scientific research},
  author={Xu, Yongjun and Liu, Xin and Cao, Xin and Huang, Changping and Liu, Enke and Qian, Sen and Liu, Xingchen and Wu, Yanjun and Dong, Fengliang and Qiu, Cheng-Wei and others},
  journal={The Innovation},
  volume={2},
  number={4},
  year={2021},
  publisher={Elsevier}
}

@article{gatt2018survey,
  title={Survey of the state of the art in natural language generation: Core tasks, applications and evaluation},
  author={Gatt, Albert and Krahmer, Emiel},
  journal={Journal of Artificial Intelligence Research},
  volume={61},
  pages={65--170},
  year={2018}
}

@inproceedings{chen2018tvm,
  title={TVM: An automated End-to-End optimizing compiler for deep learning},
  author={Chen, Tianqi and Moreau, Thierry and Jiang, Ziheng and Zheng, Lianmin and Yan, Eddie and Shen, Haichen and Cowan, Meghan and Wang, Leyuan and Hu, Yuwei and Ceze, Luis and others},
  booktitle={13th USENIX Symposium on Operating Systems Design and Implementation (OSDI 18)},
  pages={578--594},
  year={2018}
}

@article{dai2023sketch,
  title={Sketch-fusion: A gradient compression method with multi-layer fusion for communication-efficient distributed training},
  author={Dai, Lingfei and Gong, Luqi and An, Zhulin and Xu, Yongjun and Diao, Boyu},
  journal={Journal of Parallel and Distributed Computing},
  pages={104811},
  year={2023},
  publisher={Elsevier}
}


@article{voulodimos2018deep,
  title={Deep learning for computer vision: A brief review},
  author={Voulodimos, Athanasios and Doulamis, Nikolaos and Doulamis, Anastasios and Protopapadakis, Eftychios},
  journal={Computational intelligence and neuroscience},
  volume={2018},
  number={1},
  pages={7068349},
  year={2018},
  publisher={Wiley Online Library}
}

@article{dong2023akgf,
  title={AKGF: Automatic Kernel Generation for DNN on CPU-FPGA},
  author={Dong, Dong and Jiang, Hongxu and Diao, Boyu},
  journal={The Computer Journal},
  pages={bxad086},
  year={2023},
  publisher={Oxford University Press}
}

@article{ren2024dmss,
  title={DMSS: An Attention-Based Deep Learning Model for High-Quality Mass Spectrometry Prediction},
  author={Ren, Yihui and Wang, Yu and Han, Wenkai and Huang, Yikang and Hou, Xiaoyang and Zhang, Chunming and Bu, Dongbo and Gao, Xin and Sun, Shiwei},
  journal={Big Data Mining and Analytics},
  volume={7},
  number={3},
  pages={577--589},
  year={2024},
  publisher={TUP}
}

@article{chen2018learning,
  title={Learning to optimize tensor programs},
  author={Chen, Tianqi and Zheng, Lianmin and Yan, Eddie and Jiang, Ziheng and Moreau, Thierry and Ceze, Luis and Guestrin, Carlos and Krishnamurthy, Arvind},
  journal={Advances in Neural Information Processing Systems},
  volume={31},
  year={2018}
}

@article{li2020deep,
  title={The deep learning compiler: A comprehensive survey},
  author={Li, Mingzhen and Liu, Yi and Liu, Xiaoyan and Sun, Qingxiao and You, Xin and Yang, Hailong and Luan, Zhongzhi and Gan, Lin and Yang, Guangwen and Qian, Depei},
  journal={IEEE Transactions on Parallel and Distributed Systems},
  volume={32},
  number={3},
  pages={708--727},
  year={2020},
  publisher={IEEE}
}

@article{ragan2013halide,
  title={Halide: a language and compiler for optimizing parallelism, locality, and recomputation in image processing pipelines},
  author={Ragan-Kelley, Jonathan and Barnes, Connelly and Adams, Andrew and Paris, Sylvain and Durand, Fr{\'e}do and Amarasinghe, Saman},
  journal={Acm Sigplan Notices},
  volume={48},
  number={6},
  pages={519--530},
  year={2013},
  publisher={ACM New York, NY, USA}
}

@inproceedings{zheng2020ansor,
  title={Ansor: Generating High-Performance tensor programs for deep learning},
  author={Zheng, Lianmin and Jia, Chengfan and Sun, Minmin and Wu, Zhao and Yu, Cody Hao and Haj-Ali, Ameer and Wang, Yida and Yang, Jun and Zhuo, Danyang and Sen, Koushik and others},
  booktitle={14th USENIX symposium on operating systems design and implementation (OSDI 20)},
  pages={863--879},
  year={2020}
}

@article{shao2022tensor,
  title={Tensor Program Optimization with Probabilistic Programs},
  author={Shao, Junru and Zhou, Xiyou and Feng, Siyuan and Hou, Bohan and Lai, Ruihang and Jin, Hongyi and Lin, Wuwei and Masuda, Masahiro and Yu, Cody Hao and Chen, Tianqi},
  journal={Advances in Neural Information Processing Systems},
  volume={35},
  pages={35783--35796},
  year={2022}
}

@inproceedings{bi2023heron,
  title={Heron: Automatically Constrained High-Performance Library Generation for Deep Learning Accelerators},
  author={Bi, Jun and Guo, Qi and Li, Xiaqing and Zhao, Yongwei and Wen, Yuanbo and Guo, Yuxuan and Zhou, Enshuai and Hu, Xing and Du, Zidong and Li, Ling and others},
  booktitle={Proceedings of the 28th ACM International Conference on Architectural Support for Programming Languages and Operating Systems, Volume 3},
  pages={314--328},
  year={2023}
}

@inproceedings{zhu2022roller,
  title={ROLLER: Fast and efficient tensor compilation for deep learning},
  author={Zhu, Hongyu and Wu, Ruofan and Diao, Yijia and Ke, Shanbin and Li, Haoyu and Zhang, Chen and Xue, Jilong and Ma, Lingxiao and Xia, Yuqing and Cui, Wei and others},
  booktitle={16th USENIX Symposium on Operating Systems Design and Implementation (OSDI 22)},
  pages={233--248},
  year={2022}
}

@inproceedings{abadi2016tensorflow,
  title={TensorFlow: a system for Large-Scale machine learning},
  author={Abadi, Mart{\'\i}n and Barham, Paul and Chen, Jianmin and Chen, Zhifeng and Davis, Andy and Dean, Jeffrey and Devin, Matthieu and Ghemawat, Sanjay and Irving, Geoffrey and Isard, Michael and others},
  booktitle={12th USENIX symposium on operating systems design and implementation (OSDI 16)},
  pages={265--283},
  year={2016}
}

@article{paszke2019pytorch,
  title={Pytorch: An imperative style, high-performance deep learning library},
  author={Paszke, Adam and Gross, Sam and Massa, Francisco and Lerer, Adam and Bradbury, James and Chanan, Gregory and Killeen, Trevor and Lin, Zeming and Gimelshein, Natalia and Antiga, Luca and others},
  journal={Advances in neural information processing systems},
  volume={32},
  year={2019}
}

@article{nickolls2008scalable,
  title={Scalable parallel programming with cuda: Is cuda the parallel programming model that application developers have been waiting for?},
  author={Nickolls, John and Buck, Ian and Garland, Michael and Skadron, Kevin},
  journal={Queue},
  volume={6},
  number={2},
  pages={40--53},
  year={2008},
  publisher={ACM New York, NY, USA}
}

@article{stone2010opencl,
  title={OpenCL: A parallel programming standard for heterogeneous computing systems},
  author={Stone, John E and Gohara, David and Shi, Guochun},
  journal={Computing in science \& engineering},
  volume={12},
  number={3},
  pages={66},
  year={2010},
  publisher={NIH Public Access}
}

@misc{NVIDIA2023cuBLAS,
  author = {{NVIDIA Corporation}},
  title = {cuBLAS Library Documentation},
  year = {2023},
  note = {Version 12.0},
  howpublished = {\url{https://developer.nvidia.com/cublas}}
}

@misc{NVIDIA2023cuDNN,
  author = {{NVIDIA Corporation}},
  title = {NVIDIA cuDNN Library},
  year = {2023},
  note = {Version 8.9.7},
  howpublished = {\url{https://developer.nvidia.com/cudnn}}
}

@misc{NVIDIA4090,
  author = {{NVIDIA Corporation}},
  title = {NVIDIA GeForce RTX 4090 Graphics Card},
  year = {2023},
  note = {Accessed: 2024-01-24},
  howpublished = {\url{https://www.nvidia.com/en-us/geforce/graphics-cards/40-series/rtx-4090/}}
}

@misc{NVIDIAORIN,
  author = {{NVIDIA Corporation}},
  title = {NVIDIA Jetson Orin NX Card},
  year = {2023},
  note = {Accessed: 2024-01-24},
  howpublished = {\url{https://www.nvidia.cn/autonomous-machines/embedded-systems/jetson-orin/}}
}

@article{blackford2002updated,
  title={An updated set of basic linear algebra subprograms (BLAS)},
  author={Blackford, L Susan and Petitet, Antoine and Pozo, Roldan and Remington, Karin and Whaley, R Clint and Demmel, James and Dongarra, Jack and Duff, Iain and Hammarling, Sven and Henry, Greg and others},
  journal={ACM Transactions on Mathematical Software},
  volume={28},
  number={2},
  pages={135--151},
  year={2002},
  publisher={Citeseer}
}

@article{wang2014intel,
  title={Intel math kernel library},
  author={Wang, Endong and Zhang, Qing and Shen, Bo and Zhang, Guangyong and Lu, Xiaowei and Wu, Qing and Wang, Yajuan and Wang, Endong and Zhang, Qing and Shen, Bo and others},
  journal={High-Performance Computing on the Intel{\textregistered} Xeon Phi™: How to Fully Exploit MIC Architectures},
  pages={167--188},
  year={2014},
  publisher={Springer}
}

@techreport{NVIDIAA100,
  author = {NVIDIA Corporation},
  title = {NVIDIA A100 Tensor Core GPU Architecture},
  institution = {NVIDIA Corporation},
  year = {2020},
  month = {5},
  note = {Available: https://www.nvidia.com/en-us/data-center/a100/}
}

@inproceedings{zhao2021akg,
  title={AKG: automatic kernel generation for neural processing units using polyhedral transformations},
  author={Zhao, Jie and Li, Bojie and Nie, Wang and Geng, Zhen and Zhang, Renwei and Gao, Xiong and Cheng, Bin and Wu, Chen and Cheng, Yun and Li, Zheng and others},
  booktitle={Proceedings of the 42nd ACM SIGPLAN International Conference on Programming Language Design and Implementation},
  pages={1233--1248},
  year={2021}
}

@inproceedings{zheng2022amos,
  title={AMOS: enabling automatic mapping for tensor computations on spatial accelerators with hardware abstraction},
  author={Zheng, Size and Chen, Renze and Wei, Anjiang and Jin, Yicheng and Han, Qin and Lu, Liqiang and Wu, Bingyang and Li, Xiuhong and Yan, Shengen and Liang, Yun},
  booktitle={Proceedings of the 49th Annual International Symposium on Computer Architecture},
  pages={874--887},
  year={2022}
}

@article{vasilache2018tensor,
  title={Tensor comprehensions: Framework-agnostic high-performance machine learning abstractions},
  author={Vasilache, Nicolas and Zinenko, Oleksandr and Theodoridis, Theodoros and Goyal, Priya and DeVito, Zachary and Moses, William S and Verdoolaege, Sven and Adams, Andrew and Cohen, Albert},
  journal={arXiv preprint arXiv:1802.04730},
  year={2018}
}

@misc{tensorflowxla,
  title={XLA: TensorFlow, compiled},
  author={{TensorFlow Development Team}},
  howpublished={\url{https://www.tensorflow.org/xla}},
  note={Accessed: [Your Access Date]}
}


@article{rotem2018glow,
  title={Glow: Graph lowering compiler techniques for neural networks},
  author={Rotem, Nadav and Fix, Jordan and Abdulrasool, Saleem and Catron, Garret and Deng, Summer and Dzhabarov, Roman and Gibson, Nick and Hegeman, James and Lele, Meghan and Levenstein, Roman and others},
  journal={arXiv preprint arXiv:1805.00907},
  year={2018}
}

@inproceedings{gao2018low,
  title={Low latency rnn inference with cellular batching},
  author={Gao, Pin and Yu, Lingfan and Wu, Yongwei and Li, Jinyang},
  booktitle={Proceedings of the Thirteenth EuroSys Conference},
  pages={1--15},
  year={2018}
}

@inproceedings{ma2020rammer,
  title={Rammer: Enabling holistic deep learning compiler optimizations with rTasks},
  author={Ma, Lingxiao and Xie, Zhiqiang and Yang, Zhi and Xue, Jilong and Miao, Youshan and Cui, Wei and Hu, Wenxiang and Yang, Fan and Zhang, Lintao and Zhou, Lidong},
  booktitle={14th USENIX Symposium on Operating Systems Design and Implementation (OSDI 20)},
  pages={881--897},
  year={2020}
}

@inproceedings{van2023htvm,
  title={HTVM: Efficient neural network deployment on heterogeneous TinyML platforms},
  author={Van Delm, Josse and Vandersteegen, Maarten and Burrello, Alessio and Sarda, Giuseppe Maria and Conti, Francesco and Pagliari, Daniele Jahier and Benini, Luca and Verhelst, Marian},
  booktitle={2023 60th ACM/IEEE Design Automation Conference (DAC)},
  pages={1--6},
  year={2023},
  organization={IEEE}
}

@inproceedings{xia2023optimizing,
  title={Optimizing deep learning inference via global analysis and tensor expressions},
  author={Xia, Chunwei and Zhao, Jiacheng and Sun, Qianqi and Wang, Zheng and Wen, Yuan and Feng, X and Cui, H},
  booktitle={The ACM International Conference on Architectural Support for Programming Languages and Operating Systems (ASPLOS)},
  year={2023},
  organization={ACM}
}


@inproceedings{zheng2023pit,
  title={Pit: Optimization of dynamic sparse deep learning models via permutation invariant transformation},
  author={Zheng, Ningxin and Jiang, Huiqiang and Zhang, Quanlu and Han, Zhenhua and Ma, Lingxiao and Yang, Yuqing and Yang, Fan and Zhang, Chengruidong and Qiu, Lili and Yang, Mao and others},
  booktitle={Proceedings of the 29th Symposium on Operating Systems Principles},
  pages={331--347},
  year={2023}
}

@inproceedings{xu2023alt,
  title={ALT: Breaking the Wall between Data Layout and Loop Optimizations for Deep Learning Compilation},
  author={Xu, Zhiying and Xu, Jiafan and Peng, Hongding and Wang, Wei and Wang, Xiaoliang and Wan, Haoran and Dai, Haipeng and Xu, Yixu and Cheng, Hao and Wang, Kun and others},
  booktitle={Proceedings of the Eighteenth European Conference on Computer Systems},
  pages={199--214},
  year={2023}
}

@inproceedings{zheng2023tileflow,
  title={TileFlow: A Framework for Modeling Fusion Dataflow via Tree-based Analysis},
  author={Zheng, Size and Chen, Siyuan and Gao, Siyuan and Jia, Liancheng and Sun, Guangyu and Wang, Runsheng and Liang, Yun},
  booktitle={Proceedings of the 56th Annual IEEE/ACM International Symposium on Microarchitecture},
  pages={1271--1288},
  year={2023}
}

@article{liu2017deep,
  title={Deep learning markov random field for semantic segmentation},
  author={Liu, Ziwei and Li, Xiaoxiao and Luo, Ping and Loy, Chen Change and Tang, Xiaoou},
  journal={IEEE transactions on pattern analysis and machine intelligence},
  volume={40},
  number={8},
  pages={1814--1828},
  year={2017},
  publisher={IEEE}
}

@article{thimbleby2001usability,
  title={Usability analysis with Markov models},
  author={Thimbleby, Harold and Cairns, Paul and Jones, Matt},
  journal={ACM Transactions on Computer-Human Interaction (TOCHI)},
  volume={8},
  number={2},
  pages={99--132},
  year={2001},
  publisher={ACM New York, NY, USA}
}

@article{hughey1996hidden,
  title={Hidden Markov models for sequence analysis: extension and analysis of the basic method},
  author={Hughey, Richard and Krogh, Anders},
  journal={Bioinformatics},
  volume={12},
  number={2},
  pages={95--107},
  year={1996},
  publisher={Oxford University Press}
}

@article{markov2006example,
  title={An example of statistical investigation of the text Eugene Onegin concerning the connection of samples in chains},
  author={Markov, Andre{\u\i} Andreevich},
  journal={Science in Context},
  volume={19},
  number={4},
  pages={591--600},
  year={2006},
  publisher={Cambridge University Press}
}

@inproceedings{feng2023tensorir,
  title={Tensorir: An abstraction for automatic tensorized program optimization},
  author={Feng, Siyuan and Hou, Bohan and Jin, Hongyi and Lin, Wuwei and Shao, Junru and Lai, Ruihang and Ye, Zihao and Zheng, Lianmin and Yu, Cody Hao and Yu, Yong and others},
  booktitle={Proceedings of the 28th ACM International Conference on Architectural Support for Programming Languages and Operating Systems, Volume 2},
  pages={804--817},
  year={2023}
}


@article{DBLP:journals/corr/abs-1908-08962,
  author    = {Iulia Turc and
               Ming{-}Wei Chang and
               Kenton Lee and
               Kristina Toutanova},
  title     = {Well-Read Students Learn Better: The Impact of Student Initialization
               on Knowledge Distillation},
  journal   = {CoRR},
  volume    = {abs/1908.08962},
  year      = {2019},
  url       = {http://arxiv.org/abs/1908.08962},
  eprinttype = {arXiv},
  eprint    = {1908.08962},
  timestamp = {Thu, 29 Aug 2019 16:32:34 +0200},
  biburl    = {https://dblp.org/rec/journals/corr/abs-1908-08962.bib},
  bibsource = {dblp computer science bibliography, https://dblp.org}
}

@inproceedings{he2016deep,
  title={Deep residual learning for image recognition},
  author={He, Kaiming and Zhang, Xiangyu and Ren, Shaoqing and Sun, Jian},
  booktitle={Proceedings of the IEEE conference on computer vision and pattern recognition},
  pages={770--778},
  year={2016}
}

@inproceedings{sandler2018mobilenetv2,
  title={Mobilenetv2: Inverted residuals and linear bottlenecks},
  author={Sandler, Mark and Howard, Andrew and Zhu, Menglong and Zhmoginov, Andrey and Chen, Liang-Chieh},
  booktitle={Proceedings of the IEEE conference on computer vision and pattern recognition},
  pages={4510--4520},
  year={2018}
}

@article{yoon2016virtual,
  title={Virtual thread: Maximizing thread-level parallelism beyond GPU scheduling limit},
  author={Yoon, Myung Kuk and Kim, Keunsoo and Lee, Sangpil and Ro, Won Woo and Annavaram, Murali},
  journal={ACM SIGARCH Computer Architecture News},
  volume={44},
  number={3},
  pages={609--621},
  year={2016},
  publisher={ACM New York, NY, USA}
}

@inproceedings{wu2023autotuning,
  title={Autotuning Apache TVM-based Scientific Applications Using Bayesian Optimization},
  author={Wu, Xingfu and Paramasivam, Praveen and Taylor, Valerie},
  booktitle={Proceedings of the SC'23 Workshops of The International Conference on High Performance Computing, Network, Storage, and Analysis},
  pages={29--35},
  year={2023}
}

@article{mu2023haotuner,
  title={HAOTuner: A Hardware Adaptive Operator Auto-Tuner for Dynamic Shape Tensor Compilers},
  author={Mu, Pengyu and Liu, Yi and Wang, Rui and Liu, Guoxiang and Sun, Zhonghao and Yang, Hailong and Luan, Zhongzhi and Qian, Depei},
  journal={IEEE Transactions on Computers},
  year={2023},
  publisher={IEEE}
}

@article{han2021dynamic,
  title={Dynamic neural networks: A survey},
  author={Han, Yizeng and Huang, Gao and Song, Shiji and Yang, Le and Wang, Honghui and Wang, Yulin},
  journal={IEEE Transactions on Pattern Analysis and Machine Intelligence},
  volume={44},
  number={11},
  pages={7436--7456},
  year={2021},
  publisher={IEEE}
}

@inproceedings{xu2022pruning,
  title={Pruning Filter via Gaussian Distribution Feature for Deep Neural Networks Acceleration},
  author={Xu, Jianrong and Diao, Boyu and Cui, Bifeng and Yang, Kang and Li, Chao and Hong, Hailong},
  booktitle={2022 International Joint Conference on Neural Networks (IJCNN)},
  pages={1--8},
  year={2022},
  organization={IEEE}
}

@article{zheng2023bladedisc,
  title={BladeDISC: Optimizing Dynamic Shape Machine Learning Workloads via Compiler Approach},
  author={Zheng, Zhen and Pan, Zaifeng and Wang, Dalin and Zhu, Kai and Zhao, Wenyi and Guo, Tianyou and Qiu, Xiafei and Sun, Minmin and Bai, Junjie and Zhang, Feng and others},
  journal={Proceedings of the ACM on Management of Data},
  volume={1},
  number={3},
  pages={1--29},
  year={2023},
  publisher={ACM New York, NY, USA}
}

@inproceedings{zheng2021tenset,
  title={Tenset: A large-scale program performance dataset for learned tensor compilers},
  author={Zheng, Lianmin and Liu, Ruochen and Shao, Junru and Chen, Tianqi and Gonzalez, Joseph E and Stoica, Ion and Ali, Ameer Haj},
  booktitle={Thirty-fifth Conference on Neural Information Processing Systems Datasets and Benchmarks Track (Round 1)},
  year={2021}
}

@inproceedings{uetsuki2021cnn,
  title={CNN-based End-to-end Autonomous Driving on FPGA Using TVM and VTA},
  author={Uetsuki, Toshihiro and Okuyama, Yuichi and Shin, Jungpil},
  booktitle={2021 IEEE 14th International Symposium on Embedded Multicore/Many-core Systems-on-Chip (MCSoC)},
  pages={140--144},
  year={2021},
  organization={IEEE}
}

@article{bahdanau2014neural,
  title={Neural machine translation by jointly learning to align and translate},
  author={Bahdanau, Dzmitry and Cho, Kyunghyun and Bengio, Yoshua},
  journal={arXiv preprint arXiv:1409.0473},
  year={2014}
}

@inproceedings{huang2024etag,
  title={eTag: Class-Incremental Learning via Embedding Distillation and Task-Oriented Generation},
  author={Huang, Libo and Zeng, Yan and Yang, Chuanguang and An, Zhulin and Diao, Boyu and Xu, Yongjun},
  booktitle={Proceedings of the AAAI Conference on Artificial Intelligence},
  volume={38},
  number={11},
  pages={12591--12599},
  year={2024}
}

@article{wang2023prevent,
  title={How to prevent malicious use of intelligent unmanned swarms?},
  author={Wang, Qi and Li, Tingting and Xu, Yongjun and Wang, Fei and Diao, Boyu and Zheng, Lei and Huang, Jincai},
  journal={The Innovation},
  volume={4},
  number={2},
  year={2023},
  publisher={Elsevier}
}

@inproceedings{yao2023towards,
  title={Towards Understanding the Generalization of Deepfake Detectors from a Game-Theoretical View},
  author={Yao, Kelu and Wang, Jin and Diao, Boyu and Li, Chao},
  booktitle={Proceedings of the IEEE/CVF International Conference on Computer Vision},
  pages={2031--2041},
  year={2023}
}

@inproceedings{li2022towards,
  title={Towards Understanding the Effect of Node Features on the Predictions of Graph Neural Networks},
  author={Li, Qiming and Zhang, Zhao and Diao, Boyu and Xu, Yongjun and Li, Chao},
  booktitle={International Conference on Artificial Neural Networks},
  pages={706--718},
  year={2022},
  organization={Springer}
}

@misc{pytorch,
  title = {PyTorch},
  howpublished = {\url{https://pytorch.org/}},
  year = {2024},
  note = {PyTorch (Version 2.0) [Software]}
}

@misc{pytorchvision,
  author = {PyTorch},
  title = {{PyTorch Vision: Datasets, Transforms and Models specific to Computer Vision}},
  howpublished = {\url{https://github.com/pytorch/vision}},
}

@article{lin2023tiny,
  title={Tiny Machine Learning: Progress and Futures},
  author={Lin, Ji and Zhu, Ligeng and Chen, Wei-Ming and Wang, Wei-Chen and Han, Song},
  journal={IEEE Circuits and Systems Magazine},
  volume={23},
  number={3},
  pages={8--34},
  year={2023},
  publisher={IEEE}
}

@inproceedings{bi2022balto,
  title={BALTO: fast tensor program optimization with diversity-based active learning},
  author={Bi, Jun and Li, Xiaqing and Guo, Qi and Zhang, Rui and Wen, Yuanbo and Hu, Xing and Du, Zidong and Song, Xinkai and Hao, Yifan and Chen, Yunji},
  booktitle={The Eleventh International Conference on Learning Representations},
  year={2022}
}

@article{radford2019language,
  title={Language models are unsupervised multitask learners},
  author={Radford, Alec and Wu, Jeffrey and Child, Rewon and Luan, David and Amodei, Dario and Sutskever, Ilya and others},
  journal={OpenAI blog},
  volume={1},
  number={8},
  pages={9},
  year={2019}
}

@article{newman2005measure,
  title={A measure of betweenness centrality based on random walks},
  author={Newman, Mark EJ},
  journal={Social networks},
  volume={27},
  number={1},
  pages={39--54},
  year={2005},
  publisher={Elsevier}
}

@article{liu2024resource,
  title={A resource-aware workload scheduling method for unbalanced GEMMs on GPUs},
  author={Liu, Hangda and Diao, Boyu and Chen, Wenxin and Xu, Yongjun},
  journal={The Computer Journal},
  pages={bxae110},
  year={2024},
  publisher={Oxford University Press}
}


@article{zheng2022dietcode,
  title={DietCode: Automatic optimization for dynamic tensor programs},
  author={Zheng, Bojian and Jiang, Ziheng and Yu, Cody Hao and Shen, Haichen and Fromm, Joshua and Liu, Yizhi and Wang, Yida and Ceze, Luis and Chen, Tianqi and Pekhimenko, Gennady},
  journal={Proceedings of Machine Learning and Systems},
  volume={4},
  pages={848--863},
  year={2022}
}

@inproceedings{liucontinual,
  title={Continual Learning in the Frequency Domain},
  author={Liu, RuiQi and Diao, Boyu and Huang, Libo and An, Zijia and An, Zhulin and Xu, Yongjun},
  booktitle={The Thirty-eighth Annual Conference on Neural Information Processing Systems},
  year={2024}
}

@inproceedings{chang2023hdsuper,
  title={HDSuper: Algorithm-Hardware Co-design for Light-weight High-quality Super-Resolution Accelerator},
  author={Chang, Liang and Zhao, Xin and Fan, Dongqi and Hu, Zhicheng and Zhou, Jun},
  booktitle={2023 60th ACM/IEEE Design Automation Conference (DAC)},
  pages={1--6},
  year={2023},
  organization={IEEE}
}
