@inproceedings{abadi2016tensorflow,
  title={TensorFlow: a system for Large-Scale machine learning},
  author={Abadi, Mart{\'\i}n and Barham, Paul and Chen, Jianmin and Chen, Zhifeng and Davis, Andy and Dean, Jeffrey and Devin, Matthieu and Ghemawat, Sanjay and Irving, Geoffrey and Isard, Michael and others},
  booktitle={12th USENIX symposium on operating systems design and implementation (OSDI 16)},
  pages={265--283},
  year={2016}
}

@article{blackford2002updated,
  title={An updated set of basic linear algebra subprograms (BLAS)},
  author={Blackford, L Susan and Petitet, Antoine and Pozo, Roldan and Remington, Karin and Whaley, R Clint and Demmel, James and Dongarra, Jack and Duff, Iain and Hammarling, Sven and Henry, Greg and others},
  journal={ACM Transactions on Mathematical Software},
  volume={28},
  number={2},
  pages={135--151},
  year={2002},
  publisher={Citeseer}
}

@inproceedings{chang2023hdsuper,
  title={HDSuper: Algorithm-Hardware Co-design for Light-weight High-quality Super-Resolution Accelerator},
  author={Chang, Liang and Zhao, Xin and Fan, Dongqi and Hu, Zhicheng and Zhou, Jun},
  booktitle={2023 60th ACM/IEEE Design Automation Conference (DAC)},
  pages={1--6},
  year={2023},
  organization={IEEE}
}

@article{chen2018learning,
  title={Learning to optimize tensor programs},
  author={Chen, Tianqi and Zheng, Lianmin and Yan, Eddie and Jiang, Ziheng and Moreau, Thierry and Ceze, Luis and Guestrin, Carlos and Krishnamurthy, Arvind},
  journal={Advances in Neural Information Processing Systems},
  volume={31},
  year={2018}
}

@inproceedings{chen2018tvm,
  title={TVM: An automated End-to-End optimizing compiler for deep learning},
  author={Chen, Tianqi and Moreau, Thierry and Jiang, Ziheng and Zheng, Lianmin and Yan, Eddie and Shen, Haichen and Cowan, Meghan and Wang, Leyuan and Hu, Yuwei and Ceze, Luis and others},
  booktitle={13th USENIX Symposium on Operating Systems Design and Implementation (OSDI 18)},
  pages={578--594},
  year={2018}
}

@article{dai2023sketch,
  title={Sketch-fusion: A gradient compression method with multi-layer fusion for communication-efficient distributed training},
  author={Dai, Lingfei and Gong, Luqi and An, Zhulin and Xu, Yongjun and Diao, Boyu},
  journal={Journal of Parallel and Distributed Computing},
  pages={104811},
  year={2023},
  publisher={Elsevier}
}

@article{dong2023akgf,
  title={AKGF: Automatic Kernel Generation for DNN on CPU-FPGA},
  author={Dong, Dong and Jiang, Hongxu and Diao, Boyu},
  journal={The Computer Journal},
  pages={bxad086},
  year={2023},
  publisher={Oxford University Press}
}

@article{paszke2019pytorch,
  title={Pytorch: An imperative style, high-performance deep learning library},
  author={Paszke, Adam and Gross, Sam and Massa, Francisco and Lerer, Adam and Bradbury, James and Chanan, Gregory and Killeen, Trevor and Lin, Zeming and Gimelshein, Natalia and Antiga, Luca and others},
  journal={Advances in neural information processing systems},
  volume={32},
  year={2019}
}

@article{ragan2013halide,
  title={Halide: a language and compiler for optimizing parallelism, locality, and recomputation in image processing pipelines},
  author={Ragan-Kelley, Jonathan and Barnes, Connelly and Adams, Andrew and Paris, Sylvain and Durand, Fr{\'e}do and Amarasinghe, Saman},
  journal={Acm Sigplan Notices},
  volume={48},
  number={6},
  pages={519--530},
  year={2013},
  publisher={ACM New York, NY, USA}
}

@article{shao2022tensor,
  title={Tensor Program Optimization with Probabilistic Programs},
  author={Shao, Junru and Zhou, Xiyou and Feng, Siyuan and Hou, Bohan and Lai, Ruihang and Jin, Hongyi and Lin, Wuwei and Masuda, Masahiro and Yu, Cody Hao and Chen, Tianqi},
  journal={Advances in Neural Information Processing Systems},
  volume={35},
  pages={35783--35796},
  year={2022}
}

@article{voulodimos2018deep,
  title={Deep learning for computer vision: A brief review},
  author={Voulodimos, Athanasios and Doulamis, Nikolaos and Doulamis, Anastasios and Protopapadakis, Eftychios},
  journal={Computational intelligence and neuroscience},
  volume={2018},
  number={1},
  pages={7068349},
  year={2018},
  publisher={Wiley Online Library}
}

@article{wang2023prevent,
  title={How to prevent malicious use of intelligent unmanned swarms?},
  author={Wang, Qi and Li, Tingting and Xu, Yongjun and Wang, Fei and Diao, Boyu and Zheng, Lei and Huang, Jincai},
  journal={The Innovation},
  volume={4},
  number={2},
  year={2023},
  publisher={Elsevier}
}

@inproceedings{zheng2020ansor,
  title={Ansor: Generating High-Performance tensor programs for deep learning},
  author={Zheng, Lianmin and Jia, Chengfan and Sun, Minmin and Wu, Zhao and Yu, Cody Hao and Haj-Ali, Ameer and Wang, Yida and Yang, Jun and Zhuo, Danyang and Sen, Koushik and others},
  booktitle={14th USENIX symposium on operating systems design and implementation (OSDI 20)},
  pages={863--879},
  year={2020}
}

@inproceedings{zhu2022roller,
  title={ROLLER: Fast and efficient tensor compilation for deep learning},
  author={Zhu, Hongyu and Wu, Ruofan and Diao, Yijia and Ke, Shanbin and Li, Haoyu and Zhang, Chen and Xue, Jilong and Ma, Lingxiao and Xia, Yuqing and Cui, Wei and others},
  booktitle={16th USENIX Symposium on Operating Systems Design and Implementation (OSDI 22)},
  pages={233--248},
  year={2022}
}

