扩散模型
@article{song2019generative,
	title={Generative modeling by estimating gradients of the data distribution},
	author={Song, Yang and Ermon, Stefano},
	journal={Advances in neural information processing systems},
	volume={32},
	year={2019}
}
@article{song2020denoising,
	title={Denoising diffusion implicit models},
	author={Song, Jiaming and Meng, Chenlin and Ermon, Stefano},
	journal={arXiv preprint arXiv:2010.02502},
	year={2020}
}
@article{ho2020denoising,
	title={Denoising diffusion probabilistic models},
	author={Ho, Jonathan and Jain, Ajay and Abbeel, Pieter},
	journal={Advances in neural information processing systems},
	volume={33},
	pages={6840--6851},
	year={2020}
}
@article{lipman2022flow,
	title={Flow matching for generative modeling},
	author={Lipman, Yaron and Chen, Ricky TQ and Ben-Hamu, Heli and Nickel, Maximilian and Le, Matt},
	journal={arXiv preprint arXiv:2210.02747},
	year={2022}
}
@article{liu2022flow,
	title={Flow straight and fast: Learning to generate and transfer data with rectified flow},
	author={Liu, Xingchao and Gong, Chengyue and Liu, Qiang},
	journal={arXiv preprint arXiv:2209.03003},
	year={2022}
}
@inproceedings{songscore,
	title={Score-Based Generative Modeling through Stochastic Differential Equations},
	author={Song, Yang and Sohl-Dickstein, Jascha and Kingma, Diederik P and Kumar, Abhishek and Ermon, Stefano and Poole, Ben},
	booktitle={International Conference on Learning Representations}
}
@article{bansal2024cold,
	title={Cold diffusion: Inverting arbitrary image transforms without noise},
	author={Bansal, Arpit and Borgnia, Eitan and Chu, Hong-Min and Li, Jie and Kazemi, Hamid and Huang, Furong and Goldblum, Micah and Geiping, Jonas and Goldstein, Tom},
	journal={Advances in Neural Information Processing Systems},
	volume={36},
	year={2024}
}
@article{hoogeboom2022blurring,
	title={Blurring diffusion models},
	author={Hoogeboom, Emiel and Salimans, Tim},
	journal={arXiv preprint arXiv:2209.05557},
	year={2022}
}
@inproceedings{liu2024residual,
	title={Residual denoising diffusion models},
	author={Liu, Jiawei and Wang, Qiang and Fan, Huijie and Wang, Yinong and Tang, Yandong and Qu, Liangqiong},
	booktitle={Proceedings of the IEEE/CVF Conference on Computer Vision and Pattern Recognition},
	pages={2773--2783},
	year={2024}
}

@inproceedings{liu2023i2sb,
	title={I2SB: image-to-image Schr{\"o}dinger bridge},
	author={Liu, Guan-Horng and Vahdat, Arash and Huang, De-An and Theodorou, Evangelos A and Nie, Weili and Anandkumar, Anima},
	booktitle={Proceedings of the 40th International Conference on Machine Learning},
	pages={22042--22062},
	year={2023}
}
@article{chen2023schrodinger,
	title={Schrodinger bridges beat diffusion models on text-to-speech synthesis},
	author={Chen, Zehua and He, Guande and Zheng, Kaiwen and Tan, Xu and Zhu, Jun},
	journal={arXiv preprint arXiv:2312.03491},
	year={2023}
}
@article{karras2022elucidating,
	title={Elucidating the design space of diffusion-based generative models},
	author={Karras, Tero and Aittala, Miika and Aila, Timo and Laine, Samuli},
	journal={Advances in neural information processing systems},
	volume={35},
	pages={26565--26577},
	year={2022}
}
@inproceedings{nichol2021improved,
	title={Improved denoising diffusion probabilistic models},
	author={Nichol, Alexander Quinn and Dhariwal, Prafulla},
	booktitle={International conference on machine learning},
	pages={8162--8171},
	year={2021},
	organization={PMLR}
}
@inproceedings{luo2023image,
	title={Image restoration with mean-reverting stochastic differential equations},
	author={Luo, Ziwei and Gustafsson, Fredrik K and Zhao, Zheng and Sj{\"o}lund, Jens and Sch{\"o}n, Thomas B},
	booktitle={Proceedings of the 40th International Conference on Machine Learning},
	pages={23045--23066},
	year={2023}
}



KAN

@inproceedings{kolmogorov1957representation,
	title={On the representation of continuous functions of many variables by superposition of continuous functions of one variable and addition},
	author={Kolmogorov, Andrei Nikolaevich},
	booktitle={Doklady Akademii Nauk},
	volume={114},
	number={5},
	pages={953--956},
	year={1957},
	organization={Russian Academy of Sciences}
}
@article{liu2024kan,
	title={Kan: Kolmogorov-arnold networks},
	author={Liu, Ziming and Wang, Yixuan and Vaidya, Sachin and Ruehle, Fabian and Halverson, James and Solja{\v{c}}i{\'c}, Marin and Hou, Thomas Y and Tegmark, Max},
	journal={arXiv preprint arXiv:2404.19756},
	year={2024}
}

薛定谔桥
@article{DSB,
	title={Diffusion schr{\"o}dinger bridge with applications to score-based generative modeling},
	author={De Bortoli, Valentin and Thornton, James and Heng, Jeremy and Doucet, Arnaud},
	journal={Advances in Neural Information Processing Systems},
	volume={34},
	pages={17695--17709},
	year={2021}
}
@article{tang2024simplified,
	title={Simplified Diffusion Schr$\backslash$" odinger Bridge},
	author={Tang, Zhicong and Hang, Tiankai and Gu, Shuyang and Chen, Dong and Guo, Baining},
	journal={arXiv preprint arXiv:2403.14623},
	year={2024}
}
@article{shi2024diffusion,
	title={Diffusion Schr{\"o}dinger bridge matching},
	author={Shi, Yuyang and De Bortoli, Valentin and Campbell, Andrew and Doucet, Arnaud},
	journal={Advances in Neural Information Processing Systems},
	volume={36},
	year={2024}
}
@inproceedings{gushchin2024light,
	title={Light and Optimal Schr{\"o}dinger Bridge Matching},
	author={Gushchin, Nikita and Kholkin, Sergei and Burnaev, Evgeny and Korotin, Alexander},
	booktitle={Forty-first International Conference on Machine Learning},
	year={2024}
}
@article{huang2024one,
	title={One-step data-driven generative model via Schr$\backslash$" odinger Bridge},
	author={Huang, Hanwen},
	journal={arXiv preprint arXiv:2405.12453},
	year={2024}
}
@article{huang2024schr,
	title={Schr$\backslash$" odinger bridge based deep conditional generative learning},
	author={Huang, Hanwen},
	journal={arXiv preprint arXiv:2409.17294},
	year={2024}
}

@article{chen2021optimal,
	title={Optimal transport in systems and control},
	author={Chen, Yongxin and Georgiou, Tryphon T and Pavon, Michele},
	journal={Annual Review of Control, Robotics, and Autonomous Systems},
	volume={4},
	number={1},
	pages={89--113},
	year={2021},
	publisher={Annual Reviews}
}
@inproceedings{schrodinger1932theorie,
	title={Sur la th{\'e}orie relativiste de l'{\'e}lectron et l'interpr{\'e}tation de la m{\'e}canique quantique},
	author={Schr{\"o}dinger, Erwin},
	booktitle={Annales de l'institut Henri Poincar{\'e}},
	volume={2},
	number={4},
	pages={269--310},
	year={1932}
}
@article{chetrite2021schrodinger,
	title={E. Schr{\"o}dinger’s 1931 paper “On the Reversal of the Laws of Nature”[“{\"U}ber die Umkehrung der Naturgesetze”, Sitzungsberichte der preussischen Akademie der Wissenschaften, physikalisch-mathematische Klasse, 8 N9 144--153]},
	author={Chetrite, Rapha{\"e}l and Muratore-Ginanneschi, Paolo and Schwieger, Kay},
	journal={The European Physical Journal H},
	volume={46},
	pages={1--29},
	year={2021},
	publisher={Springer}
}
@article{fortet1940resolution,
	title={R{\'e}solution d'un syst{\`e}me d'{\'e}quations de M. Schr{\"o}dinger},
	author={Fortet, Robert},
	journal={Journal de Math{\'e}matiques Pures et Appliqu{\'e}es},
	volume={19},
	number={1-4},
	pages={83--105},
	year={1940}
}
@article{kullback1968probability,
	title={Probability densities with given marginals},
	author={Kullback, Solomon},
	journal={The Annals of Mathematical Statistics},
	volume={39},
	number={4},
	pages={1236--1243},
	year={1968},
	publisher={JSTOR}
}
@article{ruschendorf1993note,
	title={Note on the Schr{\"o}dinger equation and I-projections},
	author={R{\"u}schendorf, Ludger and Thomsen, Wolfgang},
	journal={Statistics \& probability letters},
	volume={17},
	number={5},
	pages={369--375},
	year={1993},
	publisher={Elsevier}
}

数据集

@inproceedings{liu2015deep,
	title={Deep learning face attributes in the wild},
	author={Liu, Ziwei and Luo, Ping and Wang, Xiaogang and Tang, Xiaoou},
	booktitle={Proceedings of the IEEE international conference on computer vision},
	pages={3730--3738},
	year={2015}
}
@article{krizhevsky2009learning,
	title={Learning multiple layers of features from tiny images},
	author={Krizhevsky, Alex and Hinton, Geoffrey and others},
	year={2009},
	publisher={Toronto, ON, Canada}
}
@article{karras2017progressive,
	title={Progressive Growing of GANs for Improved Quality, Stability, and Variation},
	author={Karras, Tero},
	journal={arXiv preprint arXiv:1710.10196},
	year={2017}
}
@article{heusel2017gans,
	title={Gans trained by a two time-scale update rule converge to a local nash equilibrium},
	author={Heusel, Martin and Ramsauer, Hubert and Unterthiner, Thomas and Nessler, Bernhard and Hochreiter, Sepp},
	journal={Advances in neural information processing systems},
	volume={30},
	year={2017}
}