@inproceedings{2020ssns,
  title={Self-supervised nuclei segmentation in histopathological images using attention},
  author={Sahasrabudhe, Mihir and Christodoulidis, Stergios and Salgado, Roberto and Michiels, Stefan and Loi, Sherene and Andr{\'e}, Fabrice and Paragios, Nikos and Vakalopoulou, Maria},
  booktitle={MICCAI},
  pages={393--402},
  year={2020},
  
}

@inproceedings{2022L2P,
  title={Learning to prompt for continual learning},
  author={Wang, Zifeng and Zhang, Zizhao and Lee, Chen-Yu and Zhang, Han and Sun, Ruoxi and Ren, Xiaoqi and Su, Guolong and Perot, Vincent and Dy, Jennifer and Pfister, Tomas},
  booktitle={CVPR},
  pages={139--149},
  year={2022}
}

@inproceedings{2022SOP,
  title={Unsupervised nuclei segmentation using spatial organization priors},
  author={Le Bescond, Lo{\"\i}c and Lerousseau, Marvin and Garberis, Ingrid and Andr{\'e}, Fabrice and Christodoulidis, Stergios and Vakalopoulou, Maria and Talbot, Hugues},
  booktitle={MICCAI},
  pages={325--335},
  year={2022},
  
}

@inproceedings{2023attriclip,
  title={Attriclip: A non-incremental learner for incremental knowledge learning},
  author={Wang, Runqi and Duan, Xiaoyue and Kang, Guoliang and Liu, Jianzhuang and Lin, Shaohui and Xu, Songcen and L{\"u}, Jinhu and Zhang, Baochang},
  booktitle={CVPR},
  pages={3654--3663},
  year={2023}
}

@inproceedings{2023codaprompt,
  title={Coda-prompt: Continual decomposed attention-based prompting for rehearsal-free continual learning},
  author={Smith, James Seale and Karlinsky, Leonid and Gutta, Vyshnavi and Cascante-Bonilla, Paola and Kim, Donghyun and Arbelle, Assaf and Panda, Rameswar and Feris, Rogerio and Kira, Zsolt},
  booktitle={CVPR},
  pages={11909--11919},
  year={2023}
}

@article{achiam2023gpt,
  title={Gpt-4 technical report},
  author={Achiam, Josh and Adler, Steven and Agarwal, Sandhini and Ahmad, Lama and Akkaya, Ilge and Aleman, Florencia Leoni and Almeida, Diogo and Altenschmidt, Janko and Altman, Sam and Anadkat, Shyamal and others},
  journal={arXiv preprint arXiv:2303.08774},
  year={2023}
}

@ARTICLE{adaptzero,
  author={Bian, Cheng and Yuan, Chenglang and Ma, Kai and Yu, Shuang and Wei, Dong and Zheng, Yefeng},
  journal={IEEE Transactions on Medical Imaging}, 
  title={Domain Adaptation Meets Zero-Shot Learning: An Annotation-Efficient Approach to Multi-Modality Medical Image Segmentation}, 
  year={2022},
  volume={41},
  number={5},
  pages={1043-1056},
  keywords={Biomedical imaging;Image segmentation;Prototypes;Annotations;Data models;Semantics;Training;Zero-shot learning;semantic segmentation;multi-modality medical image},
  doi={10.1109/TMI.2021.3131245}}

@inproceedings{capellan2024zero,
  title={Zero-Shot Pediatric Tuberculosis Detection in Chest X-Rays using Self-Supervised Learning},
  author={Bansal, Ankan and Sikka, Karan and Sharma, Gaurav and Chellappa, Rama and Divakaran, Ajay},
  booktitle={ISBI},
  year={2024}
}

@inproceedings{du2022learning,
  title={Learning to prompt for open-vocabulary object detection with vision-language model},
  author={Du, Yu and Wei, Fangyun and Zhang, Zihe and Shi, Miaojing and Gao, Yue and Li, Guoqi},
  booktitle={CVPR},
  pages={14084--14093},
  year={2022}
}

@article{gu2021domain,
  title={Domain-specific language model pretraining for biomedical natural language processing},
  author={Gu, Yu and Tinn, Robert and Cheng, Hao and Lucas, Michael and Usuyama, Naoto and Liu, Xiaodong and Naumann, Tristan and Gao, Jianfeng and Poon, Hoifung},
  journal={ACM Transactions on Computing for Healthcare (HEALTH)},
  volume={3},
  number={1},
  pages={1--23},
  year={2021},
  publisher={ACM New York, NY}
}

@inproceedings{guo2023multiple,
  title={Multiple prompt fusion for zero-shot lesion detection using vision-language models},
  author={Guo, Miaotian and Yi, Huahui and Qin, Ziyuan and Wang, Haiying and Men, Aidong and Lao, Qicheng},
  booktitle={MICCAI},
  pages={283--292},
  year={2023},
  
}

@inproceedings{lai2024carzero,
  title={Carzero: Cross-attention alignment for radiology zero-shot classification},
  author={Lai, Haoran and Yao, Qingsong and Jiang, Zihang and Wang, Rongsheng and He, Zhiyang and Tao, Xiaodong and Zhou, S Kevin},
  booktitle={CVPR},
  pages={11137--11146},
  year={2024}
}

@inproceedings{li2022blip,
  title={Blip: Bootstrapping language-image pre-training for unified vision-language understanding and generation},
  author={Li, Junnan and Li, Dongxu and Xiong, Caiming and Hoi, Steven},
  booktitle={ICML},
  pages={12888--12900},
  year={2022},
}

@inproceedings{liuchatgpt,
  title={A ChatGPT Aided Explainable Framework for Zero-Shot Medical Image Diagnosis},
  author={Liu, Jiaxiang and Hu, Tianxiang and Zhang, Yan and Gai, Xiaotang and FENG, YANG and Liu, Zuozhu},
  booktitle={ICML},
  year={2023}
}

@inproceedings{lu2023visual,
  title={Visual language pretrained multiple instance zero-shot transfer for histopathology images},
  author={Lu, Ming Y and Chen, Bowen and Zhang, Andrew and Williamson, Drew FK and Chen, Richard J and Ding, Tong and Le, Long Phi and Chuang, Yung-Sung and Mahmood, Faisal},
  booktitle={CVPR},
  pages={19764--19775},
  year={2023}
}

@inproceedings{mahapatra2021medical,
  title={Medical image classification using generalized zero shot learning},
  author={Mahapatra, Dwarikanath and Bozorgtabar, Behzad and Ge, Zongyuan},
  booktitle={ICCV},
  pages={3344--3353},
  year={2021}
}

@article{paul2021generalized,
  title={Generalized zero-shot chest x-ray diagnosis through trait-guided multi-view semantic embedding with self-training},
  author={Paul, Angshuman and Shen, Thomas C and Lee, Sungwon and Balachandar, Niranjan and Peng, Yifan and Lu, Zhiyong and Summers, Ronald M},
  journal={IEEE Transactions on Medical Imaging},
  volume={40},
  number={10},
  pages={2642--2655},
  year={2021},
}

@misc{phan2024decomposing,
      title={Decomposing Disease Descriptions for Enhanced Pathology Detection: A Multi-Aspect Vision-Language Pre-training Framework}, 
      author={Vu Minh Hieu Phan and Yutong Xie and Yuankai Qi and Lingqiao Liu and Liyang Liu and Bowen Zhang and Zhibin Liao and Qi Wu and Minh-Son To and Johan W. Verjans},
      year={2024},
      eprint={2403.07636},
      archivePrefix={arXiv},
      primaryClass={cs.CV}
}

@inproceedings{qin2023medical,
  title={MEDICAL IMAGE UNDERSTANDING WITH PRETRAINED VISION LANGUAGE MODELS: A COMPREHENSIVE STUDY},
  author={Qin, Ziyuan and Yi, Hua Hui and Lao, Qicheng and Li, Kang},
  booktitle={ICLR},
  year={2022}
}

@article{tiu2022expert,
  title={Expert-level detection of pathologies from unannotated chest X-ray images via self-supervised learning},
  author={Tiu, Ekin and Talius, Ellie and Patel, Pujan and Langlotz, Curtis P and Ng, Andrew Y and Rajpurkar, Pranav},
  journal={Nature Biomedical Engineering},
  volume={6},
  number={12},
  pages={1399--1406},
  year={2022},
}

@article{vilouras2024zero,
  title={Zero-Shot Medical Phrase Grounding with Off-the-shelf Diffusion Models},
  author={Vilouras, Konstantinos and Sanchez, Pedro and O'Neil, Alison Q and Tsaftaris, Sotirios A},
  journal={arXiv preprint arXiv:2404.12920},
  year={2024}
}

@inproceedings{wang2022dualprompt,
  title={Dualprompt: Complementary prompting for rehearsal-free continual learning},
  author={Wang, Zifeng and Zhang, Zizhao and Ebrahimi, Sayna and Sun, Ruoxi and Zhang, Han and Lee, Chen-Yu and Ren, Xiaoqi and Su, Guolong and Perot, Vincent and Dy, Jennifer and others},
  booktitle={ECCV},
  pages={631--648},
  year={2022},
  
}

@inproceedings{wu2023medklip,
  title={Medklip: Medical knowledge enhanced language-image pre-training for x-ray diagnosis},
  author={Wu, Chaoyi and Zhang, Xiaoman and Zhang, Ya and Wang, Yanfeng and Xie, Weidi},
  booktitle={CVPR},
  pages={21372--21383},
  year={2023}
}

@inproceedings{wu2023zero,
  title={Zero-Shot Nuclei Detection via Visual-Language Pre-trained Models},
  author={Wu, Yongjian and Zhou, Yang and Saiyin, Jiya and Wei, Bingzheng and Lai, Maode and Shou, Jianzhong and Fan, Yubo and Xu, Yan},
  booktitle={MICCAI},
  pages={693--703},
  year={2023},
}

@article{zhang2023knowledge,
  title={Knowledge-enhanced visual-language pre-training on chest radiology images},
  author={Zhang, Xiaoman and Wu, Chaoyi and Zhang, Ya and Xie, Weidi and Wang, Yanfeng},
  journal={Nature Communications},
  volume={14},
  number={1},
  pages={4542},
  year={2023},
}

