@String(PAMI = {IEEE Trans. Pattern Anal. Mach. Intell.})
@String(IJCV = {Int. J. Comput. Vis.})
@String(CVPR= {IEEE Conf. Comput. Vis. Pattern Recog.})
@String(ICCV= {Int. Conf. Comput. Vis.})
@String(ECCV= {Eur. Conf. Comput. Vis.})
@String(NIPS= {Adv. Neural Inform. Process. Syst.})
@String(ICPR = {Int. Conf. Pattern Recog.})
@String(BMVC= {Brit. Mach. Vis. Conf.})
@String(TOG= {ACM Trans. Graph.})
@String(TIP  = {IEEE Trans. Image Process.})
@String(TVCG  = {IEEE Trans. Vis. Comput. Graph.})
@String(TMM  = {IEEE Trans. Multimedia})
@String(ACMMM= {ACM Int. Conf. Multimedia})
@String(ICME = {Int. Conf. Multimedia and Expo})
@String(ICASSP=	{ICASSP})
@String(ICIP = {IEEE Int. Conf. Image Process.})
@String(ACCV  = {ACCV})
@String(ICLR = {Int. Conf. Learn. Represent.})
@String(IJCAI = {IJCAI})
@String(PR   = {Pattern Recognition})
@String(AAAI = {AAAI})
@String(CVPRW= {IEEE Conf. Comput. Vis. Pattern Recog. Worksh.})
@String(CSVT = {IEEE Trans. Circuit Syst. Video Technol.})

@String(SPL	= {IEEE Sign. Process. Letters})
@String(VR   = {Vis. Res.})
@String(JOV	 = {J. Vis.})
@String(TVC  = {The Vis. Comput.})
@String(JCST  = {J. Comput. Sci. Tech.})
@String(CGF  = {Comput. Graph. Forum})
@String(CVM = {Computational Visual Media})


@String(PAMI  = {IEEE TPAMI})
@String(IJCV  = {IJCV})
@String(CVPR  = {CVPR})
@String(ICCV  = {ICCV})
@String(ECCV  = {ECCV})
@String(NIPS  = {NeurIPS})
@String(ICPR  = {ICPR})
@String(BMVC  =	{BMVC})
@String(TOG   = {ACM TOG})
@String(TIP   = {IEEE TIP})
@String(TVCG  = {IEEE TVCG})
@String(TCSVT = {IEEE TCSVT})
@String(TMM   =	{IEEE TMM})
@String(ACMMM = {ACM MM})
@String(ICME  =	{ICME})
@String(ICASSP=	{ICASSP})
@String(ICIP  = {ICIP})
@String(ACCV  = {ACCV})
@String(ICLR  = {ICLR})
@String(IJCAI = {IJCAI})
@String(PR = {PR})
@String(AAAI = {AAAI})
@String(CVPRW= {CVPRW})
@String(CSVT = {IEEE TCSVT})



@misc{Authors14,
 author = {FirstName LastName},
 title = {The frobnicatable foo filter},
 note = {Face and Gesture submission ID 324. Supplied as supplemental material {\tt fg324.pdf}},
 year = 2014
}

@misc{Authors14b,
 author = {FirstName LastName},
 title = {Frobnication tutorial},
 note = {Supplied as supplemental material {\tt tr.pdf}},
 year = 2014
}

@article{Alpher02,
author = {FirstName Alpher},
title = {Frobnication},
journal = PAMI,
volume = 12,
number = 1,
pages = {234--778},
year = 2002
}

@article{Alpher03,
author = {FirstName Alpher and  FirstName Fotheringham-Smythe},
title = {Frobnication revisited},
journal = {Journal of Foo},
volume = 13,
number = 1,
pages = {234--778},
year = 2003
}

@article{Alpher04,
author = {FirstName Alpher and FirstName Fotheringham-Smythe and FirstName Gamow},
title = {Can a machine frobnicate?},
journal = {Journal of Foo},
volume = 14,
number = 1,
pages = {234--778},
year = 2004
}

@inproceedings{Alpher05,
author = {FirstName Alpher and FirstName Gamow},
title = {Can a computer frobnicate?},
booktitle = CVPR,
pages = {234--778},
year = 2005
}


@inproceedings{tang2022self,
  title={Self-supervised pre-training of swin transformers for 3d medical image analysis},
  author={Tang, Yucheng and Yang, Dong and Li, Wenqi and Roth, Holger R and Landman, Bennett and Xu, Daguang and Nath, Vishwesh and Hatamizadeh, Ali},
  booktitle={CVPR},
  pages={20730--20740},
  year={2022}
}

@article{cvc-clinicDB1,
  title={WM-DOVA maps for accurate polyp highlighting in colonoscopy: Validation vs. saliency maps from physicians},
  author={Bernal, Jorge and S{\'a}nchez, F Javier and Fern{\'a}ndez-Esparrach, Gloria and Gil, Debora and Rodr{\'\i}guez, Cristina and Vilari{\~n}o, Fernando},
  journal={Computerized medical imaging and graphics},
  volume={43},
  pages={99--111},
  year={2015},
}

@article{cvc-clinicDB2,
  title={Exploring the clinical potential of an automatic colonic polyp detection method based on the creation of energy maps},
  author={Fern{\'a}ndez-Esparrach, Gl{\`o}ria and Bernal, Jorge and L{\'o}pez-Cer{\'o}n, Maria and C{\'o}rdova, Henry and S{\'a}nchez-Montes, Cristina and De Miguel, Cristina Rodr{\'\i}guez and S{\'a}nchez, Francisco Javier},
  journal={Endoscopy},
  pages={837--842},
  year={2016},
}

@article{cvc-colondb,
  title={Towards automatic polyp detection with a polyp appearance model},
  author={Bernal, Jorge and S{\'a}nchez, Javier and Vilarino, Fernando},
  journal={Pattern Recognition},
  volume={45},
  number={9},
  pages={3166--3182},
  year={2012},
}

@inproceedings{kvasir,
  title={Kvasir-seg: A segmented polyp dataset},
  author={Jha, Debesh and Smedsrud, Pia H and Riegler, Michael A and Halvorsen, P{\aa}l and De Lange, Thomas and Johansen, Dag and Johansen, H{\aa}vard D},
  booktitle={MMM},
  pages={451--462},
  year={2020},
}

@article{ETIS,
  title={Toward embedded detection of polyps in wce images for early diagnosis of colorectal cancer},
  author={Silva, Juan and Histace, Aymeric and Romain, Olivier and Dray, Xavier and Granado, Bertrand},
  journal={International journal of computer assisted radiology and surgery},
  volume={9},
  pages={283--293},
  year={2014},
}

@article{zheng2021yolox,
  title={YOLOX: Exceeding YOLO series in 2021},
  author={Zheng, Ge and Songtao, Liu and Feng, Wang and Zeming, Li and Jian, Sun and others},
  journal={arXiv preprint arXiv:2107.08430},
  year={2021},
  publisher={arXiv}
}

@inproceedings{wu2023zero,
  title={Zero-Shot Nuclei Detection via Visual-Language Pre-trained Models},
  author={Wu, Yongjian and Zhou, Yang and Saiyin, Jiya and Wei, Bingzheng and Lai, Maode and Shou, Jianzhong and Fan, Yubo and Xu, Yan},
  booktitle={MICCAI},
  pages={693--703},
  year={2023},
}

@article{lopes2017pre,
  title={Pre-trained convolutional neural networks as feature extractors for tuberculosis detection},
  author={Lopes, UK and Valiati, Jo{\~a}o Francisco},
  journal={Computers in biology and medicine},
  volume={89},
  pages={135--143},
  year={2017},
}

@InProceedings{Lu_2023_CVPR,
    author    = {Lu, Ming Y. and Chen, Bowen and Zhang, Andrew and Williamson, Drew F. K. and Chen, Richard J. and Ding, Tong and Le, Long Phi and Chuang, Yung-Sung and Mahmood, Faisal},
    title     = {Visual Language Pretrained Multiple Instance Zero-Shot Transfer for Histopathology Images},
    booktitle = {CVPR},
    month     = {June},
    year      = {2023},
    pages     = {19764-19775}
}

@inproceedings{guo2023multiple,
  title={Multiple prompt fusion for zero-shot lesion detection using vision-language models},
  author={Guo, Miaotian and Yi, Huahui and Qin, Ziyuan and Wang, Haiying and Men, Aidong and Lao, Qicheng},
  booktitle={MICCAI},
  pages={283--292},
  year={2023},
  
}


@misc {BCCD,
	author={shenggan and Nicolas Chen and cosmicad and akshaylamba},
	title={BCCD: Blood Cell Count and Detection},
	year={2018},
	url={https://github.com/Shenggan/BCCD_Dataset}
}

@article{CPM-17,
  title={Methods for segmentation and classification of digital microscopy tissue images},
  author={Vu, Quoc Dang and Graham, Simon and Kurc, Tahsin and To, Minh Nguyen Nhat and Shaban, Muhammad and Qaiser, Talha and Koohbanani, Navid Alemi and Khurram, Syed Ali and Kalpathy-Cramer, Jayashree and Zhao, Tianhao and others},
  journal={Frontiers in bioengineering and biotechnology},
  volume={7},
  pages={433738},
  year={2019},
}

@article{TBX11k,
  title={Revisiting Computer-Aided Tuberculosis Diagnosis},
  author={Liu, Yun and Wu, Yu-Huan and Zhang, Shi-Chen and Liu, Li and Wu, Min and Cheng, Ming-Ming},
  journal={IEEE Transactions on Pattern Analysis and Machine Intelligence},
  year={2023}
}

@article{TN3k,
  title={Thyroid Region Prior Guided Attention for Ultrasound Segmentation of Thyroid Nodules},
  author={Gong, Haifan and Chen, Jiaxin and Chen, Guanqi and Li, Haofeng and Chen, Fei and Li, Guanbin},
  journal={Computers in Biology and Medicine},
  volume={106389},
  pages={1--12},
  year={2022},
}

@ARTICLE{fullorfinetune,
  author={Tajbakhsh, Nima and Shin, Jae Y. and Gurudu, Suryakanth R. and Hurst, R. Todd and Kendall, Christopher B. and Gotway, Michael B. and Liang, Jianming},
  journal={IEEE Transactions on Medical Imaging}, 
  title={Convolutional Neural Networks for Medical Image Analysis: Full Training or Fine Tuning?}, 
  year={2016},
  volume={35},
  number={5},
  pages={1299-1312},
  keywords={Biomedical imaging;Training;Feature extraction;Image segmentation;Computed tomography;Image analysis;Tuning;Carotid intima-media thickness;computer-aided detection;convolutional neural networks;deep learning;fine-tuning;medical image analysis;polyp detection;pulmonary embolism detection;video quality assessment},
  doi={10.1109/TMI.2016.2535302}}

@article{Shin_2018,
   title={Automatic Colon Polyp Detection Using Region Based Deep CNN and Post Learning Approaches},
   volume={6},
   ISSN={2169-3536},
   url={http://dx.doi.org/10.1109/ACCESS.2018.2856402},
   DOI={10.1109/access.2018.2856402},
   journal={IEEE Access},
   author={Shin, Younghak and Qadir, Hemin Ali and Aabakken, Lars and Bergsland, Jacob and Balasingham, Ilangko},
   year={2018},
   pages={40950â€“40962} }

@InProceedings{Zhou_2017_CVPR,
author = {Zhou, Zongwei and Shin, Jae and Zhang, Lei and Gurudu, Suryakanth and Gotway, Michael and Liang, Jianming},
title = {Fine-Tuning Convolutional Neural Networks for Biomedical Image Analysis: Actively and Incrementally},
booktitle = {CVPR},
month = {July},
year = {2017}
}

@ARTICLE{adaptzero,
  author={Bian, Cheng and Yuan, Chenglang and Ma, Kai and Yu, Shuang and Wei, Dong and Zheng, Yefeng},
  journal={IEEE Transactions on Medical Imaging}, 
  title={Domain Adaptation Meets Zero-Shot Learning: An Annotation-Efficient Approach to Multi-Modality Medical Image Segmentation}, 
  year={2022},
  volume={41},
  number={5},
  pages={1043-1056},
  keywords={Biomedical imaging;Image segmentation;Prototypes;Annotations;Data models;Semantics;Training;Zero-shot learning;semantic segmentation;multi-modality medical image},
  doi={10.1109/TMI.2021.3131245}}

@misc{poudel2023exploring,
      title={Exploring Transfer Learning in Medical Image Segmentation using Vision-Language Models}, 
      author={Kanchan Poudel and Manish Dhakal and Prasiddha Bhandari and Rabin Adhikari and Safal Thapaliya and Bishesh Khanal},
      year={2023},
      eprint={2308.07706},
      archivePrefix={arXiv},
      primaryClass={cs.CV}
}
@inproceedings{lu2023visual,
  title={Visual language pretrained multiple instance zero-shot transfer for histopathology images},
  author={Lu, Ming Y and Chen, Bowen and Zhang, Andrew and Williamson, Drew FK and Chen, Richard J and Ding, Tong and Le, Long Phi and Chuang, Yung-Sung and Mahmood, Faisal},
  booktitle={CVPR},
  pages={19764--19775},
  year={2023}
}
@misc{silvarodriguez2023foundation,
      title={A Foundation LAnguage-Image model of the Retina (FLAIR): Encoding expert knowledge in text supervision}, 
      author={Julio Silva-Rodriguez and Hadi Chakor and Riadh Kobbi and Jose Dolz and Ismail Ben Ayed},
      year={2023},
      eprint={2308.07898},
      archivePrefix={arXiv},
      primaryClass={cs.CV}
}


@inproceedings{qin2023medical,
  title={MEDICAL IMAGE UNDERSTANDING WITH PRETRAINED VISION LANGUAGE MODELS: A COMPREHENSIVE STUDY},
  author={Qin, Ziyuan and Yi, Hua Hui and Lao, Qicheng and Li, Kang},
  booktitle={ICLR},
  year={2022}
}

@article{achiam2023gpt,
  title={Gpt-4 technical report},
  author={Achiam, Josh and Adler, Steven and Agarwal, Sandhini and Ahmad, Lama and Akkaya, Ilge and Aleman, Florencia Leoni and Almeida, Diogo and Altenschmidt, Janko and Altman, Sam and Anadkat, Shyamal and others},
  journal={arXiv preprint arXiv:2303.08774},
  year={2023}
}

@article{adam,
  title={Adam: A method for stochastic optimization},
  author={Kingma, Diederik P and Ba, Jimmy},
  journal={arXiv preprint arXiv:1412.6980},
  year={2014}
}

@inproceedings{GLIP,
  title={Grounded language-image pre-training},
  author={Li, Liunian Harold and Zhang, Pengchuan and Zhang, Haotian and Yang, Jianwei and Li, Chunyuan and Zhong, Yiwu and Wang, Lijuan and Yuan, Lu and Zhang, Lei and Hwang, Jenq-Neng and others},
  booktitle={CVPR},
  pages={10965--10975},
  year={2022}
}

@inproceedings{coco,
  title={Microsoft coco: Common objects in context},
  author={Lin, Tsung-Yi and Maire, Michael and Belongie, Serge and Hays, James and Perona, Pietro and Ramanan, Deva and Doll{\'a}r, Piotr and Zitnick, C Lawrence},
  booktitle={ECCV},
  pages={740--755},
  year={2014},
  
}

@article{paul2021generalized,
  title={Generalized zero-shot chest x-ray diagnosis through trait-guided multi-view semantic embedding with self-training},
  author={Paul, Angshuman and Shen, Thomas C and Lee, Sungwon and Balachandar, Niranjan and Peng, Yifan and Lu, Zhiyong and Summers, Ronald M},
  journal={IEEE Transactions on Medical Imaging},
  volume={40},
  number={10},
  pages={2642--2655},
  year={2021},
}



@inproceedings{mahapatra2021medical,
  title={Medical image classification using generalized zero shot learning},
  author={Mahapatra, Dwarikanath and Bozorgtabar, Behzad and Ge, Zongyuan},
  booktitle={ICCV},
  pages={3344--3353},
  year={2021}
}


@article{2020RetinaNet,
  title={Focal Loss for Dense Object Detection},
  author={Lin, Tsung-Yi and Goyal, Priya and Girshick, Ross and He, Kaiming and Dollar, Piotr},
  journal={IEEE transactions on pattern analysis and machine intelligence},
  volume={42},
  number={2},
  pages={318--327},
  year={2020}
}


@inproceedings{2021Dyhead,
  title={Dynamic head: Unifying object detection heads with attentions},
  author={Dai, Xiyang and Chen, Yinpeng and Xiao, Bin and Chen, Dongdong and Liu, Mengchen and Yuan, Lu and Zhang, Lei},
  booktitle={CVPR},
  pages={7373--7382},
  year={2021}
}
@article{2015fasterRCNN,
  title={Faster r-cnn: Towards real-time object detection with region proposal networks},
  author={Ren, Shaoqing and He, Kaiming and Girshick, Ross and Sun, Jian},
  journal={Advances in neural information processing systems},
  volume={28},
  year={2015}
}

@inproceedings{2020ssns,
  title={Self-supervised nuclei segmentation in histopathological images using attention},
  author={Sahasrabudhe, Mihir and Christodoulidis, Stergios and Salgado, Roberto and Michiels, Stefan and Loi, Sherene and Andr{\'e}, Fabrice and Paragios, Nikos and Vakalopoulou, Maria},
  booktitle={MICCAI},
  pages={393--402},
  year={2020},
  
}

@inproceedings{2022SOP,
  title={Unsupervised nuclei segmentation using spatial organization priors},
  author={Le Bescond, Lo{\"\i}c and Lerousseau, Marvin and Garberis, Ingrid and Andr{\'e}, Fabrice and Christodoulidis, Stergios and Vakalopoulou, Maria and Talbot, Hugues},
  booktitle={MICCAI},
  pages={325--335},
  year={2022},
  
}

@inproceedings{2023vldet,
  title={Learning object-language alignments for open-vocabulary object detection},
  author={Lin, Chuang and Sun, Peize and Jiang, Yi and Luo, Ping and Qu, Lizhen and Haffari, Gholamreza and Yuan, Zehuan and Cai, Jianfei},
  booktitle={ICLR},
  year={2023},
}

@misc{phan2024decomposing,
      title={Decomposing Disease Descriptions for Enhanced Pathology Detection: A Multi-Aspect Vision-Language Pre-training Framework}, 
      author={Vu Minh Hieu Phan and Yutong Xie and Yuankai Qi and Lingqiao Liu and Liyang Liu and Bowen Zhang and Zhibin Liao and Qi Wu and Minh-Son To and Johan W. Verjans},
      year={2024},
      eprint={2403.07636},
      archivePrefix={arXiv},
      primaryClass={cs.CV}
}

@inproceedings{CLIP,
  title={Learning transferable visual models from natural language supervision},
  author={Radford, Alec and Kim, Jong Wook and Hallacy, Chris and Ramesh, Aditya and Goh, Gabriel and Agarwal, Sandhini and Sastry, Girish and Askell, Amanda and Mishkin, Pamela and Clark, Jack and others},
  booktitle={ICML},
  pages={8748--8763},
  year={2021},
}


@inproceedings{2022L2P,
  title={Learning to prompt for continual learning},
  author={Wang, Zifeng and Zhang, Zizhao and Lee, Chen-Yu and Zhang, Han and Sun, Ruoxi and Ren, Xiaoqi and Su, Guolong and Perot, Vincent and Dy, Jennifer and Pfister, Tomas},
  booktitle={CVPR},
  pages={139--149},
  year={2022}
}
@article{vaswani2017attention,
  title={Attention is all you need},
  author={Vaswani, Ashish and Shazeer, Noam and Parmar, Niki and Uszkoreit, Jakob and Jones, Llion and Gomez, Aidan N and Kaiser, {\L}ukasz and Polosukhin, Illia},
  journal={Advances in neural information processing systems},
  volume={30},
  year={2017}
}

@article{zhou2022learning,
  title={Learning to prompt for vision-language models},
  author={Zhou, Kaiyang and Yang, Jingkang and Loy, Chen Change and Liu, Ziwei},
  journal={International Journal of Computer Vision},
  volume={130},
  number={9},
  pages={2337--2348},
  year={2022},
}
@inproceedings{wang2022dualprompt,
  title={Dualprompt: Complementary prompting for rehearsal-free continual learning},
  author={Wang, Zifeng and Zhang, Zizhao and Ebrahimi, Sayna and Sun, Ruoxi and Zhang, Han and Lee, Chen-Yu and Ren, Xiaoqi and Su, Guolong and Perot, Vincent and Dy, Jennifer and others},
  booktitle={ECCV},
  pages={631--648},
  year={2022},
  
}

@inproceedings{2023codaprompt,
  title={Coda-prompt: Continual decomposed attention-based prompting for rehearsal-free continual learning},
  author={Smith, James Seale and Karlinsky, Leonid and Gutta, Vyshnavi and Cascante-Bonilla, Paola and Kim, Donghyun and Arbelle, Assaf and Panda, Rameswar and Feris, Rogerio and Kira, Zsolt},
  booktitle={CVPR},
  pages={11909--11919},
  year={2023}
}

@inproceedings{2023attriclip,
  title={Attriclip: A non-incremental learner for incremental knowledge learning},
  author={Wang, Runqi and Duan, Xiaoyue and Kang, Guoliang and Liu, Jianzhuang and Lin, Shaohui and Xu, Songcen and L{\"u}, Jinhu and Zhang, Baochang},
  booktitle={CVPR},
  pages={3654--3663},
  year={2023}
}

@article{bi2021dual,
  title={Dual coding of knowledge in the human brain},
  author={Bi, Yanchao},
  journal={Trends in Cognitive Sciences},
  volume={25},
  number={10},
  pages={883--895},
  year={2021},
}

@book{paivio2013imagery,
  title={Imagery and verbal processes},
  author={Paivio, Allan},
  publisher={Psychology Press},
  year={2013},
}

@article{sobek2023medyolo,
  title={MedYOLO: A Medical Image Object Detection Framework},
  author={Sobek, Joseph and Inojosa, Jose R Medina and Inojosa, Betsy J Medina and Rassoulinejad-Mousavi, SM and Conte, Gian Marco and Lopez-Jimenez, Francisco and Erickson, Bradley J},
  journal={arXiv preprint arXiv:2312.07729},
  year={2023}
}

@inproceedings{wang2020focalmix,
  title={Focalmix: Semi-supervised learning for 3d medical image detection},
  author={Wang, Dong and Zhang, Yuan and Zhang, Kexin and Wang, Liwei},
  booktitle={CVPR},
  pages={3951--3960},
  year={2020}
}

@article{degrave2021ai,
  title={AI for radiographic COVID-19 detection selects shortcuts over signal},
  author={DeGrave, Alex J and Janizek, Joseph D and Lee, Su-In},
  journal={Nature Machine Intelligence},
  volume={3},
  number={7},
  pages={610--619},
  year={2021},
}

@inproceedings{kollias2022ai,
  title={Ai-mia: Covid-19 detection and severity analysis through medical imaging},
  author={Kollias, Dimitrios and Arsenos, Anastasios and Kollias, Stefanos},
  booktitle={ECCV},
  pages={677--690},
  year={2022},
  
}

@ARTICLE{ZSL,
  author={Xian, Yongqin and Lampert, Christoph H. and Schiele, Bernt and Akata, Zeynep},
  journal={IEEE Transactions on Pattern Analysis and Machine Intelligence}, 
  title={Zero-Shot Learningâ€”A Comprehensive Evaluation of the Good, the Bad and the Ugly}, 
  year={2019},
  volume={41},
  number={9},
  pages={2251-2265},
  keywords={Semantics;Visualization;Task analysis;Training;Fish;Protocols;Learning systems;Generalized zero-shot learning;transductive learning;image classification;weakly-supervised learning},
  doi={10.1109/TPAMI.2018.2857768}}

@ARTICLE{2024GAN-ZS,
  author={Li, Yunxiang and Shao, Hua-Chieh and Liang, Xiao and Chen, Liyuan and Li, Ruiqi and Jiang, Steve and Wang, Jing and Zhang, You},
  journal={IEEE Transactions on Medical Imaging}, 
  title={Zero-Shot Medical Image Translation via Frequency-Guided Diffusion Models}, 
  year={2024},
  volume={43},
  number={3},
  pages={980-993},
  keywords={Computed tomography;Frequency-domain analysis;Medical diagnostic imaging;Planning;Imaging;Task analysis;Low-pass filters;Medical image translation;diffusion model;cone-beam computed tomography},
  doi={10.1109/TMI.2023.3325703}
}

@inproceedings{du2022learning,
  title={Learning to prompt for open-vocabulary object detection with vision-language model},
  author={Du, Yu and Wei, Fangyun and Zhang, Zihe and Shi, Miaojing and Gao, Yue and Li, Guoqi},
  booktitle={CVPR},
  pages={14084--14093},
  year={2022}
}

@inproceedings{bansal2018zero,
  title={Zero-shot object detection},
  author={Bansal, Ankan and Sikka, Karan and Sharma, Gaurav and Chellappa, Rama and Divakaran, Ajay},
  booktitle={ECCV},
  pages={384--400},
  year={2018}
}

@inproceedings{capellan2024zero,
  title={Zero-Shot Pediatric Tuberculosis Detection in Chest X-Rays using Self-Supervised Learning},
  author={Bansal, Ankan and Sikka, Karan and Sharma, Gaurav and Chellappa, Rama and Divakaran, Ajay},
  booktitle={ISBI},
  year={2024}
}

@inproceedings{li2019zero,
  title={Zero-shot object detection with textual descriptions},
  author={Li, Zhihui and Yao, Lina and Zhang, Xiaoqin and Wang, Xianzhi and Kanhere, Salil and Zhang, Huaxiang},
  booktitle={AAAI},
  year={2019}
}

@inproceedings{liu2023zero,
  title={Zero-Shot Object Detection by Semantics-Aware DETR with Adaptive Contrastive Loss},
  author={Liu, Huan and Zhang, Lu and Guan, Jihong and Zhou, Shuigeng},
  booktitle={ACM MM},
  pages={4421--4430},
  year={2023}
}

@inproceedings{li2022blip,
  title={Blip: Bootstrapping language-image pre-training for unified vision-language understanding and generation},
  author={Li, Junnan and Li, Dongxu and Xiong, Caiming and Hoi, Steven},
  booktitle={ICML},
  pages={12888--12900},
  year={2022},
}
@inproceedings{li2022grounded,
  title={Grounded language-image pre-training},
  author={Li, Liunian Harold and Zhang, Pengchuan and Zhang, Haotian and Yang, Jianwei and Li, Chunyuan and Zhong, Yiwu and Wang, Lijuan and Yuan, Lu and Zhang, Lei and Hwang, Jenq-Neng and others},
  booktitle={CVPR},
  pages={10965--10975},
  year={2022}
}
@inproceedings{bracsoveanu2020visualizing,
  title={Visualizing transformers for nlp: a brief survey},
  author={Bra{\c{s}}oveanu, Adrian MP and Andonie, R{\u{a}}zvan},
  booktitle={IV},
  pages={270--279},
  year={2020},
}

@article{yao2022detclip,
  title={Detclip: Dictionary-enriched visual-concept paralleled pre-training for open-world detection},
  author={Yao, Lewei and Han, Jianhua and Wen, Youpeng and Liang, Xiaodan and Xu, Dan and Zhang, Wei and Li, Zhenguo and Xu, Chunjing and Xu, Hang},
  journal={Advances in Neural Information Processing Systems},
  volume={35},
  pages={9125--9138},
  year={2022}
}

@article{gu2021domain,
  title={Domain-specific language model pretraining for biomedical natural language processing},
  author={Gu, Yu and Tinn, Robert and Cheng, Hao and Lucas, Michael and Usuyama, Naoto and Liu, Xiaodong and Naumann, Tristan and Gao, Jianfeng and Poon, Hoifung},
  journal={ACM Transactions on Computing for Healthcare (HEALTH)},
  volume={3},
  number={1},
  pages={1--23},
  year={2021},
}

@article{vilouras2024zero,
  title={Zero-Shot Medical Phrase Grounding with Off-the-shelf Diffusion Models},
  author={Vilouras, Konstantinos and Sanchez, Pedro and O'Neil, Alison Q and Tsaftaris, Sotirios A},
  journal={arXiv preprint arXiv:2404.12920},
  year={2024}
}
@inproceedings{softnms,
  title={Soft-NMS--improving object detection with one line of code},
  author={Bodla, Navaneeth and Singh, Bharat and Chellappa, Rama and Davis, Larry S},
  booktitle={ICCV},
  pages={5561--5569},
  year={2017}
}
@inproceedings{yun2021transformer,
  title={Transformer visualization via dictionary learning: contextualized embedding as a linear superposition of transformer factors},
  author={Yun, Zeyu and Chen, Yubei and Olshausen, Bruno A and LeCun, Yann},
  booktitle={DeeLIO},
  pages={1--10},
  year={2021}
}
@article{wbf,
  title={Weighted boxes fusion: Ensembling boxes from different object detection models},
  author={Solovyev, Roman and Wang, Weimin and Gabruseva, Tatiana},
  journal={Image and Vision Computing},
  volume={107},
  pages={104117},
  year={2021},
}
@inproceedings{liuchatgpt,
  title={A ChatGPT Aided Explainable Framework for Zero-Shot Medical Image Diagnosis},
  author={Liu, Jiaxiang and Hu, Tianxiang and Zhang, Yan and Gai, Xiaotang and FENG, YANG and Liu, Zuozhu},
  booktitle={ICML},
  year={2023}
}
@inproceedings{lai2024carzero,
  title={Carzero: Cross-attention alignment for radiology zero-shot classification},
  author={Lai, Haoran and Yao, Qingsong and Jiang, Zihang and Wang, Rongsheng and He, Zhiyang and Tao, Xiaodong and Zhou, S Kevin},
  booktitle={CVPR},
  pages={11137--11146},
  year={2024}
}
@article{tiu2022expert,
  title={Expert-level detection of pathologies from unannotated chest X-ray images via self-supervised learning},
  author={Tiu, Ekin and Talius, Ellie and Patel, Pujan and Langlotz, Curtis P and Ng, Andrew Y and Rajpurkar, Pranav},
  journal={Nature Biomedical Engineering},
  volume={6},
  number={12},
  pages={1399--1406},
  year={2022},
}
@inproceedings{wu2023medklip,
  title={Medklip: Medical knowledge enhanced language-image pre-training for x-ray diagnosis},
  author={Wu, Chaoyi and Zhang, Xiaoman and Zhang, Ya and Wang, Yanfeng and Xie, Weidi},
  booktitle={CVPR},
  pages={21372--21383},
  year={2023}
}
@article{zhang2023knowledge,
  title={Knowledge-enhanced visual-language pre-training on chest radiology images},
  author={Zhang, Xiaoman and Wu, Chaoyi and Zhang, Ya and Xie, Weidi and Wang, Yanfeng},
  journal={Nature Communications},
  volume={14},
  number={1},
  pages={4542},
  year={2023},
}
