@inproceedings{Page1999ThePC,
  title={The PageRank Citation Ranking : Bringing Order to the Web},
  author={Lawrence Page and Sergey Brin and Rajeev Motwani and Terry Winograd},
  booktitle={The Web Conference},
  year={1999}
}

@inproceedings{app,
  title={Scalable graph embedding for asymmetric proximity},
  author={Zhou, Chang and Liu, Yuqiong and Liu, Xiaofei and Liu, Zhongyi and Gao, Jun},
  booktitle={AAAI},
  year={2017}
}

@inproceedings{arope,
  title={Arbitrary-order proximity preserved network embedding},
  author={Zhang, Ziwei and Cui, Peng and Wang, Xiao and Pei, Jian and Yao, Xuanrong and Zhu, Wenwu},
  booktitle={KDD},
  pages={2778--2786},
  year={2018}
}

@inproceedings{blade,
  title={BLADE: Biased neighborhood sampling based graph neural network for directed graphs},
  author={Virinchi, Srinivas and Saladi, Anoop},
  booktitle={WSDM},
  pages={42--50},
  year={2023}
}

@article{coba,
  title={Collaborative bi-aggregation for directed graph embedding},
  author={Liu, Linsong and Chen, Ke-Jia and Liu, Zheng},
  journal={Neural Networks},
  volume={164},
  pages={707--718},
  year={2023},
  publisher={Elsevier}
}

@article{dgcn-tong,
  title={Directed graph convolutional network},
  author={Tong, Zekun and Liang, Yuxuan and Sun, Changsheng and Rosenblum, David S and Lim, Andrew},
  journal={arXiv preprint arXiv:2004.13970},
  year={2020}
}

@inproceedings{dggan,
  title={Adversarial directed graph embedding},
  author={Zhu, Shijie and Li, Jianxin and Peng, Hao and Wang, Senzhang and He, Lifang},
  booktitle={AAAI},
  pages={4741--4748},
  year={2021}
}

@inproceedings{dhypr,
  title={D-hypr: Harnessing neighborhood modeling and asymmetry preservation for digraph representation learning},
  author={Zhou, Honglu and Chegu, Advith and Sohn, Samuel S and Fu, Zuohui and De Melo, Gerard and Kapadia, Mubbasir},
  booktitle={CIKM},
  pages={2732--2742},
  year={2022}
}

@inproceedings{digae,
  title={Directed graph auto-encoders},
  author={Kollias, Georgios and Kalantzis, Vasileios and Id{\'e}, Tsuyoshi and Lozano, Aur{\'e}lie and Abe, Naoki},
  booktitle={AAAI},
  pages={7211--7219},
  year={2022}
}

@article{digcn,
  title={Digraph inception convolutional networks},
  author={Tong, Zekun and Liang, Yuxuan and Sun, Changsheng and Li, Xinke and Rosenblum, David and Lim, Andrew},
  journal={NeurIPS},
  volume={33},
  pages={17907--17918},
  year={2020}
}

@inproceedings{dirgnn,
  title={Edge directionality improves learning on heterophilic graphs},
  author={Rossi, Emanuele and Charpentier, Bertrand and Di Giovanni, Francesco and Frasca, Fabrizio and G{\"u}nnemann, Stephan and Bronstein, Michael M},
  booktitle={Learning on Graphs Conference},
  pages={25--1},
  year={2024},
  organization={PMLR}
}

@InProceedings{duplex,
  title = 	 {{DUPLEX}: Dual {GAT} for Complex Embedding of Directed Graphs},
  author =       {Ke, Zhaoru and Yu, Hang and Li, Jianguo and Zhang, Haipeng},
  booktitle = 	 {ICML},
  pages = 	 {23430--23448},
  year = 	 {2024}
}

@inproceedings{eltra,
  title={ELTRA: An Embedding Method based on Learning-to-Rank to Preserve Asymmetric Information in Directed Graphs},
  author={Hamedani, Masoud Rehyani and Ryu, Jin-Su and Kim, Sang-Wook},
  booktitle={CIKM},
  pages={2116--2125},
  year={2023}
}

@inproceedings{fractional,
  title={A Fractional Graph Laplacian Approach to Oversmoothing},
  author={Maskey, Sohir and Paolino, Raffaele and Bacho, Aras and Kutyniok, Gitta},
  booktitle={NeurIPS},
  year={2023}
}

@inproceedings{gcn,
  title={Semi-Supervised Classification with Graph Convolutional Networks},
  author={Kipf, Thomas N and Welling, Max},
  booktitle={ICLR},
  year={2017}
}

@book{golub2013matrix,
  title={Matrix computations},
  author={Golub, Gene H and Van Loan, Charles F},
  year={2013},
  publisher={JHU press}
}

@inproceedings{gragae,
  title={Gravity-inspired graph autoencoders for directed link prediction},
  author={Salha, Guillaume and Limnios, Stratis and Hennequin, Romain and Tran, Viet-Anh and Vazirgiannis, Michalis},
  booktitle={CIKM},
  pages={589--598},
  year={2019}
}

@inproceedings{holonets,
  title={HoloNets: Spectral Convolutions do extend to Directed Graphs},
  author={Koke, Christian and Cremers, Daniel},
  booktitle={ICLR},
  year={2024}
}

@inproceedings{hope,
  title={Asymmetric transitivity preserving graph embedding},
  author={Ou, Mingdong and Cui, Peng and Pei, Jian and Zhang, Ziwei and Zhu, Wenwu},
  booktitle={KDD},
  pages={1105--1114},
  year={2016}
}

@article{katz1953new,
  title={A new status index derived from sociometric analysis},
  author={Katz, Leo},
  journal={Psychometrika},
  volume={18},
  number={1},
  pages={39--43},
  year={1953},
  publisher={Springer}
}

@article{lightdic,
  title={LightDiC: A Simple Yet Effective Approach for Large-Scale Digraph Representation Learning},
  author={Li, Xunkai and Liao, Meihao and Wu, Zhengyu and Su, Daohan and Zhang, Wentao and Li, Rong-Hua and Wang, Guoren},
  journal={Proceedings of the VLDB Endowment},
  volume={17},
  number={7},
  pages={1542--1551},
  year={2024},
  publisher={VLDB Endowment}
}

@article{magnet,
  title={Magnet: A neural network for directed graphs},
  author={Zhang, Xitong and He, Yixuan and Brugnone, Nathan and Perlmutter, Michael and Hirn, Matthew},
  journal={NeurIPS},
  volume={34},
  pages={27003--27015},
  year={2021}
}

@inproceedings{motifnet,
  title={Motifnet: a motif-based graph convolutional network for directed graphs},
  author={Monti, Federico and Otness, Karl and Bronstein, Michael M},
  booktitle={2018 IEEE Data Science Workshop (DSW)},
  pages={225--228},
  year={2018},
  organization={IEEE}
}

@inproceedings{nerd,
  title={Node representation learning for directed graphs},
  author={Khosla, Megha and Leonhardt, Jurek and Nejdl, Wolfgang and Anand, Avishek},
  booktitle={ECML PKDD},
  pages={395--411},
  year={2020},
  organization={Springer}
}

@inproceedings{odin,
  title={Disentangling degree-related biases and interest for out-of-distribution generalized directed network embedding},
  author={Yoo, Hyunsik and Lee, Yeon-Chang and Shin, Kijung and Kim, Sang-Wook},
  booktitle={Proceedings of the ACM Web Conference 2023},
  pages={231--239},
  year={2023}
}

@inproceedings{strap,
  title={Scalable graph embeddings via sparse transpose proximities},
  author={Yin, Yuan and Wei, Zhewei},
  booktitle={KDD},
  pages={1429--1437},
  year={2019}
}

@inproceedings{tf_digraph,
  title={Transformers meet directed graphs},
  author={Geisler, Simon and Li, Yujia and Mankowitz, Daniel J and Cemgil, Ali Taylan and G{\"u}nnemann, Stephan and Paduraru, Cosmin},
  booktitle={ICML},
  pages={11144--11172},
  year={2023},
  organization={PMLR}
}

