@inproceedings{liben2003link,
  title={The link prediction problem for social networks},
  author={Liben-Nowell, David and Kleinberg, Jon},
  booktitle={CIKM},
  pages={556--559},
  year={2003}
}

@inproceedings{rendle2009bpr,
  title={BPR: Bayesian personalized ranking from implicit feedback},
  author={Rendle, Steffen and Freudenthaler, Christoph and Gantner, Zeno and Schmidt-Thieme, Lars},
  booktitle={UAI},
  pages={452--461},
  year={2009}
}

@inproceedings{lin2023magnetic,
  title={A magnetic framelet-based convolutional neural network for directed graphs},
  author={Lin, Lequan and Gao, Junbin},
  booktitle={ICASSP},
  pages={1--5},
  year={2023},
  organization={IEEE}
}

@inproceedings{fiorini2023sigmanet,
  title={Sigmanet: One laplacian to rule them all},
  author={Fiorini, Stefano and Coniglio, Stefano and Ciavotta, Michele and Messina, Enza},
  booktitle={AAAI},
  pages={7568--7576},
  year={2023}
}

@article{bhuyan2013network,
  title={Network anomaly detection: methods, systems and tools},
  author={Bhuyan, Monowar H and Bhattacharyya, Dhruba Kumar and Kalita, Jugal K},
  journal={Ieee communications surveys \& tutorials},
  volume={16},
  number={1},
  pages={303--336},
  year={2013},
  publisher={IEEE}
}

@inproceedings{Page1999ThePC,
  title={The PageRank Citation Ranking : Bringing Order to the Web},
  author={Lawrence Page and Sergey Brin and Rajeev Motwani and Terry Winograd},
  booktitle={The Web Conference},
  year={1999}
}
@article{recommendation_systems_evaluating,
  title={Evaluating recommendation systems},
  author={Shani, Guy and Gunawardana, Asela},
  journal={Recommender systems handbook},
  pages={257--297},
  year={2011},
  publisher={Springer}
}

@article{leskovec2016snap,
  title={Snap: A general-purpose network analysis and graph-mining library},
  author={Leskovec, Jure and Sosi{\v{c}}, Rok},
  journal={ACM Transactions on Intelligent Systems and Technology (TIST)},
  volume={8},
  number={1},
  pages={1--20},
  year={2016},
  publisher={ACM New York, NY, USA}
}

@inproceedings{glognn,
  title={Finding global homophily in graph neural networks when meeting heterophily},
  author={Li, Xiang and Zhu, Renyu and Cheng, Yao and Shan, Caihua and Luo, Siqiang and Li, Dongsheng and Qian, Weining},
  booktitle={ICML},
  pages={13242--13256},
  year={2022},
  organization={PMLR}
}

@inproceedings{acmgcn,
  title={Revisiting heterophily for graph neural networks},
  author={Luan, Sitao and Hua, Chenqing and Lu, Qincheng and Zhu, Jiaqi and Zhao, Mingde and Zhang, Shuyuan and Chang, Xiao-Wen and Precup, Doina},
  booktitle={NeurIPS},
  year={2022}
}

@inproceedings{dirgnn,
  title={Edge directionality improves learning on heterophilic graphs},
  author={Rossi, Emanuele and Charpentier, Bertrand and Di Giovanni, Francesco and Frasca, Fabrizio and G{\"u}nnemann, Stephan and Bronstein, Michael M},
  booktitle={Learning on Graphs Conference},
  pages={25--1},
  year={2024},
  organization={PMLR}
}

@inproceedings{gcn,
  title={Semi-Supervised Classification with Graph Convolutional Networks},
  author={Kipf, Thomas N and Welling, Max},
  booktitle={ICLR},
  year={2017}
}

@inproceedings{ppnp,
  title={Predict then Propagate: Graph Neural Networks meet Personalized PageRank},
  author={Gasteiger, Johannes and Bojchevski, Aleksandar and G{\"u}nnemann, Stephan},
  booktitle={ICLR},
  year={2018}
}


@article{digcn,
  title={Digraph inception convolutional networks},
  author={Tong, Zekun and Liang, Yuxuan and Sun, Changsheng and Li, Xinke and Rosenblum, David and Lim, Andrew},
  journal={NeurIPS},
  volume={33},
  pages={17907--17918},
  year={2020}
}

@article{magnet,
  title={Magnet: A neural network for directed graphs},
  author={Zhang, Xitong and He, Yixuan and Brugnone, Nathan and Perlmutter, Michael and Hirn, Matthew},
  journal={NeurIPS},
  volume={34},
  pages={27003--27015},
  year={2021}
}


@article{GFT_SVD,
  title={Graph Fourier transform based on singular value decomposition of the directed Laplacian},
  author={Chen, Yang and Cheng, Cheng and Sun, Qiyu},
  journal={Sampling Theory, Signal Processing, and Data Analysis},
  volume={21},
  number={2},
  pages={24},
  year={2023},
  publisher={Springer}
}

@inproceedings{dpyg,
  title={PyTorch Geometric Signed Directed: A Software Package on Graph Neural Networks for Signed and Directed Graphs},
  author={He, Yixuan and Zhang, Xitong and Huang, Junjie and Rozemberczki, Benedek and Cucuringu, Mihai and Reinert, Gesine},
  booktitle={LoG},
  year={2023}
}

@inproceedings{li2023evaluating,
  title={Evaluating Graph Neural Networks for Link Prediction: Current Pitfalls and New Benchmarking},
  author={Li, Juanhui and Shomer, Harry and Mao, Haitao and Zeng, Shenglai and Ma, Yao and Shah, Neil and Tang, Jiliang and Yin, Dawei},
  booktitle={NeurIPS},
  year={2023}
}

@article{sen2008citeseer,
  title={Collective classification in network data},
  author={Sen, Prithviraj and Namata, Galileo and Bilgic, Mustafa and Getoor, Lise and Galligher, Brian and Eliassi-Rad, Tina},
  journal={AI magazine},
  volume={29},
  number={3},
  pages={93--93},
  year={2008}
}

@article{mccallum2000cora_ml,
  title={Automating the construction of internet portals with machine learning},
  author={McCallum, Andrew Kachites and Nigam, Kamal and Rennie, Jason and Seymore, Kristie},
  journal={Information Retrieval},
  volume={3},
  pages={127--163},
  year={2000},
  publisher={Springer}
}

@article{shchur2018computerandphoto,
             title={Pitfalls of Graph Neural Network Evaluation}, 
             author={Shchur, Oleksandr and Mumme, Maximilian and Bojchevski, Aleksandar and G{\"u}nnemann, Stephan},
             journal={Relational Representation Learning Workshop, NeurIPS 2018},
             year={2018}
} 

@inproceedings{ordozgoiti2020slash,
  title={Finding large balanced subgraphs in signed networks},
  author={Ordozgoiti, Bruno and Matakos, Antonis and Gionis, Aristides},
  booktitle={Proceedings of The Web Conference 2020},
  pages={1378--1388},
  year={2020}
}

@inproceedings{massa2005epinion,
  title={Controversial users demand local trust metrics: An experimental study on epinions. com community},
  author={Massa, Paolo and Avesani, Paolo},
  booktitle={AAAI},
  volume={1},
  pages={121--126},
  year={2005}
}

@article{mernyei2020wiki,
  title={Wiki-CS: A Wikipedia-Based Benchmark for Graph Neural Networks},
  author={Mernyei, P{\'e}ter and Cangea, C{\u{a}}t{\u{a}}lina},
  journal={arXiv preprint arXiv:2007.02901},
  year={2020}
}

@inproceedings{bojchevski2018cora_ml,
  title={Deep Gaussian Embedding of Graphs: Unsupervised Inductive Learning via Ranking},
  author={Bojchevski, Aleksandar and G{\"u}nnemann, Stephan},
  booktitle={ICLR},
  year={2018}
}


@inproceedings{fan2019graph,
  title={Graph neural networks for social recommendation},
  author={Fan, Wenqi and Ma, Yao and Li, Qing and He, Yuan and Zhao, Eric and Tang, Jiliang and Yin, Dawei},
  booktitle={The world wide web conference},
  pages={417--426},
  year={2019}
}

@article{liu2022federated,
  title={Federated social recommendation with graph neural network},
  author={Liu, Zhiwei and Yang, Liangwei and Fan, Ziwei and Peng, Hao and Yu, Philip S},
  journal={ACM Transactions on Intelligent Systems and Technology (TIST)},
  volume={13},
  number={4},
  pages={1--24},
  year={2022},
  publisher={ACM New York, NY}
}

@article{wu2022graph,
  title={Graph neural networks in recommender systems: a survey},
  author={Wu, Shiwen and Sun, Fei and Zhang, Wentao and Xie, Xu and Cui, Bin},
  journal={ACM Computing Surveys},
  volume={55},
  number={5},
  pages={1--37},
  year={2022},
  publisher={ACM New York, NY}
}

@inproceedings{gao2022graph,
  title={Graph neural networks for recommender system},
  author={Gao, Chen and Wang, Xiang and He, Xiangnan and Li, Yong},
  booktitle={WSDM},
  pages={1623--1625},
  year={2022}
}

@article{jiang2021could,
  title={Could graph neural networks learn better molecular representation for drug discovery? A comparison study of descriptor-based and graph-based models},
  author={Jiang, Dejun and Wu, Zhenxing and Hsieh, Chang-Yu and Chen, Guangyong and Liao, Ben and Wang, Zhe and Shen, Chao and Cao, Dongsheng and Wu, Jian and Hou, Tingjun},
  journal={Journal of cheminformatics},
  volume={13},
  number={1},
  pages={1--23},
  year={2021},
  publisher={BioMed Central}
}

@inproceedings{Uni-Mol,
  title={Uni-Mol: A Universal 3D Molecular Representation Learning Framework},
  author={Zhou, Gengmo and Gao, Zhifeng and Ding, Qiankun and Zheng, Hang and Xu, Hongteng and Wei, Zhewei and Zhang, Linfeng and Ke, Guolin},
  booktitle={ICLR},
  year={2023}
}

@article{chebnet,
  title={Convolutional neural networks on graphs with fast localized spectral filtering},
  author={Defferrard, Micha{\"e}l and Bresson, Xavier and Vandergheynst, Pierre},
  journal={NeurIPS},
  volume={29},
  year={2016}
}

@inproceedings{gat,
  title={Graph Attention Networks},
  author={Veli{\v{c}}kovi{\'c}, Petar and Cucurull, Guillem and Casanova, Arantxa and Romero, Adriana and Li{\`o}, Pietro and Bengio, Yoshua},
  booktitle={ICLR},
  year={2018}
}

@article{graphsage,
  title={Inductive representation learning on large graphs},
  author={Hamilton, Will and Ying, Zhitao and Leskovec, Jure},
  journal={NeurIPS},
  volume={30},
  year={2017}
}


@inproceedings{holonets,
  title={HoloNets: Spectral Convolutions do extend to Directed Graphs},
  author={Koke, Christian and Cremers, Daniel},
  booktitle={ICLR},
  year={2024}
}

@inproceedings{gprgnn,
title={Adaptive Universal Generalized PageRank Graph Neural Network},
author={Eli Chien and Jianhao Peng and Pan Li and Olgica Milenkovic},
booktitle={ICLR},
year={2021},
}


@inproceedings{appnp,
  title={Predict then propagate: Graph neural networks meet personalized pagerank},
  author={Gasteiger, Johannes and Bojchevski, Aleksandar and G{\"u}nnemann, Stephan},
  booktitle={ICLR},
  year={2019}
}


@article{chebnetii,
  title={Convolutional neural networks on graphs with chebyshev approximation, revisited},
  author={He, Mingguo and Wei, Zhewei and Wen, Ji-Rong},
  journal={NeurIPS},
  volume={35},
  pages={7264--7276},
  year={2022}
}

@article{bernnet,
  title={Bernnet: Learning arbitrary graph spectral filters via bernstein approximation},
  author={He, Mingguo and Wei, Zhewei and Xu, Hongteng and others},
  journal={NeurIPS},
  volume={34},
  pages={14239--14251},
  year={2021}
}

@inproceedings{jacobiconv,
  title={How powerful are spectral graph neural networks},
  author={Wang, Xiyuan and Zhang, Muhan},
  booktitle={ICML},
  pages={23341--23362},
  year={2022},
  organization={PMLR}
}

@inproceedings{optbasis,
  title={Graph Neural Networks with Learnable and Optimal Polynomial Bases},
  author={Guo, Yuhe and Wei, Zhewei},
  booktitle={ICML},
  year={2023},
  organization={PMLR}
}


@article{dgcn-tong,
  title={Directed graph convolutional network},
  author={Tong, Zekun and Liang, Yuxuan and Sun, Changsheng and Rosenblum, David S and Lim, Andrew},
  journal={arXiv preprint arXiv:2004.13970},
  year={2020}
}

@article{ogb,
  title={Open graph benchmark: Datasets for machine learning on graphs},
  author={Hu, Weihua and Fey, Matthias and Zitnik, Marinka and Dong, Yuxiao and Ren, Hongyu and Liu, Bowen and Catasta, Michele and Leskovec, Jure},
  journal={NeurIPS},
  volume={33},
  pages={22118--22133},
  year={2020}
}

@book{golub2013matrix,
  title={Matrix computations},
  author={Golub, Gene H and Van Loan, Charles F},
  year={2013},
  publisher={JHU press}
}

@article{katz1953new,
  title={A new status index derived from sociometric analysis},
  author={Katz, Leo},
  journal={Psychometrika},
  volume={18},
  number={1},
  pages={39--43},
  year={1953},
  publisher={Springer}
}

@article{yang2015evaluating,
  title={Evaluating link prediction methods},
  author={Yang, Yang and Lichtenwalter, Ryan N and Chawla, Nitesh V},
  journal={Knowledge and Information Systems},
  volume={45},
  pages={751--782},
  year={2015},
  publisher={Springer}
}

@article{dgcn-ma,
  title={Spectral-based graph convolutional network for directed graphs},
  author={Ma, Yi and Hao, Jianye and Yang, Yaodong and Li, Han and Jin, Junqi and Chen, Guangyong},
  journal={arXiv preprint arXiv:1907.08990},
  year={2019}
}

@inproceedings{motifnet,
  title={Motifnet: a motif-based graph convolutional network for directed graphs},
  author={Monti, Federico and Otness, Karl and Bronstein, Michael M},
  booktitle={2018 IEEE Data Science Workshop (DSW)},
  pages={225--228},
  year={2018},
  organization={IEEE}
}

@inproceedings{tf_digraph,
  title={Transformers meet directed graphs},
  author={Geisler, Simon and Li, Yujia and Mankowitz, Daniel J and Cemgil, Ali Taylan and G{\"u}nnemann, Stephan and Paduraru, Cosmin},
  booktitle={ICML},
  pages={11144--11172},
  year={2023},
  organization={PMLR}
}

@inproceedings{fractional,
  title={A Fractional Graph Laplacian Approach to Oversmoothing},
  author={Maskey, Sohir and Paolino, Raffaele and Bacho, Aras and Kutyniok, Gitta},
  booktitle={NeurIPS},
  year={2023}
}

@book{book_digraph,
  title={Digraphs: theory, algorithms and applications},
  author={Bang-Jensen, J{\o}rgen and Gutin, Gregory Z},
  year={2008},
  publisher={Springer Science \& Business Media}
}

@inproceedings{gcnii,
  title={Simple and deep graph convolutional networks},
  author={Chen, Ming and Wei, Zhewei and Huang, Zengfeng and Ding, Bolin and Li, Yaliang},
  booktitle={ICML},
  pages={1725--1735},
  year={2020},
  organization={PMLR}
}

@article{sagt,
  title={Spectral graph theory},
  author={Spielman, Daniel},
  journal={Combinatorial scientific computing},
  volume={18},
  pages={18},
  year={2012},
  publisher={CRC Press Boca Raton, Florida}
}

@inproceedings{hope,
  title={Asymmetric transitivity preserving graph embedding},
  author={Ou, Mingdong and Cui, Peng and Pei, Jian and Zhang, Ziwei and Zhu, Wenwu},
  booktitle={KDD},
  pages={1105--1114},
  year={2016}
}

@inproceedings{app,
  title={Scalable graph embedding for asymmetric proximity},
  author={Zhou, Chang and Liu, Yuqiong and Liu, Xiaofei and Liu, Zhongyi and Gao, Jun},
  booktitle={AAAI},
  year={2017}
}

@inproceedings{nerd,
  title={Node representation learning for directed graphs},
  author={Khosla, Megha and Leonhardt, Jurek and Nejdl, Wolfgang and Anand, Avishek},
  booktitle={ECML PKDD},
  pages={395--411},
  year={2020},
  organization={Springer}
}

@inproceedings{odin,
  title={Disentangling degree-related biases and interest for out-of-distribution generalized directed network embedding},
  author={Yoo, Hyunsik and Lee, Yeon-Chang and Shin, Kijung and Kim, Sang-Wook},
  booktitle={Proceedings of the ACM Web Conference 2023},
  pages={231--239},
  year={2023}
}

@inproceedings{dggan,
  title={Adversarial directed graph embedding},
  author={Zhu, Shijie and Li, Jianxin and Peng, Hao and Wang, Senzhang and He, Lifang},
  booktitle={AAAI},
  pages={4741--4748},
  year={2021}
}

@article{zhang2018link,
  title={Link prediction based on graph neural networks},
  author={Zhang, Muhan and Chen, Yixin},
  journal={NeurIPS},
  volume={31},
  year={2018}
}

@inproceedings{pengover,
  title={Beyond Over-smoothing: Uncovering the Trainability Challenges in Deep Graph Neural Networks},
  author={Peng, Jie and Lei, Runlin and Wei, Zhewei},
  booktitle={CIKM},
  pages={1878--1887},
  year={2024}
}

@article{wl,
  title={The reduction of a graph to canonical form and the algebra which appears therein},
  author={Weisfeiler, Boris and Leman, Andrei},
  journal={nti, Series},
  volume={2},
  number={9},
  pages={12--16},
  year={1968}
}

@article{pyg,
  title={Fast graph representation learning with PyTorch Geometric},
  author={Fey, Matthias and Lenssen, Jan Eric},
  journal={arXiv preprint arXiv:1903.02428},
  year={2019}
}

@inproceedings{strap,
  title={Scalable graph embeddings via sparse transpose proximities},
  author={Yin, Yuan and Wei, Zhewei},
  booktitle={KDD},
  pages={1429--1437},
  year={2019}
}

@inproceedings{arope,
  title={Arbitrary-order proximity preserved network embedding},
  author={Zhang, Ziwei and Cui, Peng and Wang, Xiao and Pei, Jian and Yao, Xuanrong and Zhu, Wenwu},
  booktitle={KDD},
  pages={2778--2786},
  year={2018}
}


@inproceedings{eltra,
  title={ELTRA: An Embedding Method based on Learning-to-Rank to Preserve Asymmetric Information in Directed Graphs},
  author={Hamedani, Masoud Rehyani and Ryu, Jin-Su and Kim, Sang-Wook},
  booktitle={CIKM},
  pages={2116--2125},
  year={2023}
}



@InProceedings{duplex,
  title = 	 {{DUPLEX}: Dual {GAT} for Complex Embedding of Directed Graphs},
  author =       {Ke, Zhaoru and Yu, Hang and Li, Jianguo and Zhang, Haipeng},
  booktitle = 	 {ICML},
  pages = 	 {23430--23448},
  year = 	 {2024}
}


@inproceedings{digae,
  title={Directed graph auto-encoders},
  author={Kollias, Georgios and Kalantzis, Vasileios and Id{\'e}, Tsuyoshi and Lozano, Aur{\'e}lie and Abe, Naoki},
  booktitle={AAAI},
  pages={7211--7219},
  year={2022}
}

@inproceedings{nddgnn,
  title     = {Exploring the Role of Node Diversity in Directed Graph Representation Learning},
  author    = {Huang, Jincheng and Mo, Yujie and Hu, Ping and Shi, Xiaoshuang and Yuan, Shangbo and Zhang, Zeyu and Zhu, Xiaofeng},
  booktitle = {IJCAI},
  pages     = {2072--2080},
  year      = {2024}
}


@inproceedings{gragae,
  title={Gravity-inspired graph autoencoders for directed link prediction},
  author={Salha, Guillaume and Limnios, Stratis and Hennequin, Romain and Tran, Viet-Anh and Vazirgiannis, Michalis},
  booktitle={CIKM},
  pages={589--598},
  year={2019}
}

@article{lightdic,
  title={LightDiC: A Simple Yet Effective Approach for Large-Scale Digraph Representation Learning},
  author={Li, Xunkai and Liao, Meihao and Wu, Zhengyu and Su, Daohan and Zhang, Wentao and Li, Rong-Hua and Wang, Guoren},
  journal={Proceedings of the VLDB Endowment},
  volume={17},
  number={7},
  pages={1542--1551},
  year={2024},
  publisher={VLDB Endowment}
}

@article{coba,
  title={Collaborative bi-aggregation for directed graph embedding},
  author={Liu, Linsong and Chen, Ke-Jia and Liu, Zheng},
  journal={Neural Networks},
  volume={164},
  pages={707--718},
  year={2023},
  publisher={Elsevier}
}


@inproceedings{blade,
  title={BLADE: Biased neighborhood sampling based graph neural network for directed graphs},
  author={Virinchi, Srinivas and Saladi, Anoop},
  booktitle={WSDM},
  pages={42--50},
  year={2023}
}

@inproceedings{dhypr,
  title={D-hypr: Harnessing neighborhood modeling and asymmetry preservation for digraph representation learning},
  author={Zhou, Honglu and Chegu, Advith and Sohn, Samuel S and Fu, Zuohui and De Melo, Gerard and Kapadia, Mubbasir},
  booktitle={CIKM},
  pages={2732--2742},
  year={2022}
}