@INPROCEEDINGS{10610519,
  author={Saha, Kallol and Mandadi, Vishal and Reddy, Jayaram and Srikanth, Ajit and Agarwal, Aditya and Sen, Bipasha and Singh, Arun and Krishna, Madhava},
  booktitle={2024 IEEE International Conference on Robotics and Automation (ICRA)}, 
  title={EDMP: Ensemble-of-costs-guided Diffusion for Motion Planning}, 
  year={2024},
  volume={},
  number={},
  pages={10351-10358},
  keywords={Training;Costs;Diffusion processes;Cost function;Planning;Trajectory;Robots},
  doi={10.1109/ICRA57147.2024.10610519}}

@ARTICLE{508439,
  author={Kavraki, L.E. and Svestka, P. and Latombe, J.-C. and Overmars, M.H.},
  journal={IEEE Transactions on Robotics and Automation}, 
  title={Probabilistic roadmaps for path planning in high-dimensional configuration spaces}, 
  year={1996},
  volume={12},
  number={4},
  pages={566-580},
  keywords={Path planning;Robots;Orbital robotics;Motion planning;Joining processes;Computer science;Layout;Workstations;Laboratories},
  doi={10.1109/70.508439}}

@INPROCEEDINGS{6385823,
  author={Augugliaro, Federico and Schoellig, Angela P. and D'Andrea, Raffaello},
  booktitle={2012 IEEE/RSJ International Conference on Intelligent Robots and Systems}, 
  title={Generation of collision-free trajectories for a quadrocopter fleet: A sequential convex programming approach}, 
  year={2012},
  volume={},
  number={},
  pages={1917-1922},
  keywords={Trajectory;Vehicles;Acceleration;Vehicle dynamics;Heuristic algorithms;Optimization;Approximation algorithms},
  doi={10.1109/IROS.2012.6385823}}

@INPROCEEDINGS{7140034,
  author={Chen, Yufan and Cutler, Mark and How, Jonathan P.},
  booktitle={2015 IEEE International Conference on Robotics and Automation (ICRA)}, 
  title={Decoupled multiagent path planning via incremental sequential convex programming}, 
  year={2015},
  volume={},
  number={},
  pages={5954-5961},
  keywords={Trajectory;Optimization;Vehicles;Time factors;Approximation algorithms;Approximation methods},
  doi={10.1109/ICRA.2015.7140034}}

@inproceedings{carvalho2023motion,
  title={Motion planning diffusion: Learning and planning of robot motions with diffusion models},
  author={Carvalho, Joao and Le, An T and Baierl, Mark and Koert, Dorothea and Peters, Jan},
  booktitle={2023 IEEE/RSJ International Conference on Intelligent Robots and Systems (IROS)},
  pages={1916--1923},
  year={2023},
  organization={IEEE}
}

@article{carvalho2024motion,
  title={Motion Planning Diffusion: Learning and Adapting Robot Motion Planning with Diffusion Models},
  author={Carvalho, Joao and Le, A and Kicki, Piotr and Koert, Dorothea and Peters, Jan},
  journal={arXiv preprint arXiv:2412.19948},
  year={2024}
}

@article{ichnowski2020deep,
  title={Deep learning can accelerate grasp-optimized motion planning},
  author={Ichnowski, Jeffrey and Avigal, Yahav and Satish, Vishal and Goldberg, Ken},
  journal={Science Robotics},
  volume={5},
  number={48},
  pages={eabd7710},
  year={2020},
  publisher={American Association for the Advancement of Science}
}

@article{janner2022planning,
  title={Planning with diffusion for flexible behavior synthesis},
  author={Janner, Michael and Du, Yilun and Tenenbaum, Joshua B and Levine, Sergey},
  journal={arXiv preprint arXiv:2205.09991},
  year={2022}
}

@article{lavalle1998rapidly,
  title={Rapidly-exploring random trees: A new tool for path planning},
  author={LaValle, Steven},
  journal={Research Report 9811},
  year={1998},
  publisher={Department of Computer Science, Iowa State University}
}

@inproceedings{li2019improved,
  title={Improved Heuristics for Multi-Agent Path Finding with Conflict-Based Search.},
  author={Li, Jiaoyang and Felner, Ariel and Boyarski, Eli and Ma, Hang and Koenig, Sven},
  booktitle={IJCAI},
  volume={2019},
  pages={442--449},
  year={2019}
}

@inproceedings{li2021eecbs,
  title={Eecbs: A bounded-suboptimal search for multi-agent path finding},
  author={Li, Jiaoyang and Ruml, Wheeler and Koenig, Sven},
  booktitle={Proceedings of the AAAI conference on artificial intelligence},
  volume={35},
  pages={12353--12362},
  year={2021}
}

@article{okumura2022ctrms,
  title={Ctrms: Learning to construct cooperative timed roadmaps for multi-agent path planning in continuous spaces},
  author={Okumura, Keisuke and Yonetani, Ryo and Nishimura, Mai and Kanezaki, Asako},
  journal={arXiv preprint arXiv:2201.09467},
  year={2022}
}

@article{okumura2022priority,
  title={Priority inheritance with backtracking for iterative multi-agent path finding},
  author={Okumura, Keisuke and Machida, Manao and D{\'e}fago, Xavier and Tamura, Yasumasa},
  journal={Artificial Intelligence},
  volume={310},
  pages={103752},
  year={2022},
  publisher={Elsevier}
}

@inproceedings{ratliff2009chomp,
  title={CHOMP: Gradient optimization techniques for efficient motion planning},
  author={Ratliff, Nathan and Zucker, Matt and Bagnell, J Andrew and Srinivasa, Siddhartha},
  booktitle={2009 IEEE international conference on robotics and automation},
  pages={489--494},
  year={2009},
  organization={IEEE}
}

@article{shaoul2024multi,
  title={Multi-Robot Motion Planning with Diffusion Models},
  author={Shaoul, Yorai and Mishani, Itamar and Vats, Shivam and Li, Jiaoyang and Likhachev, Maxim},
  journal={arXiv preprint arXiv:2410.03072},
  year={2024}
}

@inproceedings{stern2019multi,
  title={Multi-agent pathfinding: Definitions, variants, and benchmarks},
  author={Stern, Roni and Sturtevant, Nathan and Felner, Ariel and Koenig, Sven and Ma, Hang and Walker, Thayne and Li, Jiaoyang and Atzmon, Dor and Cohen, Liron and Kumar, TK and others},
  booktitle={Proceedings of the International Symposium on Combinatorial Search},
  volume={10},
  pages={151--158},
  year={2019}
}

@article{ubukata2024diffusion,
  title={Diffusion model for planning: A systematic literature review},
  author={Ubukata, Toshihide and Li, Jialong and Tei, Kenji},
  journal={arXiv preprint arXiv:2408.10266},
  year={2024}
}

