@inproceedings{christopher2024constrained,
  title={Constrained Synthesis with Projected Diffusion Models},
  author={Christopher, Jacob K and Baek, Stephen and Fioretto, Ferdinando},
  booktitle={The Thirty-eighth Annual Conference on Neural Information Processing Systems},
  year={2024}
}

@article{yang2023diffusion,
  title={Diffusion models: A comprehensive survey of methods and applications},
  author={Yang, Ling and Zhang, Zhilong and Song, Yang and Hong, Shenda and Xu, Runsheng and Zhao, Yue and Zhang, Wentao and Cui, Bin and Yang, Ming-Hsuan},
  journal={ACM Computing Surveys},
  volume={56},
  number={4},
  pages={1--39},
  year={2023},
  publisher={ACM New York, NY, USA}
}

@article{ho2020denoising,
  title={Denoising diffusion probabilistic models},
  author={Ho, Jonathan and Jain, Ajay and Abbeel, Pieter},
  journal={Advances in neural information processing systems},
  volume={33},
  pages={6840--6851},
  year={2020}
}

@article{okumura2022ctrms,
  title={Ctrms: Learning to construct cooperative timed roadmaps for multi-agent path planning in continuous spaces},
  author={Okumura, Keisuke and Yonetani, Ryo and Nishimura, Mai and Kanezaki, Asako},
  journal={arXiv preprint arXiv:2201.09467},
  year={2022}
}

@article{song2020score,
  title={Score-based generative modeling through stochastic differential equations},
  author={Song, Yang and Sohl-Dickstein, Jascha and Kingma, Diederik P and Kumar, Abhishek and Ermon, Stefano and Poole, Ben},
  journal={arXiv preprint arXiv:2011.13456},
  year={2020}
}

@ARTICLE{6795935,
  author={Vincent, Pascal},
  journal={Neural Computation}, 
  title={A Connection Between Score Matching and Denoising Autoencoders}, 
  year={2011},
  volume={23},
  number={7},
  pages={1661-1674},
  keywords={},
  doi={10.1162/NECO_a_00142}}

@inproceedings{welling2011bayesian,
  title={Bayesian learning via stochastic gradient Langevin dynamics},
  author={Welling, Max and Teh, Yee W},
  booktitle={Proceedings of the 28th international conference on machine learning (ICML-11)},
  pages={681--688},
  year={2011},
  organization={Citeseer}
}

@article{roberts1996exponential,
  title={Exponential convergence of Langevin distributions and their discrete approximations},
  author={Roberts, Gareth O and Tweedie, Richard L},
  journal={Bernoulli},
  volume={2},
  number={4},
  pages={341--363},
  year={1996}
}

@article{xu2018global,
  title={Global convergence of Langevin dynamics based algorithms for nonconvex optimization},
  author={Xu, Pan and Chen, Jinghui and Zou, Difan and Gu, Quanquan},
  journal={Advances in Neural Information Processing Systems},
  volume={31},
  year={2018}
}

@article{parikh2014proximal,
  title={Proximal algorithms},
  author={Parikh, Neal and Boyd, Stephen and others},
  journal={Foundations and trends{\textregistered} in Optimization},
  volume={1},
  number={3},
  pages={127--239},
  year={2014},
  publisher={Now Publishers, Inc.}
}

@article{boyd2011distributed,
  title={Distributed optimization and statistical learning via the alternating direction method of multipliers},
  author={Boyd, Stephen and Parikh, Neal and Chu, Eric and Peleato, Borja and Eckstein, Jonathan and others},
  journal={Foundations and Trends{\textregistered} in Machine learning},
  volume={3},
  number={1},
  pages={1--122},
  year={2011},
  publisher={Now Publishers, Inc.}
}
@inproceedings{stern2019multi,
  title={Multi-agent pathfinding: Definitions, variants, and benchmarks},
  author={Stern, Roni and Sturtevant, Nathan and Felner, Ariel and Koenig, Sven and Ma, Hang and Walker, Thayne and Li, Jiaoyang and Atzmon, Dor and Cohen, Liron and Kumar, TK and others},
  booktitle={Proceedings of the International Symposium on Combinatorial Search},
  volume={10},
  pages={151--158},
  year={2019}
}
@inproceedings{li2021eecbs,
  title={Eecbs: A bounded-suboptimal search for multi-agent path finding},
  author={Li, Jiaoyang and Ruml, Wheeler and Koenig, Sven},
  booktitle={Proceedings of the AAAI conference on artificial intelligence},
  volume={35},
  pages={12353--12362},
  year={2021}
}

@article{okumura2022priority,
  title={Priority inheritance with backtracking for iterative multi-agent path finding},
  author={Okumura, Keisuke and Machida, Manao and D{\'e}fago, Xavier and Tamura, Yasumasa},
  journal={Artificial Intelligence},
  volume={310},
  pages={103752},
  year={2022},
  publisher={Elsevier}
}

@article{shaoul2024multi,
  title={Multi-Robot Motion Planning with Diffusion Models},
  author={Shaoul, Yorai and Mishani, Itamar and Vats, Shivam and Li, Jiaoyang and Likhachev, Maxim},
  journal={arXiv preprint arXiv:2410.03072},
  year={2024}
}




@article{solis2021representation,
  title={Representation-optimal multi-robot motion planning using conflict-based search},
  author={Solis, Irving and Motes, James and Sandstr{\"o}m, Read and Amato, Nancy M},
  journal={IEEE Robotics and Automation Letters},
  volume={6},
  number={3},
  pages={4608--4615},
  year={2021},
  publisher={IEEE}
}

@INPROCEEDINGS{6385823,
  author={Augugliaro, Federico and Schoellig, Angela P. and D'Andrea, Raffaello},
  booktitle={2012 IEEE/RSJ International Conference on Intelligent Robots and Systems}, 
  title={Generation of collision-free trajectories for a quadrocopter fleet: A sequential convex programming approach}, 
  year={2012},
  volume={},
  number={},
  pages={1917-1922},
  keywords={Trajectory;Vehicles;Acceleration;Vehicle dynamics;Heuristic algorithms;Optimization;Approximation algorithms},
  doi={10.1109/IROS.2012.6385823}}

@INPROCEEDINGS{7140034,
  author={Chen, Yufan and Cutler, Mark and How, Jonathan P.},
  booktitle={2015 IEEE International Conference on Robotics and Automation (ICRA)}, 
  title={Decoupled multiagent path planning via incremental sequential convex programming}, 
  year={2015},
  volume={},
  number={},
  pages={5954-5961},
  keywords={Trajectory;Optimization;Vehicles;Time factors;Approximation algorithms;Approximation methods},
  doi={10.1109/ICRA.2015.7140034}}

@ARTICLE{10286111,
  author={Chen, Ruishuang and Liang, Zhihui and Cheng, Jie and You, Pengcheng and Yang, Zaiyue},
  journal={IEEE Control Systems Letters}, 
  title={Multi-Agent Cooperative Motion Planning Based on Alternating Direction Method of Multipliers}, 
  year={2023},
  volume={7},
  number={},
  pages={3307-3312},
  keywords={Planning;Couplings;Optimization;Optimal control;Convex functions;Heuristic algorithms;Linear programming;Alternating direction method of multipliers;motion planning;multi-agent system;optimal control},
  doi={10.1109/LCSYS.2023.3324663}}

@article{janner2022planning,
  title={Planning with diffusion for flexible behavior synthesis},
  author={Janner, Michael and Du, Yilun and Tenenbaum, Joshua B and Levine, Sergey},
  journal={arXiv preprint arXiv:2205.09991},
  year={2022}
}

@inproceedings{carvalho2023motion,
  title={Motion planning diffusion: Learning and planning of robot motions with diffusion models},
  author={Carvalho, Joao and Le, An T and Baierl, Mark and Koert, Dorothea and Peters, Jan},
  booktitle={2023 IEEE/RSJ International Conference on Intelligent Robots and Systems (IROS)},
  pages={1916--1923},
  year={2023},
  organization={IEEE}
}

@article{hopcroft1984complexity,
  title={On the Complexity of Motion Planning for Multiple Independent Objects; PSPACE-Hardness of the" Warehouseman's Problem"},
  author={Hopcroft, John E and Schwartz, Jacob Theodore and Sharir, Micha},
  journal={The international journal of robotics research},
  volume={3},
  number={4},
  pages={76--88},
  year={1984},
  publisher={Sage Publications Sage CA: Thousand Oaks, CA}
}

@inproceedings{li2021lifelong,
  title={Lifelong multi-agent path finding in large-scale warehouses},
  author={Li, Jiaoyang and Tinka, Andrew and Kiesel, Scott and Durham, Joseph W and Kumar, TK Satish and Koenig, Sven},
  booktitle={Proceedings of the AAAI Conference on Artificial Intelligence},
  volume={35},
  pages={11272--11281},
  year={2021}
}

@inproceedings{li2019improved,
  title={Improved Heuristics for Multi-Agent Path Finding with Conflict-Based Search.},
  author={Li, Jiaoyang and Felner, Ariel and Boyarski, Eli and Ma, Hang and Koenig, Sven},
  booktitle={IJCAI},
  volume={2019},
  pages={442--449},
  year={2019}
}

@article{chi2023diffusion,
  title={Diffusion policy: Visuomotor policy learning via action diffusion},
  author={Chi, Cheng and Xu, Zhenjia and Feng, Siyuan and Cousineau, Eric and Du, Yilun and Burchfiel, Benjamin and Tedrake, Russ and Song, Shuran},
  journal={The International Journal of Robotics Research},
  pages={02783649241273668},
  year={2023},
  publisher={SAGE Publications Sage UK: London, England}
}

@article{xiao2022motion,
  title={Motion planning and control for mobile robot navigation using machine learning: a survey},
  author={Xiao, Xuesu and Liu, Bo and Warnell, Garrett and Stone, Peter},
  journal={Autonomous Robots},
  volume={46},
  number={5},
  pages={569--597},
  year={2022},
  publisher={Springer}
}

@article{di2024learning,
  title={Learning To Solve Differential Equation Constrained Optimization Problems},
  author={Di Vito, Vincenzo and Mohammadian, Mostafa and Baker, Kyri and Fioretto, Ferdinando},
  journal={arXiv preprint arXiv:2410.01786},
  year={2024}
}

@inproceedings{kotary2022fast,
  title={Fast approximations for job shop scheduling: A lagrangian dual deep learning method},
  author={Kotary, James and Fioretto, Ferdinando and Van Hentenryck, Pascal},
  booktitle={Proceedings of the AAAI Conference on Artificial Intelligence},
  volume={36},
  pages={7239--7246},
  year={2022}
}

@INPROCEEDINGS{10611005,
  author={Heuer, Lukas and Palmieri, Luigi and Mannucci, Anna and Koenig, Sven and Magnusson, Martin},
  booktitle={2024 IEEE International Conference on Robotics and Automation (ICRA)}, 
  title={Benchmarking Multi-Robot Coordination in Realistic, Unstructured Human-Shared Environments}, 
  year={2024},
  volume={},
  number={},
  pages={14541-14547},
  keywords={Uncertainty;Navigation;Robot kinematics;Software algorithms;Benchmark testing;Prediction algorithms;Software},
  doi={10.1109/ICRA57147.2024.10611005}}

@article{song2019generative,
  title={Generative modeling by estimating gradients of the data distribution},
  author={Song, Yang and Ermon, Stefano},
  journal={Advances in neural information processing systems},
  volume={32},
  year={2019}
}

 @inproceedings{
    luo2024potential,
    title={Potential Based Diffusion Motion Planning},
    author={Yunhao Luo and Chen Sun and Joshua B. Tenenbaum and Yilun Du},
    booktitle={Forty-first International Conference on Machine Learning},
    url={https://openreview.net/forum?id=Qb68Rs0p9f},
    year={2024},
  }

@article{carvalho2024motion,
  title={Motion Planning Diffusion: Learning and Adapting Robot Motion Planning with Diffusion Models},
  author={Carvalho, Joao and Le, A and Kicki, Piotr and Koert, Dorothea and Peters, Jan},
  journal={arXiv preprint arXiv:2412.19948},
  year={2024}
}

@ARTICLE{508439,
  author={Kavraki, L.E. and Svestka, P. and Latombe, J.-C. and Overmars, M.H.},
  journal={IEEE Transactions on Robotics and Automation}, 
  title={Probabilistic roadmaps for path planning in high-dimensional configuration spaces}, 
  year={1996},
  volume={12},
  number={4},
  pages={566-580},
  keywords={Path planning;Robots;Orbital robotics;Motion planning;Joining processes;Computer science;Layout;Workstations;Laboratories},
  doi={10.1109/70.508439}}

@INPROCEEDINGS{844730,
  author={Kuffner, J.J. and LaValle, S.M.},
  booktitle={Proceedings 2000 ICRA. Millennium Conference. IEEE International Conference on Robotics and Automation. Symposia Proceedings (Cat. No.00CH37065)}, 
  title={RRT-connect: An efficient approach to single-query path planning}, 
  year={2000},
  volume={2},
  number={},
  pages={995-1001 vol.2},
  keywords={Path planning;Computer science;Space exploration;Algorithm design and analysis;Humans;Animation;Robotic assembly;Buildings;Tree graphs;Kinematics},
  doi={10.1109/ROBOT.2000.844730}}

@article{lavalle1998rapidly,
  title={Rapidly-exploring random trees: A new tool for path planning},
  author={LaValle, Steven},
  journal={Research Report 9811},
  year={1998},
  publisher={Department of Computer Science, Iowa State University}
}

@article{karaman2011sampling,
  title={Sampling-based algorithms for optimal motion planning},
  author={Karaman, Sertac and Frazzoli, Emilio},
  journal={The international journal of robotics research},
  volume={30},
  number={7},
  pages={846--894},
  year={2011},
  publisher={Sage Publications Sage UK: London, England}
}

@inproceedings{gammell2014informed,
  title={Informed RRT*: Optimal sampling-based path planning focused via direct sampling of an admissible ellipsoidal heuristic},
  author={Gammell, Jonathan D and Srinivasa, Siddhartha S and Barfoot, Timothy D},
  booktitle={2014 IEEE/RSJ international conference on intelligent robots and systems},
  pages={2997--3004},
  year={2014},
  organization={IEEE}
}

@article{ravankar2018path,
  title={Path smoothing techniques in robot navigation: State-of-the-art, current and future challenges},
  author={Ravankar, Abhijeet and Ravankar, Ankit A and Kobayashi, Yukinori and Hoshino, Yohei and Peng, Chao-Chung},
  journal={Sensors},
  volume={18},
  number={9},
  pages={3170},
  year={2018},
  publisher={MDPI}
}

@INPROCEEDINGS{10610519,
  author={Saha, Kallol and Mandadi, Vishal and Reddy, Jayaram and Srikanth, Ajit and Agarwal, Aditya and Sen, Bipasha and Singh, Arun and Krishna, Madhava},
  booktitle={2024 IEEE International Conference on Robotics and Automation (ICRA)}, 
  title={EDMP: Ensemble-of-costs-guided Diffusion for Motion Planning}, 
  year={2024},
  volume={},
  number={},
  pages={10351-10358},
  keywords={Training;Costs;Diffusion processes;Cost function;Planning;Trajectory;Robots},
  doi={10.1109/ICRA57147.2024.10610519}}

@article{ubukata2024diffusion,
  title={Diffusion model for planning: A systematic literature review},
  author={Ubukata, Toshihide and Li, Jialong and Tei, Kenji},
  journal={arXiv preprint arXiv:2408.10266},
  year={2024}
}

@inproceedings{nichol2021improved,
  title={Improved denoising diffusion probabilistic models},
  author={Nichol, Alexander Quinn and Dhariwal, Prafulla},
  booktitle={International conference on machine learning},
  pages={8162--8171},
  year={2021},
  organization={PMLR}
}

@book{lavalle2006planning,
  title={Planning algorithms},
  author={LaValle, Steven M},
  year={2006},
  publisher={Cambridge university press}
}

@INPROCEEDINGS{8460730,
  author={Ichter, Brian and Harrison, James and Pavone, Marco},
  booktitle={2018 IEEE International Conference on Robotics and Automation (ICRA)}, 
  title={Learning Sampling Distributions for Robot Motion Planning}, 
  year={2018},
  volume={},
  number={},
  pages={7087-7094},
  keywords={Planning;Robots;Probabilistic logic;Manifolds;Collision avoidance;Feature extraction;Acceleration},
  doi={10.1109/ICRA.2018.8460730}}

@article{wang2021survey,
  title={A survey of learning-based robot motion planning},
  author={Wang, Jiankun and Zhang, Tianyi and Ma, Nachuan and Li, Zhaoting and Ma, Han and Meng, Fei and Meng, Max Q-H},
  journal={IET Cyber-Systems and Robotics},
  volume={3},
  number={4},
  pages={302--314},
  year={2021},
  publisher={Wiley Online Library}
}

@ARTICLE{10122127,
  author={Teng, Siyu and Hu, Xuemin and Deng, Peng and Li, Bai and Li, Yuchen and Ai, Yunfeng and Yang, Dongsheng and Li, Lingxi and Xuanyuan, Zhe and Zhu, Fenghua and Chen, Long},
  journal={IEEE Transactions on Intelligent Vehicles}, 
  title={Motion Planning for Autonomous Driving: The State of the Art and Future Perspectives}, 
  year={2023},
  volume={8},
  number={6},
  pages={3692-3711},
  keywords={Planning;Pipelines;Behavioral sciences;Task analysis;Autonomous vehicles;Trajectory;Robustness;Motion planning;pipeline planning;end-to-end planning;imitation learning;reinforcement learning;parallel learning},
  doi={10.1109/TIV.2023.3274536}}

@article{ichnowski2020deep,
  title={Deep learning can accelerate grasp-optimized motion planning},
  author={Ichnowski, Jeffrey and Avigal, Yahav and Satish, Vishal and Goldberg, Ken},
  journal={Science Robotics},
  volume={5},
  number={48},
  pages={eabd7710},
  year={2020},
  publisher={American Association for the Advancement of Science}
}

@inproceedings{ratliff2009chomp,
  title={CHOMP: Gradient optimization techniques for efficient motion planning},
  author={Ratliff, Nathan and Zucker, Matt and Bagnell, J Andrew and Srinivasa, Siddhartha},
  booktitle={2009 IEEE international conference on robotics and automation},
  pages={489--494},
  year={2009},
  organization={IEEE}
}


@inproceedings{sohl2015deep,
  title={Deep unsupervised learning using nonequilibrium thermodynamics},
  author={Sohl-Dickstein, Jascha and Weiss, Eric and Maheswaranathan, Niru and Ganguli, Surya},
  booktitle={International conference on machine learning},
  pages={2256--2265},
  year={2015},
  organization={PMLR}
}
