@Inbook{MartinsMaciel2016,
author="Martins Maciel, Paulo Romero",
editor="Fiondella, Lance
and Puliafito, Antonio",
title="Modeling Availability Impact in Cloud Computing",
bookTitle="Principles of Performance and Reliability Modeling and Evaluation: Essays in Honor of Kishor Trivedi on his 70th Birthday",
year="2016",
publisher="Springer International Publishing",
address="Cham",
pages="287--320",
isbn="978-3-319-30599-8"
}

@inproceedings{aniello2017,
  title={A prototype evaluation of a tamper-resistant high performance blockchain-based transaction log for a distributed database},
  author={Aniello, Leonardo and Baldoni, Roberto and Gaetani, Edoardo and Lombardi, Federico and Margheri, Andrea and Sassone, Vladimiro},
  booktitle={2017 13th European Dependable Computing Conference (EDCC)},
  pages={151--154},
  year={2017},
  organization={IEEE}
}

@article{li2018blockchain,
  title={Blockchain queueing theory},
  author={Li, Quan-Lin and Ma, Jing-Yu and Chang, Yan-Xia},
  journal={arXiv preprint arXiv:1808.01795},
  year={2018}
}

@inproceedings{melo2018dependability,
  title={Dependability Evaluation of a Blockchain-as-a-Service Environment},
  author={Melo, Carlos and Dantas, Jamilson and Oliveira, Danilo and F{\'e}, Iure and Matos, Rubens and Dantas, Renata and Maciel, Ronierison and Maciel, Paulo},
  booktitle={2018 IEEE Symposium on Computers and Communications (ISCC)},
  pages={00909--00914},
  year={2018},
  organization={IEEE}
}

@article{melo2019,
  title={Models to evaluate service Provisioning over Cloud Computing Environments-A Blockchain-As-A-Service case study},
  author={Melo, Carlos and Dantas, Jamilson and Maciel, Ronierison and Silva, Paulo and Maciel, Paulo},
  journal={Revista de Inform{\'a}tica Te{\'o}rica e Aplicada},
  volume={26},
  number={3},
  pages={65--74},
  year={2019}
}

@INPROCEEDINGS{paulo2011, 
	author={Paulo Maciel and Kishor Trivedi and Rivalino Matias and Dong Kim}, 
	booktitle={Performance and Dependability in Service Computing: Concepts, Techniques and Research Directions}, 
	title={Dependability Modeling}, 
	year={2011} 
}

@inproceedings{pongnumkul2017performance,
  title={Performance analysis of private blockchain platforms in varying workloads},
  author={Pongnumkul, Suporn et. al.},
  booktitle={2017 26th International Conference on Computer Communication and Networks (ICCCN)},
  pages={1--6},
  year={2017},
  organization={IEEE}
}

@article{roehrs2019,
  title={Analyzing the performance of a blockchain-based personal health record implementation},
  author={Roehrs, Alex and da Costa, Cristiano Andr{\'e} and da Rosa Righi, Rodrigo and da Silva, Valter Ferreira and Goldim, Jos{\'e} Roberto and Schmidt, Douglas C},
  journal={Journal of biomedical informatics},
  volume={92},
  pages={103140},
  year={2019},
  publisher={Elsevier}
}

@inproceedings{sukhwani2017performance,
  title={Performance modeling of pbft consensus process for permissioned blockchain network (hyperledger fabric)},
  author={Sukhwani, Harish and Mart{\'\i}nez, Jos{\'e} M and Chang, Xiaolin and Trivedi, Kishor S and Rindos, Andy},
  booktitle={2017 IEEE 36th Symposium on Reliable Distributed Systems (SRDS)},
  pages={253--255},
  year={2017},
  organization={IEEE}
}

@inproceedings{sukhwani2018performance,
  title={Performance Modeling of Hyperledger Fabric (Permissioned Blockchain Network)},
  author={Sukhwani, Harish and Wang, Nan and Trivedi, Kishor S and Rindos, Andy},
  booktitle={2018 IEEE 17th International Symposium on Network Computing and Applications (NCA)},
  pages={1--8},
  year={2018},
  organization={IEEE}
}

@article{torquato2175models,
  title={Models for capacity oriented availability evaluation of a private cloud},
  author={Torquato, Matheus and Torquato, Lucas and Maciel, Paulo},
  journal={Revista de Inform{\'a}tica Te orica e Aplicada-RITA-ISSN},
  volume={2175},
  pages={2745}
}

@INPROCEEDINGS{weber2017,
author={I. Weber and V. Gramoli and A. Ponomarev and M. Staples and R. Holz and A. B. Tran and P. Rimba},
booktitle={2017 IEEE 36th Symposium on Reliable Distributed Systems (SRDS)},
title={On Availability for Blockchain-Based Systems},
year={2017},
volume={},
number={},
pages={64-73},
keywords={mainstream blockchains;Ethereum;read availability;transaction management;inherent blockchain design;blockchain technology;blockchain-based systems;Bitcoin;write availability;Bitcoin;Contracts;Delays;Australia;Software},
doi={10.1109/SRDS.2017.15},
ISSN={},
month={Sept},}

@inproceedings{zhang2018method,
  title={A method to predict the performance and storage of executing contract for ethereum consortium-blockchain},
  author={Zhang, Huijuan and Jin, Chengxin and Cui, Hejie},
  booktitle={International Conference on Blockchain},
  pages={63--74},
  year={2018},
  organization={Springer}
}

