% This file was created with JabRef 2.10.
% Encoding: Cp1252
@inproceedings{cachin2016architecture,
  title={Architecture of the hyperledger blockchain fabric},
  author={Cachin, Christian},
  booktitle={Workshop on distributed cryptocurrencies and consensus ledgers},
  volume={310},
  pages={4},
  year={2016}
}

@inproceedings{melo2017capacity,
  title={Capacity-Oriented Availability Model for Resources Estimation on Private Cloud Infrastructure},
  author={Melo, Carlos and Matos, Rubens and Dantas, Jamilson and Maciel, Paulo},
  booktitle={Dependable Computing (PRDC), 2017 IEEE 22nd Pacific Rim International Symposium on},
  pages={255--260},
  year={2017},
  organization={IEEE}
}

@inproceedings{ohmann2014achieving,
  title={Achieving high availability in wireless networks by an optimal number of Rayleigh-fading links},
  author={{\"O}hmann, David and Simsek, Meryem and Fettweis, Gerhard P},
  booktitle={2014 IEEE Globecom Workshops (GC Wkshps)},
  pages={1402--1407},
  year={2014},
  organization={IEEE}
}

@article{dantas2019,
  title={Cloud Infrastructure Planning: Models Considering an Optimization Method, Cost and Performance Requirements},
  author={Dantas, Jamilson and Matos, Rubens and Melo, Carlos and Maciel, Paulo},
  journal={International Journal of Grid and Utility Computing},
  year={2020},
  publisher={Inderscience Publishers (IEL)}
}

@inproceedings{zhang2018method,
  title={A method to predict the performance and storage of executing contract for ethereum consortium-blockchain},
  author={Zhang, Huijuan and Jin, Chengxin and Cui, Hejie},
  booktitle={International Conference on Blockchain},
  pages={63--74},
  year={2018},
  organization={Springer}
}

@book{hightower2017kubernetes,
  title={Kubernetes: up and running: dive into the future of infrastructure},
  author={Hightower, Kelsey and Burns, Brendan and Beda, Joe},
  year={2017},
  publisher={" O'Reilly Media, Inc."}
}

@article{torquato2175models,
  title={Models for capacity oriented availability evaluation of a private cloud},
  author={Torquato, Matheus and Torquato, Lucas and Maciel, Paulo},
  journal={Revista de Inform{\'a}tica Te orica e Aplicada-RITA-ISSN},
  volume={2175},
  pages={2745}
}

@inproceedings{aniello2017,
  title={A prototype evaluation of a tamper-resistant high performance blockchain-based transaction log for a distributed database},
  author={Aniello, Leonardo and Baldoni, Roberto and Gaetani, Edoardo and Lombardi, Federico and Margheri, Andrea and Sassone, Vladimiro},
  booktitle={2017 13th European Dependable Computing Conference (EDCC)},
  pages={151--154},
  year={2017},
  organization={IEEE}
}

@article{roehrs2019,
  title={Analyzing the performance of a blockchain-based personal health record implementation},
  author={Roehrs, Alex and da Costa, Cristiano Andr{\'e} and da Rosa Righi, Rodrigo and da Silva, Valter Ferreira and Goldim, Jos{\'e} Roberto and Schmidt, Douglas C},
  journal={Journal of biomedical informatics},
  volume={92},
  pages={103140},
  year={2019},
  publisher={Elsevier}
}

@inproceedings{onik2019,
  title={Performance Analytical Comparison of Blockchain-as-a-Service (BaaS) Platforms},
  author={Onik, Md Mehedi Hassan and Miraz, Mahdi H},
  booktitle={International Conference for Emerging Technologies in Computing},
  pages={3--18},
  year={2019},
  organization={Springer}
}

@article{melo2019,
  title={Models to evaluate service Provisioning over Cloud Computing Environments-A Blockchain-As-A-Service case study},
  author={Melo, Carlos and Dantas, Jamilson and Maciel, Ronierison and Silva, Paulo and Maciel, Paulo},
  journal={Revista de Inform{\'a}tica Te{\'o}rica e Aplicada},
  volume={26},
  number={3},
  pages={65--74},
  year={2019}
}

@article{matos2017redundant,
  title={Redundant eucalyptus private clouds: availability modeling and sensitivity analysis},
  author={Matos, Rubens and Dantas, Jamilson and Araujo, Jean and Trivedi, Kishor S and Maciel, Paulo},
  journal={Journal of Grid Computing},
  volume={15},
  number={1},
  pages={1--22},
  year={2017},
  publisher={Springer}
}

@article{buterin2013ethereum,
  title={Ethereum white paper},
  author={Buterin, Vitalik and others},
  journal={GitHub repository},
  volume={1},
  pages={22--23},
  year={2013}
}

@book{arundel2019cloud,
  title={Cloud Native DevOps with Kubernetes: Building, Deploying, and Scaling Modern Applications in the Cloud},
  author={Arundel, John and Domingus, Justin},
  year={2019},
  publisher={O'Reilly Media}
}

@article{whitt2006sensitivity,
  title={Sensitivity of performance in the Erlang-A queueing model to changes in the model parameters},
  author={Whitt, Ward},
  journal={Operations research},
  volume={54},
  number={2},
  pages={247--260},
  year={2006},
  publisher={INFORMS}
}

@book{gaur2018hands,
  title={Hands-On Blockchain with Hyperledger: Building decentralized applications with Hyperledger Fabric and Composer},
  author={Gaur, Nitin and Desrosiers, Luc and Ramakrishna, Venkatraman and Novotny, Petr and Baset, Salman A and O'Dowd, Anthony},
  year={2018},
  publisher={Packt Publishing Ltd}
}
@inproceedings{ribas_modeling_2015,
	address = {Ottawa, ON, Canada},
	title = {Modeling the use of spot instances for cost reduction in cloud computing adoption using a {Petri} net framework},
	isbn = {978-1-4799-8241-7},
	url = {http://ieeexplore.ieee.org/document/7140507/},
	doi = {10.1109/INM.2015.7140507},
	abstract = {An effective decision-making about using Infrastructure as a Service (IaaS) resources in cloud computing projects is still a challenge to managers. We need to optimize resources use in cloud services, to obtain financial success in cloud projects. In this work, we propose a petri net framework to model possible cost savings using public clouds spot instances pricing scheme. The results from initial simulations indicate that spot instances can be a very interesting option for savings in autoscaling process.},
	language = {en},
	urldate = {2019-06-14},
	booktitle = {2015 {IFIP}/{IEEE} {International} {Symposium} on {Integrated} {Network} {Management} ({IM})},
	publisher = {IEEE},
	author = {Ribas, Maristella and Furtado, C. G. and Barroso, Giovanni and Lima, Alberto S. and Souza, Neuman and Moura, Antao},
	month = may,
	year = {2015},
	pages = {1428--1433},
	file = {Ribas et al. - 2015 - Modeling the use of spot instances for cost reduct.pdf:C\:\\Users\\casm\\Zotero\\storage\\5EH3QKEQ\\Ribas et al. - 2015 - Modeling the use of spot instances for cost reduct.pdf:application/pdf}
}

@article{callou_integrated_2014,
	title = {An {Integrated} {Modeling} {Approach} to {Evaluate} and {Optimize} {Data} {Center} {Sustainability}, {Dependability} and {Cost}},
	volume = {7},
	issn = {1996-1073},
	url = {http://www.mdpi.com/1996-1073/7/1/238},
	doi = {10.3390/en7010238},
	abstract = {Data centers have evolved dramatically in recent years, due to the advent of social networking services, e-commerce and cloud computing. The conﬂicting requirements are the high availability levels demanded against the low sustainability impact and cost values. The approaches that evaluate and optimize these requirements are essential to support designers of data center architectures. Our work aims to propose an integrated approach to estimate and optimize these issues with the support of the developed environment, Mercury. Mercury is a tool for dependability, performance and energy ﬂow evaluation. The tool supports reliability block diagrams (RBD), stochastic Petri nets (SPNs), continuous-time Markov chains (CTMC) and energy ﬂow (EFM) models. The EFM veriﬁes the energy ﬂow on data center architectures, taking into account the energy efﬁciency and power capacity that each device can provide (assuming power systems) or extract (considering cooling components). The EFM also estimates the sustainability impact and cost issues of data center architectures. Additionally, a methodology is also considered to support the modeling, evaluation and optimization processes. Two case studies are presented to illustrate the adopted methodology on data center power systems.},
	language = {en},
	number = {1},
	urldate = {2019-06-14},
	journal = {Energies},
	author = {Callou, Gustavo and Ferreira, João and Maciel, Paulo and Tutsch, Dietmar and Souza, Rafael},
	month = jan,
	year = {2014},
	pages = {238--277},
	file = {Callou et al. - 2014 - An Integrated Modeling Approach to Evaluate and Op.pdf:C\:\\Users\\casm\\Zotero\\storage\\XTM9MYPP\\Callou et al. - 2014 - An Integrated Modeling Approach to Evaluate and Op.pdf:application/pdf}
}

@inproceedings{fe_stochastic_2017,
	address = {Banff, AB},
	title = {Stochastic model of performance and cost for auto-scaling planning in public cloud},
	isbn = {978-1-5386-1645-1},
	url = {http://ieeexplore.ieee.org/document/8122926/},
	doi = {10.1109/SMC.2017.8122926},
	abstract = {Cloud computing has the potential to reduce the cost of systems on the Internet. Elasticity mechanisms, such as autoscaling, enable avoiding wastes, delivering only the necessary resources. Deﬁning and implementing an efﬁcient auto-scaling policy is a complex task that depends on the parameter setting, types of VM contracts and the expected workload. All those variables must be taken into account when establishing the tradeoffs between performance and cost to fulﬁll a given servicelevel agreement (SLA). We propose a stochastic model to assist in cloud planning. The model was validated for a set of signiﬁcant scenarios by comparing the respective model’s results with those obtained from real system measurements. This model takes as input the auto-scaling conﬁguration parameters and the time between user requests. The proposed model is employed to compute throughput, mean response time, and cost of the cloud computing infrastructure setup. A sensitivity analysis was also conducted for identifying the parameters impact on the system performance.},
	language = {en},
	urldate = {2019-06-14},
	booktitle = {2017 {IEEE} {International} {Conference} on {Systems}, {Man}, and {Cybernetics} ({SMC})},
	publisher = {IEEE},
	author = {Fe, Iure and Matos, Rubens and Dantas, Jamilson and Melo, Carlos and Maciel, Paulo},
	month = oct,
	year = {2017},
	pages = {2081--2086},
	file = {Fe et al. - 2017 - Stochastic model of performance and cost for auto-.pdf:C\:\\Users\\casm\\Zotero\\storage\\Y484UDVL\\Fe et al. - 2017 - Stochastic model of performance and cost for auto-.pdf:application/pdf}
}

@article{sousa_modeling_2016,
	title = {A {MODELING} {STRATEGY} {FOR} {CLOUD} {INFRASTRUCTURE} {PLANNING} {CONSIDERING} {PERFORMANCE} {AND} {COST} {REQUIREMENTS}},
	volume = {4},
	abstract = {Cloud computing is a model that allows resources to be offered as services over the Internet. Due to dynamic and virtualized nature of cloud environments and diversity of client requests, providing the expected service quality while avoiding over-provisioning is not a simple task. To ensure that the provisioned service is acceptable, providers must exploit techniques and mechanisms that guarantee a minimum level of service quality. The performance evaluation of cloud infrastructures has been receiving considerable attention by providers as a prominent activity for improving service quality. This paper presents a methodology, representation models and an optimization model for cloud infrastructures planning. The proposed methodology and models aim to provide support for the planning and selection of cloud infrastructures according to performance and cost requirements. The optimization model generates cloud infrastructures with different hardware and software configurations and these infrastructures are represented using SPN and cost models. Using the proposed technique, performance metrics allows the selection of cloud infrastructures that meet the client requirements. A case study based on Eucalyptus platform is adopted to demonstrate the feasibility of the methodology and models.},
	language = {en},
	number = {1},
	author = {Sousa, Erica and Lins, Fernando and Tavares, Eduardo and Maciel, Paulo},
	year = {2016},
	pages = {14},
	file = {Sousa et al. - 2016 - A MODELING STRATEGY FOR CLOUD INFRASTRUCTURE PLANN.pdf:C\:\\Users\\casm\\Zotero\\storage\\AM5AVUQS\\Sousa et al. - 2016 - A MODELING STRATEGY FOR CLOUD INFRASTRUCTURE PLANN.pdf:application/pdf}
}

@article{costa2016availability,
  title={Availability Evaluation and Sensitivity Analysis of a Mobile Backend-as-a-service Platform},
  author={Costa, Igor and Araujo, Jean and Dantas, Jamilson and Campos, Eliomar and Silva, Francisco Airton and Maciel, Paulo},
  journal={Quality and Reliability Engineering International},
  volume={32},
  number={7},
  pages={2191--2205},
  year={2016},
  publisher={Wiley Online Library}
}

@inproceedings{pongnumkul2017performance,
  title={Performance analysis of private blockchain platforms in varying workloads},
  author={Pongnumkul, Suporn et. al.},
  booktitle={2017 26th International Conference on Computer Communication and Networks (ICCCN)},
  pages={1--6},
  year={2017},
  organization={IEEE}
}

@inproceedings{sukhwani2017performance,
  title={Performance modeling of pbft consensus process for permissioned blockchain network (hyperledger fabric)},
  author={Sukhwani, Harish and Mart{\'\i}nez, Jos{\'e} M and Chang, Xiaolin and Trivedi, Kishor S and Rindos, Andy},
  booktitle={2017 IEEE 36th Symposium on Reliable Distributed Systems (SRDS)},
  pages={253--255},
  year={2017},
  organization={IEEE}
}

@misc{amazon2020,
  title={What is Cloud Computing?},
  author={Amazon},
  year={2020},
  URL = {https://aws.amazon.com/pt/what-is-cloud-computing/}
}

@misc{scherer2017performance,
  title={Performance and scalability of blockchain networks and smart contracts},
  author={Scherer, Mattias},
  year={2017}
}

@inproceedings{nakashima2017automation,
  title={An automation method of sla contract of web apis and its platform based on blockchain concept},
  author={Nakashima, Hiroki and Aoyama, Mikio},
  booktitle={2017 IEEE International Conference on Cognitive Computing (ICCC)},
  pages={32--39},
  year={2017},
  organization={IEEE}
}

@inproceedings{suankaewmanee2018performance,
  title={Performance analysis and application of mobile blockchain},
  author={Suankaewmanee, Kongrath and Hoang, Dinh Thai and Niyato, Dusit and Sawadsitang, Suttinee and Wang, Ping and Han, Zhu},
  booktitle={2018 international conference on computing, networking and communications (ICNC)},
  pages={642--646},
  year={2018},
  organization={IEEE}
}

@article{li2018blockchain,
  title={Blockchain queueing theory},
  author={Li, Quan-Lin and Ma, Jing-Yu and Chang, Yan-Xia},
  journal={arXiv preprint arXiv:1808.01795},
  year={2018}
}

@inproceedings{yu2018high,
  title={A high performance blockchain platform for intelligent devices},
  author={Yu, Shitang and Lv, Kun and Shao, Zhou and Guo, Yingcheng and Zou, Jun and Zhang, Bo},
  booktitle={2018 1st IEEE International Conference on Hot Information-Centric Networking (HotICN)},
  pages={260--261},
  year={2018},
  organization={IEEE}
}

@inproceedings{sukhwani2018performance,
  title={Performance Modeling of Hyperledger Fabric (Permissioned Blockchain Network)},
  author={Sukhwani, Harish and Wang, Nan and Trivedi, Kishor S and Rindos, Andy},
  booktitle={2018 IEEE 17th International Symposium on Network Computing and Applications (NCA)},
  pages={1--8},
  year={2018},
  organization={IEEE}
}


@INPROCEEDINGS{silva2017, 
author={P. Maciel and R. Matos and B. Silva and J. Figueiredo and D. Oliveira and I. Fé and R. Maciel and J. Dantas}, 
booktitle={2017 IEEE 22nd Pacific Rim International Symposium on Dependable Computing (PRDC)}, 
title={Mercury: Performance and Dependability Evaluation of Systems with Exponential, Expolynomial, and General Distributions}, 
year={2017}, 
volume={}, 
number={}, 
pages={50-57}, 
keywords={graphical user interfaces;numerical analysis;software metrics;software packages;software reliability;software tools;statistical distributions;VoD system;video on demand;packet loss;numerical analysis;probability distributions;exponential distributions;application programming interface;API;command-line interface;script language;graphical user interface;energy flow models;continuous time Markov Chains;stochastic Petri Nets;reliability block diagrams;Mercury tool;metrics;software packages;simulation tools;stochastic modeling;general systems;expolynomial;dependability evaluation;Computational modeling;Measurement;Numerical models;Analytical models;Mathematical model;Graphical user interfaces;Reliability}, 
doi={10.1109/PRDC.2017.16}, 
ISSN={2473-3105}, 
month={Jan},}

@book{montgomery2006,
		author = {Montgomery, Douglas C.},
		title = {Design and Analysis of Experiments},
		year = {2006},
		isbn = {0470088109},
		publisher = {John Wiley \& Sons},
	}

@ARTICLE{Malhora1994, 
	author={Malhotra, M. and Trivedi, K.S.}, 
	journal={Reliability, IEEE Transactions on}, 
	title={Power-hierarchy of dependability-model types}, 
	year={1994}, 
	volume={43}, 
	number={3}, 
	pages={493-502}, 
	keywords={Markov processes;Petri nets;failure analysis;fault tolerant computing;multiprocessing systems;reliability;reliability theory;Markov reward models;combinatorial model;continuous-time Markov chains;dependability models;exponential failure distributions;fault tolerant computing;fault trees;generalized stochastic Petri nets;modeling power;multiprocessor system;reliability graphs;repair-time distributions;repeated events;stochastic reward nets;Application software;Availability;Computer network reliability;Fault tolerant systems;Fault trees;Mathematical model;Petri nets;Power system modeling;Power system reliability;Stochastic processes}, 
	doi={10.1109/24.326452}, 
	ISSN={0018-9529}, 
	month={Sep}
	}
	
@book{maciel1996,
	title = {Uma Introducao as Redes de Petri e Aplicacoes},
	author = {Paulo Maciel and Rafael Lins and Paulo Cunha},
	pages = {213},
	year = {1996},
	publisher = {Sociedade Brasileira de Computacao}
	
}

@MISC{Trivedi1996,
	author = {Kishor S. Trivedi and Steve Hunter and Sachin Garg and Ricardo Fricks},
	title = {Reliability Analysis Techniques Explored Through a Communication Network Example},
	year = {1996}
}

@INPROCEEDINGS{ sousa2009,
	AUTHOR = "Erica Sousa and Paulo Romero Martins Maciel and Carlos Araújo and Gabriel Alves and Fábio Chicout",
	TITLE = "Performance modeling for evaluation and planning of Electronic Funds Transfer Systems",
	booktitle = "ISCC'09",
	PAGES = {73-76},
	YEAR = {2009}  
}

@book{cassandras1999introduction,
	title={Introduction to Discrete Event Systems},
	author={Cassandras, C.G. and Lafortune, S.},
	isbn={9780792386094},
	lccn={99040716},
	series={Discrete event dynamic systems},
	url={https://books.google.com.br/books?id=IuGo4aRyb00C},
	year={1999},
	publisher={Kluwer Academic}
}

@inProceedings{Garg1995,
	author = {Sachin Garg and Puliafto A and Telek M and Kishor S. Trivedi},
	title = {Analysis of software rejuvenation using Markov regenerative stochastic Petri net},
	booktitle = {Proc. In: Sixth International Symposium on Software Reliability Engineering, (ISSRE'95)},
	year = {1995},
	isbn = {0-8186-8991-9},
	pages = {180-187},
	OPTpublisher = {IEEE Computer Society},
	address = {Paderborn}
}

@incollection{herzog2002,
		author = {Herzog, Ulrich},
		chapter = {Formal Methods for Performance Evaluation},
		title = {Lectures on Formal Methods and Performance Analysis},
		editor = {Brinksma, Ed and Hermanns, Holger and Katoen, Joost-Pieter},
		year = {2002},
		isbn = {3-540-42479-2},
		pages = {1--37},
		numpages = {37},
		url = {http://dl.acm.org/citation.cfm?id=567305.567306},
		acmid = {567306},
		publisher = {Springer-Verlag New York, Inc.},
		address = {New York, NY, USA},
	}

@article{agerwala1979,
	author = {T. Agerwala},
	title = {Special Feature: Putting Petri Nets to Work},
	journal ={Computer},
	volume = {12},
	number = {12},
	issn = {0018-9162},
	year = {1979},
	pages = {85-94},
	doi = {http://doi.ieeecomputersociety.org/10.1109/MC.1979.1658580},
	publisher = {IEEE Computer Society},
	address = {Los Alamitos, CA, USA},
}

@Inbook{balbo2001,
	author="Balbo, Gianfranco",
	editor="Brinksma, Ed
	and Hermanns, Holger
	and Katoen, Joost-Pieter",
	chapter="Introduction to Stochastic Petri Nets",
	title="Lectures on Formal Methods and PerformanceAnalysis: First EEF/Euro Summer School on Trends in Computer Science Bergen Dal, The Netherlands, July 3--7, 2000 Revised Lectures",
	year="2001",
	publisher="Springer Berlin Heidelberg",
	address="Berlin, Heidelberg",
	pages="84--155",
	isbn="978-3-540-44667-5",
	doi="10.1007/3-540-44667-2_3",
	url="http://dx.doi.org/10.1007/3-540-44667-2_3"
}

@INPROCEEDINGS{distefano2006, 
author={S. Distefano and Liudong Xing}, 
booktitle={RAMS '06. Annual Reliability and Maintainability Symposium, 2006.}, 
title={A new approach to modeling the system reliability: dynamic reliability block diagrams}, 
year={2006}, 
volume={}, 
number={}, 
pages={189-195}, 
keywords={redundancy;reliability;DRBD;Markov chain;Monte Carlo simulation;Petri nets;dynamic RBD;dynamic reliability block diagram;load sharing policy model;system reliability;Availability;Concurrent computing;Fault trees;Joining processes;Load modeling;Logic;Petri nets;Redundancy;Reliability;Security}, 
doi={10.1109/RAMS.2006.1677373}, 
ISSN={0149-144X}, 
month={Jan},}

@article{xu2009,
author = {H. Xu and L. Xing and R. Robidoux},
title = {Drbd: Dynamic Reliability Block Diagrams for System Reliability Modelling},
journal = {International Journal of Computers and Applications},
volume = {31},
number = {2},
pages = {132-141},
year = {2009},
doi = {10.1080/1206212X.2009.11441934},

URL = { 
        http://www.tandfonline.com/doi/abs/10.1080/1206212X.2009.11441934
    
},
eprint = { 
        http://www.tandfonline.com/doi/pdf/10.1080/1206212X.2009.11441934
    
}

}

@inproceedings{campos2015,
 author={Campos, E. and Matos, R. and Pereira, A. and Vieira, F. and Maciel, P.},
 title={Stochastic Modeling of Auto Scaling Mechanism in Private Clouds for Supporting Performance Tunning},
 booktitle={Proceedings of the IEEE Int. Conf. on Systems, Man, and Cybernetics (SMC'15)},
 year={2015},
 address={Hong Kong, China}
}

@inproceedings{croman2016scaling,
  title={On scaling decentralized blockchains},
  author={Croman, Kyle and Decker, Christian and Eyal, Ittay and Gencer, Adem Efe and Juels, Ari and Kosba, Ahmed and Miller, Andrew and Saxena, Prateek and Shi, Elaine and Sirer, Emin G{\"u}n and others},
  booktitle={International Conference on Financial Cryptography and Data Security},
  pages={106--125},
  year={2016},
  organization={Springer}
}
@inproceedings{zyskind2015decentralizing,
  title={Decentralizing privacy: Using blockchain to protect personal data},
  author={Zyskind, Guy and Nathan, Oz and others},
  booktitle={2015 IEEE Security and Privacy Workshops},
  pages={180--184},
  year={2015},
  organization={IEEE}
}

@book{kurose2007redes,
  title={Redes de Computadores ea Internet: uma abordagem top-down},
  author={Kurose, James F and Ross, Keith W and Zucchi, Wagner Luiz},
  year={2007},
  publisher={Pearson Addison Wesley}
}

@ARTICLE{murata1989, 
	author={T. Murata}, 
	journal={Proceedings of the IEEE}, 
	title={Petri nets: Properties, analysis and applications}, 
	year={1989}, 
	volume={77}, 
	number={4}, 
	pages={541-580}, 
	keywords={Petri nets;logic programming;stochastic processes;Petri nets;behavioural properties;concurrent system model;high-level nets;logic programming;marked graphs;performance modeling;reachability criteria;stochastic nets;structural properties;subclasses;Books;Equations;History;Information processing;Logic programming;Mathematical model;Petri nets;Power system modeling;Stochastic processes;Stochastic systems}, 
	doi={10.1109/5.24143}, 
	ISSN={0018-9219}, 
	month={Apr},}
	
@book{german2000,
	author = {German, Reinhard},
	title = {Performance Analysis of Communication Systems with Non-Markovian Stochastic Petri Nets},
	year = {2000},
	isbn = {0471492582},
	publisher = {John Wiley \& Sons, Inc.},
	address = {New York, NY, USA}
}

@phdthesis{molloy1981,
	author = {Molloy, Michael Karl},
	title = {On the Integration of Delay and Throughput Measures in Distributed Processing Models},
	year = {1981},
	note = {AAI8201138},
	school = {University of California, Los Angeles, USA},
	publisher = {University of California, Los Angeles},
}

@book{marsan1994,
	author = {Marsan, Marco Ajmone and Balbo, G. and Conte, Gianni and Donatelli, S. and Franceschinis, G.},
	title = {Modelling with Generalized Stochastic Petri Nets},
	year = {1994},
	isbn = {0471930598},
	edition = {1st},
	publisher = {John Wiley \& Sons, Inc.},
	address = {New York, NY, USA},
}

@inproceedings{sousa2014dependability,
  title={Dependability evaluation of cloud infrastructures},
  author={Sousa, Erica and Silva, Edson and Lins, Fernando and Tavares, Eduardo and Maciel, Paulo},
  booktitle={2014 IEEE International Conference on Systems, Man, and Cybernetics (SMC)},
  pages={1282--1287},
  year={2014},
  organization={IEEE}
}

@article{sebastio2018availability,
  title={An availability analysis approach for deployment configurations of containers},
  author={Sebastio, Stefano and Ghosh, Rahul and Mukherjee, Tridib},
  journal={IEEE Transactions on Services Computing},
  year={2018},
  publisher={IEEE}
}

@InProceedings{ bruno2015,
			author = "Bruno Silva and Rubens Matos and Gustavo Callou and Jair Figueiredo and Danilo Oliveira and João Ferreira and Jamilson Dantas and Aleciano Lobo Junior and Vandi Alves and Paulo Maciel",
			title = "Mercury: An Integrated Environment for Performance and Dependability Evaluation of General Systems",
			booktitle = "Proc. of Industrial Track at 45th Dependable Systems and Networks Conference (DSN-2015)",
			year = "2015",
			month = jun,
			address = "Rio de Janeiro, Brazil",
	}

@INPROCEEDINGS{guy2015, 
author={G. Zyskind and O. Nathan and A. '. Pentland}, 
booktitle={2015 IEEE Security and Privacy Workshops}, 
title={Decentralizing Privacy: Using Blockchain to Protect Personal Data}, 
year={2015}, 
volume={}, 
number={}, 
pages={180-184}, 
keywords={data privacy;trusted computing;auditable computing;automated access-control manager;bit coin;blockchain;decentralized network;decentralized personal data management system;decentralizing privacy;financial space;personal data protection;public ledger;security breaches;surveillance;trusted computing problem;user privacy call;Compounds;Data privacy;Encryption;Online banking;Privacy;Protocols;bitcoin;blockchain;personal data;privacy}, 
doi={10.1109/SPW.2015.27}, 
ISSN={}, 
month={May}
}

@ARTICLE{konstantinos2017, 
author={K. Christidis and M. Devetsikiotis}, 
journal={IEEE Access}, 
title={Blockchains and Smart Contracts for the Internet of Things}, 
year={2016}, 
volume={4}, 
number={}, 
pages={2292-2303}, 
keywords={Internet of Things;contracts;cryptography;peer-to-peer computing;trusted computing;Internet of Things;IoT;blockchain network;cryptographically verifiable manner;distributed peer-to-peer network;multistep process automation;smart contracts;transactional privacy;trusted intermediary;Automation;Blockchains;Cryptography;Distributed processing;Internet of things;Peer-to-peer computing;Privacy;Blockchain;Internet of Things;blockchain;distributed systems;internet of things}, 
doi={10.1109/ACCESS.2016.2566339}, 
ISSN={2169-3536}, 
month={},}

@INPROCEEDINGS{kosba2016, 
author={A. Kosba and A. Miller and E. Shi and Z. Wen and C. Papamanthou}, 
booktitle={2016 IEEE Symposium on Security and Privacy (SP)}, 
title={Hawk: The Blockchain Model of Cryptography and Privacy-Preserving Smart Contracts}, 
year={2016}, 
volume={}, 
number={}, 
pages={839-858}, 
keywords={contracts;cryptographic protocols;data privacy;electronic money;program compilers;transaction processing;trusted computing;Hawk programmer;aborts;automatic cryptographic protocol generation;blockchain model;compiler;contractual breach;decentralized blockchain;decentralized cryptocurrencies;decentralized smart contract system;financial transactions;formal modeling;honest parties;money flow;mutually distrustful parties;privacy-preserving smart contracts;transactional privacy;zero-knowledge proofs;Contracts;Cryptographic protocols;Cryptography;Online banking;Privacy}, 
doi={10.1109/SP.2016.55}, 
ISSN={}, 
month={May},}

@ARTICLE{xiao2018,
author={J. Xiao and J. Lou and J. Jiang and X. Li and X. Yang and Y. Huang},
journal={IEEE Access},
title={Blockchain Architecture Reliability-Based Measurement for Circuit Unit Importance},
year={2018},
volume={6},
number={},
pages={15326-15334},
keywords={circuit level;iterative probabilistic transfer matrix model;output reliabilities;reliability gradients;blockchain architecture reliability;circuit unit importance;reliability improvement;barrel theory;importance-based sorting algorithm;Integrated circuit reliability;Encoding;Computer architecture;Reliability theory;Circuit faults;Reliability engineering;Blockchain architecture reliability;hardware-level;reliability gradient;circuit unit;importance measurement},
doi={10.1109/ACCESS.2018.2800712},
ISSN={2169-3536},
month={},}

@article{Costa2015,
 author={Costa, I. and Araujo, J. and Dantas, J. and Campos, E. and Silva, F. A., and Maciel, P.},
 title={Availability Evaluation and Sensitivity Analysis of a Mobile Backend-as-a-Service Platform},
 journal={Journal Quality and Reliability Engineering International},
 year={2015}
}

@ARTICLE{azagury2014, 
author={A. C. Azagury and R. Haas and D. Hildebrand and S. W. Hunter and T. Neville and S. Oehme and A. Shaikh}, 
journal={IBM Journal of Research and Development}, 
title={GPFS-based implementation of a hyperconverged system for software defined infrastructure}, 
year={2014}, 
volume={58}, 
number={2/3}, 
pages={6:1-6:12}, 
keywords={Computer architecture;Costs;Data centers;Market research;Optimization;Servers;Software defined networks;Virtual machine monitors}, 
doi={10.1147/JRD.2014.2303321}, 
ISSN={0018-8646}, 
month={March},}

@ARTICLE{ghosh2014, 
author={R. Ghosh and F. Longo and F. Frattini and S. Russo and K. S. Trivedi}, 
journal={IEEE Transactions on Cloud Computing}, 
title={Scalable Analytics for IaaS Cloud Availability}, 
year={2014}, 
volume={2}, 
number={1}, 
pages={57-70}, 
keywords={cloud computing;contracts;iterative methods;Markov processes;system monitoring;scalable analytics;IaaS cloud availability;infrastructure-as-a-service cloud;component failures;system downtime;service level agreements;SLA;cloud service availability;service provider;stochastic model-driven approach;large-scale IaaS cloud;physical machines;monolithic models;Markov chain based approach;fixed-point iteration;analytic-numeric solutions;Failure analysis;Analytical models;Computational modeling;Maintenance engineering;Markov processes;Cloud computing;Analytic-numeric solution;availability;downtime;cloud computing;simulation;stochastic reward nets}, 
doi={10.1109/TCC.2014.2310737}, 
ISSN={2168-7161}, 
month={Jan},}

@INPROCEEDINGS{abhijith2016, 
author={Abhijith. U and M. Taranisen and A. Kumar and L. Muddi}, 
booktitle={2016 2nd International Conference on Computational Intelligence and Networks (CINE)}, 
title={The Efficient Use of Storage Resources in SAN for Storage Tiering and Caching}, 
year={2016}, 
pages={118-122}, 
keywords={cache storage;virtualisation;SAN;SSD storage space utilization;VDI workload;caching;hyper convergence;intelligent storage tiering;sequential write detection algorithm;solid state device;storage caching;virtualization technology;Algorithm design and analysis;Arrays;Clocks;Detection algorithms;Radiation detectors;Solids;Virtualization;RAID;SAN;Tier;VDI;random write;sequential write;storage virtualization}, 
doi={10.1109/CINE.2016.28}, 
ISSN={2375-5822}, 
month={Jan},}

@article{nakamoto2008bitcoin,
  title={Bitcoin: A peer-to-peer electronic cash system},
  author={Nakamoto, Satoshi and others},
  year={2008},
  publisher={Working Paper}
}

@INPROCEEDINGS{sousa2014, 
	author={E. Sousa and E. Silva and F. Lins and E. Tavares and P. Maciel}, 
	booktitle={Systems, Man and Cybernetics (SMC), 2014 IEEE International Conference on}, 
	title={Dependability evaluation of cloud infrastructures}, 
	year={2014}, 
	pages={1282-1287}, 
	keywords={cloud computing;software cost estimation;software reliability;Eucalyptus platform;cloud computing;cloud infrastructure planning;cost requirements;dependability evaluation;virtual learning environments;Availability;Cloud computing;Computational modeling;Educational institutions;Mathematical model;Planning;Redundancy;Cloud Computing;Cost Evaluation;Dependability Evaluation;Hierarchical and Heterogeneous Modeling;Reliability Block Diagram;Stochastic Petri Net}, 
	doi={10.1109/SMC.2014.6974091}, 
	month={Oct},}
	
@INPROCEEDINGS{bezerra2014, 
	author={M. C. Bezerra and R. Melo and J. Dantas and P. Maciel and F. Vieira}, 
	booktitle={Systems, Man and Cybernetics (SMC), 2014 IEEE International Conference on}, 
	title={Availability modeling and analysis of a VoD service for eucalyptus platform}, 
	year={2014}, 
	pages={3779-3784}, 
	keywords={Markov processes;cloud computing;reliability;video on demand;video streaming;CTMC;Internet;RBD;VoD service analysis;VoD service availability modeling;cloud computing environments;cloud environments;cloud service systems;continuous time Markov chain;eucalyptus platform;hierarchical modeling strategy;multimedia services;reliability blocks diagrams;sensibility analysis;video on demand cloud system;video streaming;video streaming service availability;Analytical models;Availability;Cloud computing;Computational modeling;Computer architecture;Maintenance engineering;Streaming media}, 
	doi={10.1109/SMC.2014.6974519}, 
	month={Oct},}

@inproceedings{samaniego2016blockchain,
  title={Blockchain as a Service for IoT},
  author={Samaniego, Mayra and Deters, Ralph},
  booktitle={2016 IEEE International Conference on Internet of Things (iThings) and IEEE Green Computing and Communications (GreenCom) and IEEE Cyber, Physical and Social Computing (CPSCom) and IEEE Smart Data (SmartData)},
  pages={433--436},
  year={2016},
  organization={IEEE}
}

@book{sipser2006introduction,
  title={Introduction to the Theory of Computation},
  author={Sipser, Michael},
  volume={2},
  year={2006},
  publisher={Thomson Course Technology Boston}
}

@misc{IBM,
  author = {IBM},
  title = {{IBM SmartCloud}},
  howpublished = "\url{http://www.ibm.com/cloud-computing/br/pt/}",
  year = {2012}, 
  note = "[Online; Acesso em 15-Junho-2019]"
}

@article{vaqueiro2009,
author = {Luis M. Vaqueiro and Luis Rodero-Merino and Juan Caceres and Maik Lindner},
title = {A Break in the Clouds: Towards a Cloud Definition},
journal ={Computer Communication Review},
volume = {39},
year = {2009},
pages = {50-55},
}

@Book{ cloudsun2009,
  title = "Introduction to Cloud Computing Architecture",
  publisher = "Sun Microsystems, Inc.",
  edition = "1",
  month = jun,
  year = "2009"
}

@inproceedings{androulaki2018hyperledger,
  title={Hyperledger fabric: a distributed operating system for permissioned blockchains},
  author={Androulaki, Elli and Barger, Artem and Bortnikov, Vita and Cachin, Christian and Christidis, Konstantinos and De Caro, Angelo and Enyeart, David and Ferris, Christopher and Laventman, Gennady and Manevich, Yacov and others},
  booktitle={Proceedings of the Thirteenth EuroSys Conference},
  pages={30},
  year={2018},
  organization={ACM}
}

@inproceedings{gencer2017short,
  title={Short paper: Service-oriented sharding for blockchains},
  author={Gencer, Adem Efe and van Renesse, Robbert and Sirer, Emin G{\"u}n},
  booktitle={International Conference on Financial Cryptography and Data Security},
  pages={393--401},
  year={2017},
  organization={Springer}
}

@inproceedings{melo2016,
 author={Melo, C. and Dantas, J. and Araujo, J. and Maciel, P.},
 title={Availability Models for Synchronization Server Infrastructure},
 booktitle={Proceedings of the IEEE Int. Conf. on Systems, Man, and Cybernetics (SMC'16)},
 year={2016},
 address={Budapest, Hungary},
}

@article{mell2011nist,
  title={The NIST definition of cloud computing},
  author={Mell, Peter and Grance, Tim and others},
  year={2011},
  publisher={Computer Security Division, Information Technology Laboratory, National~…}
}

@ARTICLE{taniguchi2017, 
author={Y. Taniguchi and K. Suganuma and T. Deguchi and G. Hasegawa and Y. Nakamura and N. Ukita and N. Aizawa and K. Shibata and K. Matsuda and M. Matsuoka}, 
journal={IEEE Transactions on Cloud Computing}, 
title={Tandem Equipment Arranged Architecture with Exhaust Heat Reuse System for Software-Defined Data Center Infrastructure}, 
year={2017}, 
volume={5}, 
number={2}, 
pages={182-192}, 
keywords={computer centres;exhaust systems;power aware computing;ventilation;air conditioners;energy-efficient architecture;exhaust heat reuse system;high-temperature exhaust heat;power consumption;server racks;software-defined data center infrastructure;tandem equipment arranged architecture;Atmospheric modeling;Computational modeling;Computer architecture;Data models;Heating;Power demand;Servers;DCIM;DEMS;Data center;energy efficiency;energy management;infrastructure management;super-hot aisle;tandem arrangement}, 
doi={10.1109/TCC.2015.2440245}, 
ISSN={2168-7161}, 
month={April},}

@article{matos2015,
title = "Sensitivity analysis of a hierarchical model of mobile cloud computing",
journal = "Simulation Modelling Practice and Theory",
volume = "50",
pages = "151 - 164",
year = "2015",
note = "Special Issue on Resource Management in Mobile Clouds",
issn = "1569-190X",
doi = "https://doi.org/10.1016/j.simpat.2014.04.003",
url = "http://www.sciencedirect.com/science/article/pii/S1569190X14000616",
author = "Rubens Matos and Jean Araujo and Danilo Oliveira and Paulo Maciel and Kishor Trivedi",
keywords = "Mobile cloud computing, Analytical models, Dependability evaluation, Sensitivity analysis"
}

@INPROCEEDINGS{zhang2016, 
author={Yan Zhang and Yongbin Wang and Manjun Zhang and Bo Lu}, 
booktitle={2016 IEEE Advanced Information Management, Communicates, Electronic and Automation Control Conference (IMCEC)}, 
title={VDC embedding scheme based on Virtual Nodes Combination in Software Defined Data Center}, 
year={2016}, 
pages={931-935}, 
keywords={computer centres;software defined networking;virtualisation;VDC embedding scheme;cloud computing;software defined data center;software defined network;virtual data center;virtual nodes combination;Bandwidth;Control systems;Network topology;Resource management;Software;Topology;Virtualization;Data Center Network Virtualization;SDN;VDC Embedding;Virtual Nodes Combination}, 
doi={10.1109/IMCEC.2016.7867347}, 
month={Oct},}

@INPROCEEDINGS{weber2017,
author={I. Weber and V. Gramoli and A. Ponomarev and M. Staples and R. Holz and A. B. Tran and P. Rimba},
booktitle={2017 IEEE 36th Symposium on Reliable Distributed Systems (SRDS)},
title={On Availability for Blockchain-Based Systems},
year={2017},
volume={},
number={},
pages={64-73},
keywords={mainstream blockchains;Ethereum;read availability;transaction management;inherent blockchain design;blockchain technology;blockchain-based systems;Bitcoin;write availability;Bitcoin;Contracts;Delays;Australia;Software},
doi={10.1109/SRDS.2017.15},
ISSN={},
month={Sept},}

@book{kuo2003,
	title={Optimal Reliability Modeling: Principles and Applications},
	author={Kuo, W. and Zuo, M.J.},
	isbn={9780471275459},
	url={https://books.google.com.br/books?id=vdZ4Bm-LnHMC},
	year={2003},
	publisher={Wiley}
}

@MastersThesis{dantas2013,
	author = "Jamilson Dantas",
	title = "Modelos para Analise de Dependabilidade de Arquiteturas
	de Computação em Nuvem",
	school = "Centro de Informática - Universidade Federal de Pernambuco (Recife, Brasil)",
	year = "2013"
}

@book{avizienis2001,
		title={Fundamental Concepts of Dependability},
		author={Avi{\v{z}}ienis, A. and Laprie, J.C. and Randell, B. and University of Newcastle upon Tyne. Computing Science},
		series={Technical report series},
		url={https://books.google.com.br/books?id=cDkmGwAACAAJ},
		year={2001},
		publisher={University of Newcastle upon Tyne, Computing Science}
	}

@InProceedings{ IEEE90,
	title = "IEEE Standard Glossary of Software Engineering Terminology",
	booktitle = "IEEE Std.",
	author = "IEEE",
	publisher = "IEEE Computer Society",
	month = feb,
	year = "1990"
}

@INPROCEEDINGS{paulo2011, 
	author={Paulo Maciel and Kishor Trivedi and Rivalino Matias and Dong Kim}, 
	booktitle={Performance and Dependability in Service Computing: Concepts, Techniques and Research Directions}, 
	title={Dependability Modeling}, 
	year={2011} 
}

@misc{regalado2011,
	author = {Antonio Regalado},
	title = {{Who Coined Cloud Computing?}},
	howpublished = "\url{http://www.technologyreview.com/news/425970/who-coined-cloud-computing/}",
	year = {2011}, 
	note = "[Online; accessed 21-December-2013]"
	}

@InProceedings{bolch2006,
	title = "Modeling and Performance Evaluation with Computer Science Application",
	booktitle = "Queuing Networks and Markov Chains",
	author = "Gunter Bolch and Stefan Greiner and Hermaan de Meer and Kishor Trivedi",
	month = nov,
	year = "2006"
}

@ARTICLE{Avizienis04basicconcepts,
    author = {Algirdas Avizienis and Jean Laprie and Brian Randell and Carl Landwehr},
    title = {Basic Concepts and Taxonomy of Dependable and Secure Computing},
    journal = {IEEE Transactions on Dependable and Secure Computing},
    year = {2004},
    volume = {1},
    pages = {11--33}
}

@Book{ jain1991,
  title = "The Art of Computer Systems Performance Analysis: Techniques for Experimental Design, Measurement, Simulation, and Modeling",
  author = "Raj Jain",
  publisher = "Wiley Computer Publishing, John Wiley \& Sons, Inc.",
  address = "New York",
  month = may,
  year = "1991",
  isbn = "0471503363"
}

@Book{ frank1978,
  title = "Introduction to Sensitivity Analysis",
  author = "P. M. Frank",
  publisher = "Academic",
  year = "1978"
  }
  
 @book{dummies,
  title={{Blockchain for DUMMIES}},
  author = {Manav Gupta},
  isbn = {978-1-119-37123-6},
  publisher = {John Wiley \& Sons, Inc.},
  year = {2017}
}


@book{vmwarebook,
  title={{Hyper-Converged Infrastructures for DUMMIES}},
  author = {Michael Haag},
  isbn = {978119341369},
  publisher = {John Wiley \& Sons, Inc.},
  year = {2016}
}

@misc{idc2015,
  author = {International Data Corporation},
  title = "Worldwide Hyperconverged Systems 2015–2019 Forecast",
  url = "http://www.idc.com/getdoc.jsp?containerId=253267",
  year = {2014}, 
  note = "[Online; accessed 26-September-2017]"
}

@INPROCEEDINGS{bruno:2015,
author={B. I. F. Maciel and S. G. T. C. Santos and R. S. M. Barros},
booktitle={Tools with Artificial Intelligence (ICTAI), 2015 IEEE 27th International Conference on},
title={A Lightweight Concept Drift Detection Ensemble},
year={2015},
pages={1061-1068},
doi={10.1109/ICTAI.2015.151},
ISSN={1082-3409},
month={Nov}
}
@misc{hayter2019mitigating,
  title={Mitigating Single Point Failure of Devices in an Analyte Monitoring System and Methods Thereof},
  author={Hayter, Gary Alan and Taub, Marc Barry},
  year={2019},
  month=apr # "~11",
  publisher={Google Patents},
  note={US Patent App. 16/197,253}
}



@INPROCEEDINGS{Suankaewmanee2018a, 
author={K. {Suankaewmanee} and D. T. {Hoang} and D. {Niyato} and S. {Sawadsitang} and P. {Wang} and Z. {Han}}, 
booktitle={2018 International Conference on Computing, Networking and Communications (ICNC)}, 
title={Performance Analysis and Application of Mobile Blockchain}, 
year={2018}, 
volume={}, 
number={}, 
pages={642-646}, 
keywords={cloud computing;data mining;electronic commerce;Internet;mobile computing;security of data;performance analysis;mobile blockchain;mobile security;mobile commerce;data security problems;effective security solution;cloud computing;Internet-of-Things;m-commerce application;blockchain technology;MobiChain application;mobile devices;efficient security solution;future m-commerce;Peer-to-peer computing;Mobile nodes;Servers;Public key;Blockchain;mobile commerce;Android application;mobile security}, 
doi={10.1109/ICCNC.2018.8390265}, 
ISSN={}, 
month={March},}

@inproceedings{melo2018dependability,
  title={Dependability Evaluation of a Blockchain-as-a-Service Environment},
  author={Melo, Carlos and Dantas, Jamilson and Oliveira, Danilo and F{\'e}, Iure and Matos, Rubens and Dantas, Renata and Maciel, Ronierison and Maciel, Paulo},
  booktitle={2018 IEEE Symposium on Computers and Communications (ISCC)},
  pages={00909--00914},
  year={2018},
  organization={IEEE}
}

@Inbook{MartinsMaciel2016,
author="Martins Maciel, Paulo Romero",
editor="Fiondella, Lance
and Puliafito, Antonio",
title="Modeling Availability Impact in Cloud Computing",
bookTitle="Principles of Performance and Reliability Modeling and Evaluation: Essays in Honor of Kishor Trivedi on his 70th Birthday",
year="2016",
publisher="Springer International Publishing",
address="Cham",
pages="287--320",
isbn="978-3-319-30599-8"
}