@article{Huang_2024,
   title={A Survey on Hallucination in Large Language Models: Principles, Taxonomy, Challenges, and Open Questions},
   ISSN={1558-2868},
   url={http://dx.doi.org/10.1145/3703155},
   DOI={10.1145/3703155},
   journal={ACM Transactions on Information Systems},
   publisher={Association for Computing Machinery (ACM)},
   author={Huang, Lei and Yu, Weijiang and Ma, Weitao and Zhong, Weihong and Feng, Zhangyin and Wang, Haotian and Chen, Qianglong and Peng, Weihua and Feng, Xiaocheng and Qin, Bing and Liu, Ting},
   year={2024},
   month=nov }

@article{achiam2023gpt4,
  title={Gpt-4 technical report},
  author={Achiam, Josh and Adler, Steven and Agarwal, Sandhini and Ahmad, Lama and Akkaya, Ilge and Aleman, Florencia Leoni and Almeida, Diogo and Altenschmidt, Janko and Altman, Sam and Anadkat, Shyamal and others},
  journal={arXiv preprint arXiv:2303.08774},
  year={2023}
}

@misc{chen2024hallucinationdetectionrobustlydiscerning,
      title={Hallucination Detection: Robustly Discerning Reliable Answers in Large Language Models}, 
      author={Yuyan Chen and Qiang Fu and Yichen Yuan and Zhihao Wen and Ge Fan and Dayiheng Liu and Dongmei Zhang and Zhixu Li and Yanghua Xiao},
      year={2024},
      eprint={2407.04121},
      archivePrefix={arXiv},
      primaryClass={cs.CL},
      url={https://arxiv.org/abs/2407.04121}, 
}

@article{cohen2024evaluating,
  title={Evaluating the ripple effects of knowledge editing in language models},
  author={Cohen, Roi and Biran, Eden and Yoran, Ori and Globerson, Amir and Geva, Mor},
  journal={Transactions of the Association for Computational Linguistics},
  volume={12},
  pages={283--298},
  year={2024},
  publisher={MIT Press One Broadway, 12th Floor, Cambridge, Massachusetts 02142, USA~â€¦}
}

@article{dubey2024llama3,
  title={The llama 3 herd of models},
  author={Dubey, Abhimanyu and Jauhri, Abhinav and Pandey, Abhinav and Kadian, Abhishek and Al-Dahle, Ahmad and Letman, Aiesha and Mathur, Akhil and Schelten, Alan and Yang, Amy and Fan, Angela and others},
  journal={arXiv preprint arXiv:2407.21783},
  year={2024}
}

@article{farquhar2024detecting,
  title={Detecting hallucinations in large language models using semantic entropy},
  author={Farquhar, Sebastian and Kossen, Jannik and Kuhn, Lorenz and Gal, Yarin},
  journal={Nature},
  volume={630},
  number={8017},
  pages={625--630},
  year={2024},
  publisher={Nature Publishing Group UK London}
}

@inproceedings{ffn_vocab,
  author       = {Mor Geva and
                  Avi Caciularu and
                  Kevin Ro Wang and
                  Yoav Goldberg},
  editor       = {Yoav Goldberg and
                  Zornitsa Kozareva and
                  Yue Zhang},
  title        = {Transformer Feed-Forward Layers Build Predictions by Promoting Concepts
                  in the Vocabulary Space},
  booktitle    = {Proceedings of the 2022 Conference on Empirical Methods in Natural
                  Language Processing, {EMNLP} 2022, Abu Dhabi, United Arab Emirates,
                  December 7-11, 2022},
  pages        = {30--45},
  publisher    = {Association for Computational Linguistics},
  year         = {2022},
  url          = {https://doi.org/10.18653/v1/2022.emnlp-main.3},
  doi          = {10.18653/V1/2022.EMNLP-MAIN.3},
  timestamp    = {Thu, 10 Aug 2023 12:35:28 +0200},
  biburl       = {https://dblp.org/rec/conf/emnlp/GevaCWG22.bib},
  bibsource    = {dblp computer science bibliography, https://dblp.org}
}

@inproceedings{fv,
  author       = {Eric Todd and
                  Millicent L. Li and
                  Arnab Sen Sharma and
                  Aaron Mueller and
                  Byron C. Wallace and
                  David Bau},
  title        = {Function Vectors in Large Language Models},
  booktitle    = {The Twelfth International Conference on Learning Representations,
                  {ICLR} 2024, Vienna, Austria, May 7-11, 2024},
  publisher    = {OpenReview.net},
  year         = {2024},
  url          = {https://openreview.net/forum?id=AwyxtyMwaG},
  timestamp    = {Wed, 07 Aug 2024 17:11:53 +0200},
  biburl       = {https://dblp.org/rec/conf/iclr/ToddLSMWB24.bib},
  bibsource    = {dblp computer science bibliography, https://dblp.org}
}

@misc{garg2022leveragingunlabeleddatapredict,
      title={Leveraging Unlabeled Data to Predict Out-of-Distribution Performance}, 
      author={Saurabh Garg and Sivaraman Balakrishnan and Zachary C. Lipton and Behnam Neyshabur and Hanie Sedghi},
      year={2022},
      eprint={2201.04234},
      archivePrefix={arXiv},
      primaryClass={cs.LG},
      url={https://arxiv.org/abs/2201.04234}, 
}

@article{gupta2023editing,
  title={Editing common sense in transformers},
  author={Gupta, Anshita and Mondal, Debanjan and Sheshadri, Akshay Krishna and Zhao, Wenlong and Li, Xiang Lorraine and Wiegreffe, Sarah and Tandon, Niket},
  journal={arXiv preprint arXiv:2305.14956},
  year={2023}
}

@article{hoelscher2023detecting,
  title={Detecting edit failures in large language models: An improved specificity benchmark},
  author={Hoelscher-Obermaier, Jason and Persson, Julia and Kran, Esben and Konstas, Ioannis and Barez, Fazl},
  journal={arXiv preprint arXiv:2305.17553},
  year={2023}
}

@inproceedings{jha2023dehallucinating,
  title={Dehallucinating large language models using formal methods guided iterative prompting},
  author={Jha, Susmit and Jha, Sumit Kumar and Lincoln, Patrick and Bastian, Nathaniel D and Velasquez, Alvaro and Neema, Sandeep},
  booktitle={2023 IEEE International Conference on Assured Autonomy (ICAA)},
  pages={149--152},
  year={2023},
  organization={IEEE}
}

@misc{jiang2024largelanguagemodelshallucination,
      title={On Large Language Models' Hallucination with Regard to Known Facts}, 
      author={Che Jiang and Biqing Qi and Xiangyu Hong and Dayuan Fu and Yang Cheng and Fandong Meng and Mo Yu and Bowen Zhou and Jie Zhou},
      year={2024},
      eprint={2403.20009},
      archivePrefix={arXiv},
      primaryClass={cs.CL},
      url={https://arxiv.org/abs/2403.20009}, 
}

@misc{kang2024learningdynamicsrevealgeneralization,
      title={What Do Learning Dynamics Reveal About Generalization in LLM Reasoning?}, 
      author={Katie Kang and Amrith Setlur and Dibya Ghosh and Jacob Steinhardt and Claire Tomlin and Sergey Levine and Aviral Kumar},
      year={2024},
      eprint={2411.07681},
      archivePrefix={arXiv},
      primaryClass={cs.LG},
      url={https://arxiv.org/abs/2411.07681}, 
}

@inproceedings{key_value,
  author       = {Mor Geva and
                  Roei Schuster and
                  Jonathan Berant and
                  Omer Levy},
  editor       = {Marie{-}Francine Moens and
                  Xuanjing Huang and
                  Lucia Specia and
                  Scott Wen{-}tau Yih},
  title        = {Transformer Feed-Forward Layers Are Key-Value Memories},
  booktitle    = {Proceedings of the 2021 Conference on Empirical Methods in Natural
                  Language Processing, {EMNLP} 2021, Virtual Event / Punta Cana, Dominican
                  Republic, 7-11 November, 2021},
  pages        = {5484--5495},
  publisher    = {Association for Computational Linguistics},
  year         = {2021},
  url          = {https://doi.org/10.18653/v1/2021.emnlp-main.446},
  doi          = {10.18653/V1/2021.EMNLP-MAIN.446},
  timestamp    = {Fri, 16 Feb 2024 08:27:36 +0100},
  biburl       = {https://dblp.org/rec/conf/emnlp/GevaSBL21.bib},
  bibsource    = {dblp computer science bibliography, https://dblp.org}
}

@inproceedings{knowledge_neuron,
  author       = {Damai Dai and
                  Li Dong and
                  Yaru Hao and
                  Zhifang Sui and
                  Baobao Chang and
                  Furu Wei},
  editor       = {Smaranda Muresan and
                  Preslav Nakov and
                  Aline Villavicencio},
  title        = {Knowledge Neurons in Pretrained Transformers},
  booktitle    = {Proceedings of the 60th Annual Meeting of the Association for Computational
                  Linguistics (Volume 1: Long Papers), {ACL} 2022, Dublin, Ireland,
                  May 22-27, 2022},
  pages        = {8493--8502},
  publisher    = {Association for Computational Linguistics},
  year         = {2022},
  url          = {https://doi.org/10.18653/v1/2022.acl-long.581},
  doi          = {10.18653/V1/2022.ACL-LONG.581},
  timestamp    = {Mon, 01 Aug 2022 16:27:52 +0200},
  biburl       = {https://dblp.org/rec/conf/acl/DaiDHSCW22.bib},
  bibsource    = {dblp computer science bibliography, https://dblp.org}
}

@inproceedings{linear_relation,
  author       = {Evan Hernandez and
                  Arnab Sen Sharma and
                  Tal Haklay and
                  Kevin Meng and
                  Martin Wattenberg and
                  Jacob Andreas and
                  Yonatan Belinkov and
                  David Bau},
  title        = {Linearity of Relation Decoding in Transformer Language Models},
  booktitle    = {The Twelfth International Conference on Learning Representations,
                  {ICLR} 2024, Vienna, Austria, May 7-11, 2024},
  publisher    = {OpenReview.net},
  year         = {2024},
  url          = {https://openreview.net/forum?id=w7LU2s14kE},
  timestamp    = {Mon, 29 Jul 2024 17:17:48 +0200},
  biburl       = {https://dblp.org/rec/conf/iclr/HernandezSHMWAB24.bib},
  bibsource    = {dblp computer science bibliography, https://dblp.org}
}

@inproceedings{linguistic_region,
  author       = {Zhihao Zhang and
                  Jun Zhao and
                  Qi Zhang and
                  Tao Gui and
                  Xuanjing Huang},
  editor       = {Lun{-}Wei Ku and
                  Andre Martins and
                  Vivek Srikumar},
  title        = {Unveiling Linguistic Regions in Large Language Models},
  booktitle    = {Proceedings of the 62nd Annual Meeting of the Association for Computational
                  Linguistics (Volume 1: Long Papers), {ACL} 2024, Bangkok, Thailand,
                  August 11-16, 2024},
  pages        = {6228--6247},
  publisher    = {Association for Computational Linguistics},
  year         = {2024},
  url          = {https://doi.org/10.18653/v1/2024.acl-long.338},
  doi          = {10.18653/V1/2024.ACL-LONG.338},
  timestamp    = {Tue, 24 Sep 2024 10:55:43 +0200},
  biburl       = {https://dblp.org/rec/conf/acl/ZhangZ0G024.bib},
  bibsource    = {dblp computer science bibliography, https://dblp.org}
}

@inproceedings{locate_edit_fact,
  author       = {Kevin Meng and
                  David Bau and
                  Alex Andonian and
                  Yonatan Belinkov},
  editor       = {Sanmi Koyejo and
                  S. Mohamed and
                  A. Agarwal and
                  Danielle Belgrave and
                  K. Cho and
                  A. Oh},
  title        = {Locating and Editing Factual Associations in {GPT}},
  booktitle    = {Advances in Neural Information Processing Systems 35: Annual Conference
                  on Neural Information Processing Systems 2022, NeurIPS 2022, New Orleans,
                  LA, USA, November 28 - December 9, 2022},
  year         = {2022},
  timestamp    = {Mon, 08 Jan 2024 16:31:36 +0100},
  biburl       = {https://dblp.org/rec/conf/nips/MengBAB22.bib},
  bibsource    = {dblp computer science bibliography, https://dblp.org}
}

@article{meng2022locating,
  title={Locating and editing factual associations in GPT},
  author={Meng, Kevin and Bau, David and Andonian, Alex and Belinkov, Yonatan},
  journal={Advances in Neural Information Processing Systems},
  volume={35},
  pages={17359--17372},
  year={2022}
}

@misc{mishra2024finegrainedhallucinationdetectionediting,
      title={Fine-grained Hallucination Detection and Editing for Language Models}, 
      author={Abhika Mishra and Akari Asai and Vidhisha Balachandran and Yizhong Wang and Graham Neubig and Yulia Tsvetkov and Hannaneh Hajishirzi},
      year={2024},
      eprint={2401.06855},
      archivePrefix={arXiv},
      primaryClass={cs.CL},
      url={https://arxiv.org/abs/2401.06855}, 
}

@inproceedings{olmo,
  author       = {Dirk Groeneveld and
                  Iz Beltagy and
                  Evan Pete Walsh and
                  Akshita Bhagia and
                  Rodney Kinney and
                  Oyvind Tafjord and
                  Ananya Harsh Jha and
                  Hamish Ivison and
                  Ian Magnusson and
                  Yizhong Wang and
                  Shane Arora and
                  David Atkinson and
                  Russell Authur and
                  Khyathi Raghavi Chandu and
                  Arman Cohan and
                  Jennifer Dumas and
                  Yanai Elazar and
                  Yuling Gu and
                  Jack Hessel and
                  Tushar Khot and
                  William Merrill and
                  Jacob Morrison and
                  Niklas Muennighoff and
                  Aakanksha Naik and
                  Crystal Nam and
                  Matthew E. Peters and
                  Valentina Pyatkin and
                  Abhilasha Ravichander and
                  Dustin Schwenk and
                  Saurabh Shah and
                  Will Smith and
                  Emma Strubell and
                  Nishant Subramani and
                  Mitchell Wortsman and
                  Pradeep Dasigi and
                  Nathan Lambert and
                  Kyle Richardson and
                  Luke Zettlemoyer and
                  Jesse Dodge and
                  Kyle Lo and
                  Luca Soldaini and
                  Noah A. Smith and
                  Hannaneh Hajishirzi},
  editor       = {Lun{-}Wei Ku and
                  Andre Martins and
                  Vivek Srikumar},
  title        = {OLMo: Accelerating the Science of Language Models},
  booktitle    = {Proceedings of the 62nd Annual Meeting of the Association for Computational
                  Linguistics (Volume 1: Long Papers), {ACL} 2024, Bangkok, Thailand,
                  August 11-16, 2024},
  pages        = {15789--15809},
  publisher    = {Association for Computational Linguistics},
  year         = {2024},
  url          = {https://doi.org/10.18653/v1/2024.acl-long.841},
  doi          = {10.18653/V1/2024.ACL-LONG.841},
  timestamp    = {Tue, 24 Sep 2024 10:55:43 +0200},
  biburl       = {https://dblp.org/rec/conf/acl/GroeneveldBWBKT24.bib},
  bibsource    = {dblp computer science bibliography, https://dblp.org}
}

@article{onoe2023can,
  title={Can lms learn new entities from descriptions? challenges in propagating injected knowledge},
  author={Onoe, Yasumasa and Zhang, Michael JQ and Padmanabhan, Shankar and Durrett, Greg and Choi, Eunsol},
  journal={arXiv preprint arXiv:2305.01651},
  year={2023}
}

@misc{quevedo2024detectinghallucinationslargelanguage,
      title={Detecting Hallucinations in Large Language Model Generation: A Token Probability Approach}, 
      author={Ernesto Quevedo and Jorge Yero and Rachel Koerner and Pablo Rivas and Tomas Cerny},
      year={2024},
      eprint={2405.19648},
      archivePrefix={arXiv},
      primaryClass={cs.CL},
      url={https://arxiv.org/abs/2405.19648}, 
}

@misc{su2024unsupervisedrealtimehallucinationdetection,
      title={Unsupervised Real-Time Hallucination Detection based on the Internal States of Large Language Models}, 
      author={Weihang Su and Changyue Wang and Qingyao Ai and Yiran HU and Zhijing Wu and Yujia Zhou and Yiqun Liu},
      year={2024},
      eprint={2403.06448},
      archivePrefix={arXiv},
      primaryClass={cs.CL},
      url={https://arxiv.org/abs/2403.06448}, 
}

@article{task_representation,
  author       = {Andrew K. Lampinen and
                  James L. McClelland},
  title        = {Transforming task representations to perform novel tasks},
  journal      = {Proc. Natl. Acad. Sci. {USA}},
  volume       = {117},
  number       = {52},
  pages        = {32970--32981},
  year         = {2020},
  url          = {https://doi.org/10.1073/pnas.2008852117},
  doi          = {10.1073/PNAS.2008852117},
  timestamp    = {Sat, 25 Dec 2021 15:50:50 +0100},
  biburl       = {https://dblp.org/rec/journals/pnas/LampinenM20.bib},
  bibsource    = {dblp computer science bibliography, https://dblp.org}
}

@article{team2024gemma,
  title={Gemma: Open models based on gemini research and technology},
  author={Team, Gemma and Mesnard, Thomas and Hardin, Cassidy and Dadashi, Robert and Bhupatiraju, Surya and Pathak, Shreya and Sifre, Laurent and Rivi{\`e}re, Morgane and Kale, Mihir Sanjay and Love, Juliette and others},
  journal={arXiv preprint arXiv:2403.08295},
  year={2024}
}

@misc{yu2022predictingoutofdistributionerrorprojection,
      title={Predicting Out-of-Distribution Error with the Projection Norm}, 
      author={Yaodong Yu and Zitong Yang and Alexander Wei and Yi Ma and Jacob Steinhardt},
      year={2022},
      eprint={2202.05834},
      archivePrefix={arXiv},
      primaryClass={cs.LG},
      url={https://arxiv.org/abs/2202.05834}, 
}

@misc{zhang2023sirenssongaiocean,
      title={Siren's Song in the AI Ocean: A Survey on Hallucination in Large Language Models}, 
      author={Yue Zhang and Yafu Li and Leyang Cui and Deng Cai and Lemao Liu and Tingchen Fu and Xinting Huang and Enbo Zhao and Yu Zhang and Yulong Chen and Longyue Wang and Anh Tuan Luu and Wei Bi and Freda Shi and Shuming Shi},
      year={2023},
      eprint={2309.01219},
      archivePrefix={arXiv},
      primaryClass={cs.CL},
      url={https://arxiv.org/abs/2309.01219}, 
}

@article{zhong2023mquake,
  title={Mquake: Assessing knowledge editing in language models via multi-hop questions},
  author={Zhong, Zexuan and Wu, Zhengxuan and Manning, Christopher D and Potts, Christopher and Chen, Danqi},
  journal={arXiv preprint arXiv:2305.14795},
  year={2023}
}

