@inproceedings{austin2021d3pm,
  title={Structured denoising diffusion models in discrete state-spaces},
  author={Austin, Jacob and Johnson, Daniel D and Ho, Jonathan and Tarlow, Daniel and Van Den Berg, Rianne},
  booktitle={Advances in Neural Information Processing Systems},
  year={2021}
}

@inproceedings{avdeyev2023dirichlet,
  author       = {Pavel Avdeyev and
                  Chenlai Shi and
                  Yuhao Tan and
                  Kseniia Dudnyk and
                  Jian Zhou},
  title        = {Dirichlet Diffusion Score Model for Biological Sequence Generation},
  booktitle    = {International Conference on Machine Learning},
  year         = {2023},
}

@inproceedings{campbell2022ctmc,
  title={A continuous time framework for discrete denoising models},
  author={Campbell, Andrew and Benton, Joe and De Bortoli, Valentin and Rainforth, Thomas and Deligiannidis, George and Doucet, Arnaud},
  booktitle={Advances in Neural Information Processing Systems},
  year={2022}
}

@inproceedings{chen2023self,
  author       = {Ting Chen and
                  Ruixiang Zhang and
                  Geoffrey E. Hinton},
  title        = {Analog Bits: Generating Discrete Data using Diffusion Models with Self-Conditioning},
  booktitle    = {International Conference on Learning Representation},
  year         = {2023},
}

@inproceedings{cheng2024categorical,
    author = {Chaoran Cheng and
                  Jiahan Li and
                  Jian Peng and
                  Ge Liu},
    title = {Categorical Flow Matching on Statistical Manifolds},
    booktitle = {Advances in Neural Information Processing Systems},
    year = {2024}
}

@inproceedings{davis2024fisherflow,
    author       = {Oscar Davis and
                  Samuel Kessler and
                  Mircea Petrache and
                  {\.I}smail {\.I}lkan Ceylan and
                  Michael M. Bronstein and
                  Avishek Joey Bose},
    title        = {Fisher Flow Matching for Generative Modeling over Discrete Data},
    booktitle = {Advances in Neural Information Processing Systems},
    year = {2024}
}

@article{dieleman2022continuous,
  title={Continuous diffusion for categorical data},
  author={Dieleman, Sander and Sartran, Laurent and Roshannai, Arman and Savinov, Nikolay and Ganin, Yaroslav and Richemond, Pierre H and Doucet, Arnaud and Strudel, Robin and Dyer, Chris and Durkan, Conor and others},
  journal={arXiv:2211.15089},
  year={2022}
}

@article{graves2023bayesian,
  title={Bayesian flow networks},
  author={Graves, Alex and Srivastava, Rupesh Kumar and Atkinson, Timothy and Gomez, Faustino},
  journal={arXiv:2308.07037},
  year={2023}
}

@article{han2022ssd,
  title={Ssd-lm: Semi-autoregressive simplex-based diffusion language model for text generation and modular control},
  author={Han, Xiaochuang and Kumar, Sachin and Tsvetkov, Yulia},
  journal={arXiv:2210.17432},
  year={2022}
}

@inproceedings{hoogeboom2021multinomial,
  author       = {Emiel Hoogeboom and
                  Didrik Nielsen and
                  Priyank Jaini and
                  Patrick Forr{\'{e}} and
                  Max Welling},
  title        = {Argmax Flows and Multinomial Diffusion: Learning Categorical Distributions},
  booktitle    = {Advances in Neural Information Processing Systems},
  year         = {2021},
}

@inproceedings{li2022diffusion,
  title={Diffusion-lm improves controllable text generation},
  author={Li, Xiang and Thickstun, John and Gulrajani, Ishaan and Liang, Percy S and Hashimoto, Tatsunori B},
  booktitle={Advances in Neural Information Processing Systems},
  year={2022}
}

@inproceedings{lou2024sedd,
  author       = {Lou, Aaron and Meng, Chenlin and Ermon, Stefano},
  title        = {Discrete diffusion language modeling by estimating the ratios of the data distribution},
  booktitle    = {International Conference on Machine Learning},
  year         = {2024},
}

@inproceedings{sahoo2024simple,
    title={Simple and Effective Masked Diffusion Language Models},
    author={Subham Sekhar Sahoo and Marianne Arriola and Aaron Gokaslan and Edgar Mariano Marroquin and Alexander M Rush and Yair Schiff and Justin T Chiu and Volodymyr Kuleshov},
    booktitle={Advances in Neural Information Processing Systems},
    year={2024},
}

@inproceedings{shi2024md4,
  title={Simplified and Generalized Masked Diffusion for Discrete Data},
  author={Shi, Jiaxin and Han, Kehang and Wang, Zhe and Doucet, Arnaud and Titsias, Michalis K},
  booktitle={Advances in Neural Information Processing Systems},
  year={2024}
}

@inproceedings{stark2024dirichlet,
  author       = {Hannes St{\"{a}}rk and
                  Bowen Jing and
                  Chenyu Wang and
                  Gabriele Corso and
                  Bonnie Berger and
                  Regina Barzilay and
                  Tommi S. Jaakkola},
  title        = {Dirichlet Flow Matching with Applications to {DNA} Sequence Design},
  booktitle    = {International Conference on Machine Learning},
  year         = {2024},
}

