@inproceedings{austin2021d3pm,
  title={Structured denoising diffusion models in discrete state-spaces},
  author={Austin, Jacob and Johnson, Daniel D and Ho, Jonathan and Tarlow, Daniel and Van Den Berg, Rianne},
  booktitle={Advances in Neural Information Processing Systems},
  year={2021}
}

@inproceedings{shi2024md4,
  title={Simplified and Generalized Masked Diffusion for Discrete Data},
  author={Shi, Jiaxin and Han, Kehang and Wang, Zhe and Doucet, Arnaud and Titsias, Michalis K},
  booktitle={Advances in Neural Information Processing Systems},
  year={2024}
}

@inproceedings{sahoo2024simple,
    title={Simple and Effective Masked Diffusion Language Models},
    author={Subham Sekhar Sahoo and Marianne Arriola and Aaron Gokaslan and Edgar Mariano Marroquin and Alexander M Rush and Yair Schiff and Justin T Chiu and Volodymyr Kuleshov},
    booktitle={Advances in Neural Information Processing Systems},
    year={2024},
}

@inproceedings{campbell2022ctmc,
  title={A continuous time framework for discrete denoising models},
  author={Campbell, Andrew and Benton, Joe and De Bortoli, Valentin and Rainforth, Thomas and Deligiannidis, George and Doucet, Arnaud},
  booktitle={Advances in Neural Information Processing Systems},
  year={2022}
}

@article{domingo2023socm,
  title={Stochastic optimal control matching},
  author={Domingo-Enrich, Carles and Han, Jiequn and Amos, Brandon and Bruna, Joan and Chen, Ricky TQ},
  journal={arXiv:2312.02027},
  year={2023}
}


@inproceedings{li2022diffusion,
  title={Diffusion-lm improves controllable text generation},
  author={Li, Xiang and Thickstun, John and Gulrajani, Ishaan and Liang, Percy S and Hashimoto, Tatsunori B},
  booktitle={Advances in Neural Information Processing Systems},
  year={2022}
}

@inproceedings{lin2023genie,
  title={Text generation with diffusion language models: A pre-training approach with continuous paragraph denoise},
  author={Lin, Zhenghao and Gong, Yeyun and Shen, Yelong and Wu, Tong and Fan, Zhihao and Lin, Chen and Duan, Nan and Chen, Weizhu},
  booktitle={International Conference on Machine Learning},
  year={2023}
}

@inproceedings{han2023ssd-lm,
  author       = {Xiaochuang Han and
                  Sachin Kumar and
                  Yulia Tsvetkov},
  title        = {{SSD-LM:} Semi-autoregressive Simplex-based Diffusion Language Model
                  for Text Generation and Modular Control},
  booktitle    = {Annual Meeting of the Association for Computational Linguistics},
  year         = {2023}
}

@inproceedings{jo2024riemannian,
  author       = {Jaehyeong Jo and
                  Sung Ju Hwang},
  title        = {Generative Modeling on Manifolds Through Mixture of Riemannian Diffusion Processes},
  booktitle    = {International Conference on Machine Learning},
  year         = {2024},
}

@book{hsu2002stochastic,
  title={Stochastic analysis on manifolds},
  author={Hsu, Elton P},
  number={38},
  year={2002},
  publisher={American Mathematical Society},
  series={Graduate studies in mathematics},
}

@inproceedings{cheng2024categorical,
    author = {Chaoran Cheng and
                  Jiahan Li and
                  Jian Peng and
                  Ge Liu},
    title = {Categorical Flow Matching on Statistical Manifolds},
    booktitle = {Advances in Neural Information Processing Systems},
    year = {2024}
}

@inproceedings{davis2024fisherflow,
    author       = {Oscar Davis and
                  Samuel Kessler and
                  Mircea Petrache and
                  {\.I}smail {\.I}lkan Ceylan and
                  Michael M. Bronstein and
                  Avishek Joey Bose},
    title        = {Fisher Flow Matching for Generative Modeling over Discrete Data},
    booktitle = {Advances in Neural Information Processing Systems},
    year = {2024}
}

@misc{data_text8,
author = {Matt Mahoney},
title = {Large text compression benchmark},
note = {.},
year = {2006},
howpublished = {\url{https://www.mattmahoney.net/dc/text.html}}
}

@misc{data_openwebtext,
author = {Aaron Gokaslan and Vanya Cohen},
title = {Openwebtext corpus},
note = {.},
year = {2019},
howpublished = {\url{https://skylion007.github.io/OpenWebTextCorpus/}}
}

@article{radford2019gpt2,
  title={Language models are unsupervised multitask learners},
  author={Radford, Alec and Wu, Jeffrey and Child, Rewon and Luan, David and Amodei, Dario and Sutskever, Ilya and others},
  journal={OpenAI blog},
  volume={1},
  number={8},
  pages={9},
  year={2019}
}


@inproceedings{lou2024sedd,
  author       = {Lou, Aaron and Meng, Chenlin and Ermon, Stefano},
  title        = {Discrete diffusion language modeling by estimating the ratios of the data distribution},
  booktitle    = {International Conference on Machine Learning},
  year         = {2024},
}

@inproceedings{gat2024discrete,
  author       = {Itai Gat and
                  Tal Remez and
                  Neta Shaul and
                  Felix Kreuk and
                  Ricky T. Q. Chen and
                  Gabriel Synnaeve and
                  Yossi Adi and
                  Yaron Lipman},
  title        = {Discrete Flow Matching},
  booktitle = {Advances in Neural Information Processing Systems},
  year = {2024}
}

@article{chelba2013one,
  title={One billion word benchmark for measuring progress in statistical language modeling},
  author={Chelba, Ciprian and Mikolov, Tomas and Schuster, Mike and Ge, Qi and Brants, Thorsten and Koehn, Phillipp and Robinson, Tony},
  journal={arXiv preprint arXiv:1312.3005},
  year={2013}
}

@inproceedings{gulrajani2024plaid,
  author={Gulrajani, Ishaan and Hashimoto, Tatsunori B},
  title={Likelihood-based diffusion language models},
  booktitle={Advances in Neural Information Processing Systems},
  year={2024}
}

@article{graves2023bayesian,
  title={Bayesian flow networks},
  author={Graves, Alex and Srivastava, Rupesh Kumar and Atkinson, Timothy and Gomez, Faustino},
  journal={arXiv:2308.07037},
  year={2023}
}

@inproceedings{hoogeboom2022autoregressive,
  title={Autoregressive diffusion models},
  author={Hoogeboom, Emiel and Gritsenko, Alexey A and Bastings, Jasmijn and Poole, Ben and Berg, Rianne van den and Salimans, Tim},
  booktitle={International Conference on Learning Representation},
  year={2022}
}

@inproceedings{shih2022training,
  title={Training and inference on any-order autoregressive models the right way},
  author={Shih, Andy and Sadigh, Dorsa and Ermon, Stefano},
  booktitle={Advances in Neural Information Processing Systems},
  year={2022}
}

@misc{wang2021gpt,
  title={GPT-J-6B: A 6 billion parameter autoregressive language model},
  author={Wang, Ben and Komatsuzaki, Aran},
  howpublished={\url{https://github.com/kingoflolz/mesh-transformer-jax}},
  year={2021}
}

@inproceedings{peebles2023dit,
  title={Scalable diffusion models with transformers},
  author={Peebles, William and Xie, Saining},
  booktitle={Proceedings of the IEEE/CVF International Conference on Computer Vision},
  year={2023}
}

@article{su2024roformer,
  title={Roformer: Enhanced transformer with rotary position embedding},
  author={Su, Jianlin and Ahmed, Murtadha and Lu, Yu and Pan, Shengfeng and Bo, Wen and Liu, Yunfeng},
  journal={Neurocomputing},
  volume={568},
  pages={127063},
  year={2024},
  publisher={Elsevier}
}

@inproceedings{he2023diffusionbert,
  author       = {Zhengfu He and
                  Tianxiang Sun and
                  Qiong Tang and
                  Kuanning Wang and
                  Xuanjing Huang and
                  Xipeng Qiu},
  title        = {DiffusionBERT: Improving Generative Masked Language Models with Diffusion
                  Models},
  booktitle    = {Annual Meeting of the Association for Computational Linguistics},
  year         = {2023}
}

@article{garcia2022girsanov,
  title={Brenier--Schr{\"o}dinger problem on compact manifolds with boundary},
  author={Garc{\'\i}a-Zelada, David and Huguet, Baptiste},
  journal={Stochastic Analysis and Applications},
  volume={40},
  number={3},
  pages={426--454},
  year={2022},
  publisher={Taylor \& Francis}
}

@inproceedings{de2022riemannian,
  title={Riemannian score-based generative modelling},
  author={De Bortoli, Valentin and Mathieu, Emile and Hutchinson, Michael and Thornton, James and Teh, Yee Whye and Doucet, Arnaud},
  booktitle={Advances in Neural Information Processing Systems},
  year={2022}
}

@article{peluchetti2021mixture,
  author    = {Stefano Peluchetti},
  title     = {Non-Denoising Forward-Time Diffusions},
  journal   = {Openreview},
  year      = {2021},
}

@article{brigo2008mixture,
  title={The general mixture-diffusion SDE and its relationship with an uncertain-volatility option model with volatility-asset decorrelation},
  author={Brigo, Damiano},
  journal={arXiv:0812.4052},
  year={2008}
}

@article{shaul2024flow,
  title={Flow Matching with General Discrete Paths: A Kinetic-Optimal Perspective},
  author={Shaul, Neta and Gat, Itai and Havasi, Marton and Severo, Daniel and Sriram, Anuroop and Holderrieth, Peter and Karrer, Brian and Lipman, Yaron and Chen, Ricky TQ},
  journal={arXiv:2412.03487},
  year={2024}
}

@book{oksendal2003sde,
    series = {Universitext},
    title = {Stochastic {Differential} {Equations}},
    publisher = {Springer Berlin Heidelberg},
    author = {Ã˜ksendal, Bernt},
    year = {2003},
}

@inproceedings{hoogeboom2021multinomial,
  author       = {Emiel Hoogeboom and
                  Didrik Nielsen and
                  Priyank Jaini and
                  Patrick Forr{\'{e}} and
                  Max Welling},
  title        = {Argmax Flows and Multinomial Diffusion: Learning Categorical Distributions},
  booktitle    = {Advances in Neural Information Processing Systems},
  year         = {2021},
}


@inproceedings{avdeyev2023dirichlet,
  author       = {Pavel Avdeyev and
                  Chenlai Shi and
                  Yuhao Tan and
                  Kseniia Dudnyk and
                  Jian Zhou},
  title        = {Dirichlet Diffusion Score Model for Biological Sequence Generation},
  booktitle    = {International Conference on Machine Learning},
  year         = {2023},
}

@inproceedings{stark2024dirichlet,
  author       = {Hannes St{\"{a}}rk and
                  Bowen Jing and
                  Chenyu Wang and
                  Gabriele Corso and
                  Bonnie Berger and
                  Regina Barzilay and
                  Tommi S. Jaakkola},
  title        = {Dirichlet Flow Matching with Applications to {DNA} Sequence Design},
  booktitle    = {International Conference on Machine Learning},
  year         = {2024},
}


@article{hon2017atlas,
  title={An atlas of human long non-coding RNAs with accurate 5 ends},
  author={Hon, Chung-Chau and Ramilowski, Jordan A and Harshbarger, Jayson and Bertin, Nicolas and Rackham, Owen JL and Gough, Julian and Denisenko, Elena and Schmeier, Sebastian and Poulsen, Thomas M and Severin, Jessica and others},
  journal={Nature},
  volume={543},
  number={7644},
  pages={199--204},
  year={2017},
  publisher={Nature Publishing Group UK London}
}


@book{amari2016information,
  title={Information geometry and its applications},
  author={Amari, Shun-ichi},
  volume={194},
  year={2016},
  publisher={Springer}
}

@incollection{rao1992information,
  title={Information and the accuracy attainable in the estimation of statistical parameters},
  author={Rao, C Radhakrishna},
  booktitle={Breakthroughs in Statistics: Foundations and basic theory},
  pages={235--247},
  year={1992},
  publisher={Springer}
}

@article{dieleman2022continuous,
  title={Continuous diffusion for categorical data},
  author={Dieleman, Sander and Sartran, Laurent and Roshannai, Arman and Savinov, Nikolay and Ganin, Yaroslav and Richemond, Pierre H and Doucet, Arnaud and Strudel, Robin and Dyer, Chris and Durkan, Conor and others},
  journal={arXiv:2211.15089},
  year={2022}
}

@article{han2022ssd,
  title={Ssd-lm: Semi-autoregressive simplex-based diffusion language model for text generation and modular control},
  author={Han, Xiaochuang and Kumar, Sachin and Tsvetkov, Yulia},
  journal={arXiv:2210.17432},
  year={2022}
}

@inproceedings{peebles2023scalable,
  title={Scalable diffusion models with transformers},
  author={Peebles, William and Xie, Saining},
  booktitle={International Conference on Computer Vision},
  year={2023}
}

@inproceedings{chen2023self,
  author       = {Ting Chen and
                  Ruixiang Zhang and
                  Geoffrey E. Hinton},
  title        = {Analog Bits: Generating Discrete Data using Diffusion Models with Self-Conditioning},
  booktitle    = {International Conference on Learning Representation},
  year         = {2023},
}

@article{gretton2012kernel,
  title={A kernel two-sample test},
  author={Gretton, Arthur and Borgwardt, Karsten M and Rasch, Malte J and Sch{\"o}lkopf, Bernhard and Smola, Alexander},
  journal={The Journal of Machine Learning Research},
  volume={13},
  number={1},
  pages={723--773},
  year={2012},
  publisher={JMLR. org}
}


@inproceedings{dhariwal2021image,
  author       = {Prafulla Dhariwal and
                  Alexander Quinn Nichol},
  title        = {Diffusion Models Beat GANs on Image Synthesis},
  booktitle    = {Advances in Neural Information Processing Systems},
  year         = {2021},
}

@inproceedings{saharia2022image,
  author       = {Chitwan Saharia and
                  William Chan and
                  Saurabh Saxena and
                  Lala Li and
                  Jay Whang and
                  Emily L. Denton and
                  Seyed Kamyar Seyed Ghasemipour and
                  Raphael Gontijo Lopes and
                  Burcu Karagol Ayan and
                  Tim Salimans and
                  Jonathan Ho and
                  David J. Fleet and
                  Mohammad Norouzi},
  title        = {Photorealistic Text-to-Image Diffusion Models with Deep Language Understanding},
  booktitle    = {Advances in Neural Information Processing Systems},
  year         = {2022},
}

@article{polyak2024moviegen,
  author       = {Adam Polyak and
                  Amit Zohar and
                  Andrew Brown and
                  Andros Tjandra and
                  Animesh Sinha and
                  Ann Lee and
                  Apoorv Vyas and
                  Bowen Shi and
                  Chih{-}Yao Ma and
                  Ching{-}Yao Chuang and
                  David Yan and
                  Dhruv Choudhary and
                  Dingkang Wang and
                  Geet Sethi and
                  Guan Pang and
                  Haoyu Ma and
                  Ishan Misra and
                  Ji Hou and
                  Jialiang Wang and
                  Kiran Jagadeesh and
                  Kunpeng Li and
                  Luxin Zhang and
                  Mannat Singh and
                  Mary Williamson and
                  Matt Le and
                  Matthew Yu and
                  Mitesh Kumar Singh and
                  Peizhao Zhang and
                  Peter Vajda and
                  Quentin Duval and
                  Rohit Girdhar and
                  Roshan Sumbaly and
                  Sai Saketh Rambhatla and
                  Sam S. Tsai and
                  Samaneh Azadi and
                  Samyak Datta and
                  Sanyuan Chen and
                  Sean Bell and
                  Sharadh Ramaswamy and
                  Shelly Sheynin and
                  Siddharth Bhattacharya and
                  Simran Motwani and
                  Tao Xu and
                  Tianhe Li and
                  Tingbo Hou and
                  Wei{-}Ning Hsu and
                  Xi Yin and
                  Xiaoliang Dai and
                  Yaniv Taigman and
                  Yaqiao Luo and
                  Yen{-}Cheng Liu and
                  Yi{-}Chiao Wu and
                  Yue Zhao and
                  Yuval Kirstain and
                  Zecheng He and
                  Zijian He and
                  Albert Pumarola and
                  Ali K. Thabet and
                  Artsiom Sanakoyeu and
                  Arun Mallya and
                  Baishan Guo and
                  Boris Araya and
                  Breena Kerr and
                  Carleigh Wood and
                  Ce Liu and
                  Cen Peng and
                  Dmitry Vengertsev and
                  Edgar Sch{\"{o}}nfeld and
                  Elliot Blanchard and
                  Felix Juefei{-}Xu and
                  Fraylie Nord and
                  Jeff Liang and
                  John Hoffman and
                  Jonas Kohler and
                  Kaolin Fire and
                  Karthik Sivakumar and
                  Lawrence Chen and
                  Licheng Yu and
                  Luya Gao and
                  Markos Georgopoulos and
                  Rashel Moritz and
                  Sara K. Sampson and
                  Shikai Li and
                  Simone Parmeggiani and
                  Steve Fine and
                  Tara Fowler and
                  Vladan Petrovic and
                  Yuming Du},
  title        = {Movie Gen: {A} Cast of Media Foundation Models},
  journal      = {arXiv:2410.13720},
  year         = {2024},
}

@misc{brooks2024video,
  title={Video generation models as world simulators},
  author={Brooks, Tim and Peebles, Bill and Holmes, Connor and DePue, Will and Guo, Yufei and Jing, Li and Schnurr, David and Taylor, Joe and Luhman, Troy and Luhman, Eric and others},
  journal={2024-03-03]. https://openai. com/research/video-generation-modelsas-world-simulators},
  year={2024}
}

@inproceedings{esser2024image,
  author       = {Patrick Esser and
                  Sumith Kulal and
                  Andreas Blattmann and
                  Rahim Entezari and
                  Jonas M{\"{u}}ller and
                  Harry Saini and
                  Yam Levi and
                  Dominik Lorenz and
                  Axel Sauer and
                  Frederic Boesel and
                  Dustin Podell and
                  Tim Dockhorn and
                  Zion English and
                  Robin Rombach},
  title        = {Scaling Rectified Flow Transformers for High-Resolution Image Synthesis},
  booktitle    = {International Conference on Machine Learning},
  year         = {2024},
}

@inproceedings{ziegler2019iaf,
  author       = {Zachary M. Ziegler and
                  Alexander M. Rush},
  title        = {Latent Normalizing Flows for Discrete Sequences},
  booktitle    = {International Conference on Machine Learning},
  year         = {2019},
}

@inproceedings{tran2019discrete,
  author       = {Dustin Tran and
                  Keyon Vafa and
                  Kumar Krishna Agrawal and
                  Laurent Dinh and
                  Ben Poole},
  title        = {Discrete Flows: Invertible Generative Models of Discrete Data},
  booktitle    = {Advances in Neural Information Processing Systems},
  year         = {2019},
}

@inproceedings{shih2022ardm,
  author       = {Andy Shih and
                  Dorsa Sadigh and
                  Stefano Ermon},
  title        = {Training and Inference on Any-Order Autoregressive Models the Right Way},
  booktitle    = {Advances in Neural Information Processing Systems},
  year         = {2022},
}

@inproceedings{vaswani2017transformer,
  author       = {Ashish Vaswani and
                  Noam Shazeer and
                  Niki Parmar and
                  Jakob Uszkoreit and
                  Llion Jones and
                  Aidan N. Gomez and
                  Lukasz Kaiser and
                  Illia Polosukhin},
  title        = {Attention is All you Need},
  booktitle    = {Advances in Neural Information Processing Systems},
  pages        = {5998--6008},
  year         = {2017},
}

@article{child2019sparse,
  author       = {Rewon Child and
                  Scott Gray and
                  Alec Radford and
                  Ilya Sutskever},
  title        = {Generating Long Sequences with Sparse Transformers},
  journal      = {arXiv:1904.10509},
  year         = {2019},
}

@inproceedings{chen2018pixelsnail,
  author       = {Xi Chen and
                  Nikhil Mishra and
                  Mostafa Rohaninejad and
                  Pieter Abbeel},
  title        = {PixelSNAIL: An Improved Autoregressive Generative Model},
  booktitle    = {International Conference on Machine Learning},
  year         = {2018},
}

@book{ay2017information,
  title={Information geometry},
  author={Ay, Nihat and Jost, J{\"u}rgen and V{\^a}n L{\^e}, H{\^o}ng and Schwachh{\"o}fer, Lorenz},
  volume={64},
  year={2017},
  publisher={Springer}
}

@article{loshchilov17adamw,
  title={Decoupled weight decay regularization},
  author={Loshchilov, Ilya and Hutter, Frank},
  journal={arXiv:1711.05101},
  year={2017}
}

@inproceedings{oord2016pixel,
  author       = {A{\"{a}}ron van den Oord and
                  Nal Kalchbrenner and
                  Koray Kavukcuoglu},
  title        = {Pixel Recurrent Neural Networks},
  booktitle    = {International Conference on Machine Learning},
  year         = {2016},
}

@inproceedings{oord2016gated,
  author       = {A{\"{a}}ron van den Oord and
                  Nal Kalchbrenner and
                  Lasse Espeholt and
                  Koray Kavukcuoglu and
                  Oriol Vinyals and
                  Alex Graves},
  title        = {Conditional Image Generation with PixelCNN Decoders},
  booktitle    = {Advances in Neural Information Processing Systems},
  year         = {2016},
}

@inproceedings{salimans2017pixel,
  author       = {Tim Salimans and
                  Andrej Karpathy and
                  Xi Chen and
                  Diederik P. Kingma},
  title        = {PixelCNN++: Improving the PixelCNN with Discretized Logistic Mixture Likelihood and Other Modifications},
  booktitle    = {International Conference on Learning Representations},
  year         = {2017},
}

@inproceedings{parmar2018image,
  title={Image transformer},
  author={Parmar, Niki and Vaswani, Ashish and Uszkoreit, Jakob and Kaiser, Lukasz and Shazeer, Noam and Ku, Alexander and Tran, Dustin},
  booktitle={International Conference on Machine Learning},
  year={2018},
}

@inproceedings{jo2024graph,
  author       = {Jaehyeong Jo and
                  Dongki Kim and
                  Sung Ju Hwang},
  title        = {Graph Generation with Diffusion Mixture},
  booktitle    = {International Conference on Machine Learning},
  year         = {2024}
}

@inproceedings{jung2024mol,
  author       = {Hojung Jung and
                  Youngrok Park and
                  Laura Schmid and
                  Jaehyeong Jo and
                  Dongkyu Lee and
                  Bongsang Kim and
                  Se{-}Young Yun and
                  Jinwoo Shin},
  title        = {Conditional Synthesis of 3D Molecules with Time Correction Sampler},
  booktitle    = {Advances in Neural Information Processing Systems},
  year         = {2024},
}

@article{ho2022classifier,
  title={Classifier-free diffusion guidance},
  author={Ho, Jonathan and Salimans, Tim},
  journal={arXiv:2207.12598},
  year={2022}
}

@inproceedings{dhariwal2021guidance,
  author       = {Prafulla Dhariwal and
                  Alexander Quinn Nichol},
  title        = {Diffusion Models Beat GANs on Image Synthesis},
  booktitle    = {Advances in Neural Information Processing Systemsl},
  year         = {2021},
}