@article{harmon2021use,
  title={},
  author={Harmon, Joanne and Pitt, Victoria and Summons, Peter and Inder, Kerry J},
  journal={Nurse Education Today},
  volume={97},
  pages={104700},
  year={2021},
  publisher={Elsevier}
}

@article{FLAME:SiggraphAsia2017, 
  title = {``{L}earning a model of facial shape and expression from {4D} scans''}, 
  author = {Li, Tianye and Bolkart, Timo and Black, Michael. J. and Li, Hao and Romero, Javier}, 
  journal = {ACM Transactions on Graphics, (Proc. SIGGRAPH Asia)}, 
  volume = {36}, 
  number = {6}, 
  year = {2017}, 
  pages = {194:1--194:17},
  url = {https://doi.org/10.1145/3130800.3130813} 
}

@article{qian2023gaussianavatars,
  title={``{G}aussianAvatars: Photorealistic Head Avatars with Rigged 3D Gaussians''},
  author={Qian, Shenhan and Kirschstein, Tobias and Schoneveld, Liam and Davoli, Davide and Giebenhain, Simon and Nie\ss{}ner, Matthias},
  journal={arXiv preprint arXiv:2312.02069},
  year={2023}
}

@article{ma2023standardized,
  title={``{S}tandardized patient simulation for more effective undergraduate nursing education: a systematic review and meta-analysis''},
  author={Ma, Jinkyoung and Lee, Youngjin and Kang, Jiwon},
  journal={Clinical Simulation in Nursing},
  volume={74},
  pages={19--37},
  year={2023},
  publisher={Elsevier}
}

@article{kang2023effect,
  title={``{T}he Effect of Mixed Reality-based HoloPatient in Problem-based Learning Contexts''},
  author={Kang, Yun and Lee, Insook},
  journal={Clinical Simulation in Nursing},
  volume={82},
  pages={101438},
  year={2023},
  publisher={Elsevier}
}

@inproceedings{shah2023orchestrating,
  title={``{O}rchestrating virtual reality simulations in undergraduate nursing education''},
  author={Shah, Mamta and Wills-Savoia, J},
  booktitle={Companion Proceedings 13th International Conference on Learning Analytics \& Knowledge (LAK23)},
  pages={9--12},
  year={2023}
}

@article{van2017neural,
  title={``{N}eural discrete representation learning''},
  author={Van Den Oord, Aaron and Vinyals, Oriol and others},
  journal={Advances in neural information processing systems},
  volume={30},
  year={2017}
}

@article{damfinite,
  title={``{F}inite Scalar Quantization as Facial Tokenizer for Dyadic Reaction Generation''},
  author={Dam, Quang Tien and Nguyen, Tri Tung Nguyen and Tran, Dinh Tuan and Lee, Joo-Ho}
}

@article{song2024react,
  title={``{R}eact 2024: the second multiple appropriate facial reaction generation challenge''},
  author={Song, Siyang and Spitale, Micol and Luo, Cheng and Palmero, Cristina and Barquero, German and Zhu, Hengde and Escalera, Sergio and Valstar, Michel and Baur, Tobias and Ringeval, Fabien and others},
  journal={arXiv preprint arXiv:2401.05166},
  year={2024}
}