@inproceedings{navarro2007comprehensive,
  title={Comprehensive evaluation of an educational software engineering simulation environment},
  author={Navarro, Emily Oh and Van Der Hoek, Andr{\'e}},
  booktitle={20th Conference on Software Engineering Education \& Training (CSEET'07)},
  pages={195--202},
  year={2007},
  organization={IEEE}
}

@inproceedings{Singer2013CSCW,
 author = {Singer, Leif and Figueira Filho, Fernando and Cleary, Brendan and Treude, Christoph and Storey, Margaret-Anne and Schneider, Kurt},
 title = {Mutual Assessment in the Social Programmer Ecosystem: An Empirical Investigation of Developer Profile Aggregators},
 booktitle = {Proceedings of the 2013 Conference on Computer Supported Cooperative Work},
 series = {CSCW '13},
 year = {2013},
 pages = {103--116},
 numpages = {14},
 publisher = {ACM},
 address = {New York, NY, USA}
} 

@inproceedings{Marlow2013CSCW,
 author = {Marlow, Jennifer and Dabbish, Laura and Herbsleb, Jim},
 title = {Impression Formation in Online Peer Production: Activity Traces and Personal Profiles in {GitHub}},
 booktitle = {Proceedings of the 2013 Conference on Computer Supported Cooperative Work},
 series = {CSCW '13},
 year = {2013},
 pages = {117--128},
 numpages = {12},
 publisher = {ACM},
 address = {New York, NY, USA},
} 


@inproceedings{gerosa2021shifting,
  title={The shifting sands of motivation: Revisiting what drives contributors in open source},
  author={Gerosa, Marco and Wiese, Igor and Trinkenreich, Bianca and Link, Georg and Robles, Gregorio and Treude, Christoph and Steinmacher, Igor and Sarma, Anita},
  booktitle={ICSE 2021},
  year={2021},
  publisher = {{IEEE}}
}

@article{sailer2017gamification,
  title={How gamification motivates: An experimental study of the effects of specific game design elements on psychological need satisfaction},
  author={Sailer, Michael and Hense, Jan Ulrich and Mayr, Sarah Katharina and Mandl, Heinz},
  journal={Computers in human behavior},
  volume={69},
  pages={371--380},
  year={2017},
  publisher={Elsevier}
}

@article{wee2019gamification,
  title={Gamification: Predicting the effectiveness of variety game design elements to intrinsically motivate users' energy conservation behaviour},
  author={Wee, Siaw-Chui and Choong, Weng-Wai},
  journal={Journal of environmental management},
  volume={233},
  pages={97--106},
  year={2019},
  publisher={Elsevier}
}

@article{ryan2000intrinsic,
  title={Intrinsic and extrinsic motivations: Classic definitions and new directions},
  author={Ryan, Richard M and Deci, Edward L},
  journal={Contemporary educational psychology},
  volume={25},
  number={1},
  pages={54--67},
  year={2000},
  publisher={Elsevier}
}

@inproceedings{pinto2019training,
  title={Training software engineers using open-source software: the students' perspective},
  author={Pinto, Gustavo and Ferreira, Clarice and Souza, Cleice and Steinmacher, Igor and Meirelles, Paulo},
  booktitle={ICSE-SEET 2019},
  year={2019},
  organization={IEEE}
}

@inproceedings{trinkenreich2023belong,
  title={Do I Belong? Modeling Sense of Virtual Community Among Linux Kernel Contributors},
  author={Trinkenreich, Bianca and Stol, Klass-Jan and Sarma, Anita and German, Daniel and Gerosa, Marco and Steinmacher, Igor},
  booktitle={International Conference on Software Engineering (ICSE 2023)},
  year={2023},
  organization={IEEE}
}

@article{fagerholm2022cognition,
  title={Cognition in Software Engineering: A Taxonomy and Survey of a Half-Century of Research},
  author={Fagerholm, Fabian and Felderer, Michael and Fucci, Davide and Unterkalmsteiner, Michael and Marculescu, Bogdan and Martini, Markus and Tengberg, Lars G{\"o}ran Wallgren and Feldt, Robert and Lehtel{\"a}, Bettina and Nagyv{\'a}radi, Bal{\'a}zs and others},
  journal={ACM Computing Surveys},
  year={2022},
  publisher={ACM New York, NY}
}

@inproceedings{pintoFSG17,
  author    = {Gustavo Henrique Lima Pinto and
               Fernando Figueira Filho and
               Igor Steinmacher and
               Marco  Gerosa},
  title     = {Training Software Engineers Using Open-Source Software: The Professors'
               Perspective},
  booktitle = {CSEE\&T},
  publisher = {{IEEE}},
  year      = {2017}
}


@article{guizani2021long,
  title={The long road ahead: ongoing challenges in contributing to large {OSS} organizations and what to do},
  author={Guizani, Mariam and Chatterjee, Amreeta and Trinkenreich, Bianca and May, Mary Evelyn and Noa-Guevara, Geraldine J and Russell, Liam James and Cuevas Zambrano, Griselda G and Izquierdo-Cortazar, Daniel and Steinmacher, Igor and Gerosa, Marco and others},
  journal={Proc. ACM Hum.-Comput. Interact.},
  year={2021},
  publisher={ACM New York, NY, USA}
}

@article{von2012carrots,
  title={Carrots and rainbows: motivation and social practice in open source software development},
  author={Von Krogh, Georg and Haefliger, Stefan and Spaeth, Sebastian and Wallin, Martin W},
  journal={MIS Q},
  year={2012},
  publisher={JSTOR}
}

@inproceedings{jergensen2011onion,
  title={The onion patch: migration in open source ecosystems},
  author={Jergensen, Corey and Sarma, Anita and Wagstrom, Patrick},
  booktitle={19th ESEC/FSE 2011},
  publisher = {{ACM}},
  year={2011}
}

@article{cai2016reputation,
  title={Reputation in an open source software community: antecedents and impacts},
  author={Cai, Yuanfeng and Zhu, Dan},
  journal={Decision Support Systems},
  year={2016},
  publisher={Elsevier}
}

@article{riehle2015open,
  title={How open source is changing the software developer's career.},
  author={Riehle, Dirk},
  journal={Computer},
  year={2015}
}

@inproceedings{parra2016making,
  title={Making a difference: an overview of humanitarian free open source systems},
  author={Parra, Esteban and Haiduc, Sonia and James, Rebecca},
  booktitle={ICSE 2016-Companion},
  year={2016},
  publisher = {{ACM}}
}

@inproceedings{greene2016cvexplorer,
  title={Cvexplorer: identifying candidate developers by mining and exploring their open source contributions},
  author={Greene, Gillian J and Fischer, Bernd},
  booktitle={ASE 2016},
  publisher = {{ACM}},
  year={2016}
}

@article{padala2020gender,
  title={How gender-biased tools shape newcomer experiences in {OSS} projects},
  author={Padala, Susmita Hema and Mendez, Christopher John and Dias, Luiz Felipe and Steinmacher, Igor and Hanson, Zoe Steine and Hilderbrand, Claudia and Horvath, Amber and Hill, Charles and Simpson, Logan Dale and Burnett, Margaret and others},
  journal={IEEE TSE},
  year={2020},
  publisher={IEEE}
}

@inproceedings{steinmacher2016overcoming,
  title={Overcoming open source project entry barriers with a portal for newcomers},
  author={Steinmacher, Igor and Conte, Tayana and Treude, Christoph and Gerosa, Marco},
  booktitle={ICSE 2016},
  year={2016}
}

@inproceedings{chatterjee2021aid,
  title={AID: an automated detector for gender-inclusivity bugs in {OSS} project pages},
  author={Chatterjee, Amreeta and Guizani, Mariam and Stevens, Catherine and Emard, Jillian and May, Mary Evelyn and Burnett, Margaret and Ahmed, Iftekhar and Sarma, Anita},
  booktitle={ICSE 2021},
  year={2021},
  organization={IEEE}
}

@inproceedings{mendez2018open,
  title={Open source barriers to entry, revisited: a sociotechnical perspective},
  author={Mendez, Christopher and Padala, Hema Susmita and Steine-Hanson, Zoe and Hilderbrand, Claudia and Horvath, Amber and Hill, Charles and Simpson, Logan and Patil, Nupoor and Sarma, Anita and Burnett, Margaret},
  booktitle={ICSE 2018},
  year={2018}
}

@inproceedings{steinmacher2015social,
  title={Social barriers faced by newcomers placing their first contribution in open source software projects},
  author={Steinmacher, Igor and Conte, Tayana and Gerosa, Marco and Redmiles, David},
  booktitle={ACM CSCW 2015},
  year={2015}
}

@article{horwitz2007effects,
  title={The effects of team diversity on team outcomes: a meta-analytic review of team demography},
  author={Horwitz, Sujin K and Horwitz, Irwin B},
  journal={Journal of Management},
  year={2007},
  publisher={Sage Publications Sage CA: Los Angeles, CA}
}

@inproceedings{vasilescu2015gender,
  title={Gender and tenure diversity in {GitHub} teams},
  author={Vasilescu, Bogdan and Posnett, Daryl and Ray, Baishakhi and van den Brand, Mark GJ and Serebrenik, Alexander and Devanbu, Premkumar and Filkov, Vladimir},
  booktitle={ACM CHI Conference},
  year={2015}
}

@inproceedings{marlow2013impression,
  title={Impression formation in online peer production: activity traces and personal profiles in {GitHub}},
  author={Marlow, Jennifer and Dabbish, Laura and Herbsleb, Jim},
  booktitle={ACM CSCW 2013},
  publisher = {{ACM}},
  year={2013}
}

@inproceedings{singer2013mutual,
  title={Mutual assessment in the social programmer ecosystem: an empirical investigation of developer profile aggregators},
  author={Singer, Leif and Figueira Filho, Fernando and Cleary, Brendan and Treude, Christoph and Storey, Margaret-Anne and Schneider, Kurt},
  booktitle={ACM CSCW 2013},
  year={2013}
}

@inproceedings{ford2017someone,
  title={Someone like me: how does peer parity influence participation of women on stack overflow?},
  author={Ford, Denae and Harkins, Alisse and Parnin, Chris},
  booktitle={VL/HCC 2017},
  year={2017},
  publisher = {{IEEE CS}}
}

@inproceedings{robles2016women,
  title={Women in free/libre/open source software: the situation in the 2010s},
  author={Robles, Gregorio and Reina, Laura Arjona and Gonz{\'a}lez-Barahona, Jes{\'u}s M and Dom{\'\i}nguez, Santiago Due{\~n}as},
  booktitle={OSS Conference 2016},
  year={2016},
  publisher = {Springer}
}





@inproceedings{burnett2010gender,
  title={Gender differences and programming environments: across programming populations},
  author={Burnett, Margaret and Fleming, Scott D and Iqbal, Shamsi and Venolia, Gina and Rajaram, Vidya and Farooq, Umer and Grigoreanu, Valentina and Czerwinski, Mary},
  booktitle={ESEM 2010},
  publisher = {{ACM}},
  year={2010}
}

@article{cazan2016computer,
  title={Computer anxiety and attitudes towards the computer and the internet with Romanian high-school and university students},
  author={Cazan, Ana-Maria and Cocorad{\u{a}}, Elena and Maican, C{\u{a}}t{\u{a}}lin Ioan},
  journal={Computers in Human Behavior},
  year={2016},
  publisher={Elsevier}
}

%removed space
@article{singh2013role,
  title={Role of gender, self-efficacy, anxiety and testing formats in learning spreadsheets},
  author={Singh, Anil and Bhadauria, Vikram and Jain, Anurag and Gurung, Anil},
  journal={Computers in Human Behavior},
  year={2013},
  publisher={Elsevier}
}

@article{gill2016iot,
  title={IoT-enabled emergency information supply chain architecture for elderly people: the Australian context},
  author={Gill, Asif Qumer and Phennel, Nathan and Lane, Dean and Phung, Vinh Loc},
  journal={Information Systems},
  year={2016},
  publisher={Elsevier}
}

@article{gullikson1999impact,
  title={The impact of information architecture on academic web site usability},
  author={Gullikson, Shelley and Blades, Ruth and Bragdon, Marc and McKibbon, Shelley and Sparling, Marnie and Toms, Elaine G},
  journal={The Electronic Library},
  year={1999},
  publisher={MCB UP Ltd}
}

@article{miller2004modeling,
  title={Modeling information navigation: implications for information architecture},
  author={Miller, Craig S and Remington, Roger W},
  journal={Human-computer interaction},
  year={2004},
  publisher={Taylor \& Francis}
}

@inproceedings{burnett2016finding,
  title={Finding gender-inclusiveness software issues with {GenderMag}: a field investigation},
  author={Burnett, Margaret and Peters, Anicia and Hill, Charles and Elarief, Noha},
  booktitle={ACM CHI Conference},
  year={2016}
}

@inproceedings{bosu2019diversity,
  title={Diversity and inclusion in open source software (OSS) projects: where do we stand?},
  author={Bosu, Amiangshu and Sultana, Kazi Zakia},
  booktitle={ESEM 2019},
  year={2019}
}

@article{terrell2016gender,
  title={Gender bias in open source: pull request acceptance of women versus men.},
  author={Terrell, Josh and Kofink, Andrew and Middleton, Justin and Rainear, Clarissa and Murphy-Hill, Emerson R and Parnin, Chris},
  journal={PeerJ Prepr.},
  year={2016}
}



@article{storey2016social,
  title={How social and communication channels shape and challenge a participatory culture in software development},
  author={Storey, Margaret-Anne and Zagalsky, Alexey and Figueira Filho, Fernando and Singer, Leif and German, Daniel M},
  journal={IEEE TSE},
  year={2016}
}

@inproceedings{hannebauer2017relationship,
  title={On the relationship between newcomer motivations and contribution barriers in open source projects},
  author={Hannebauer, Christoph and Gruhn, Volker},
  booktitle={OpenSym'17},
  publisher = {{ACM}},
  year={2017}
}

@inproceedings{jensen2011joining,
  title={Joining free/open source software communities: an analysis of newbies' first interactions on project mailing lists},
  author={Jensen, Carlos and King, Scott and Kuechler, Victor},
  booktitle={44th HICSS},
  year={2011},
  publisher = {{IEEE}}
}



@inproceedings{steinmacher2014preliminary,
  title={Preliminary empirical identification of barriers faced by newcomers to open source software projects},
  author={Steinmacher, Igor and Chaves, Ana Paula and Conte, Tayana and Gerosa, Marco},
  booktitle={SBES 2014},
  publisher = {{IEEE} CS},
  year={2014}
}

%removed space
@inproceedings{mall2020four,
  title={Four types of toxic people: characterizing online users’ toxicity over time},
  author={Mall, Raghvendra and Nagpal, Mridul and Salminen, Joni and Almerekhi, Hind and Jung, Soon-Gyo and Jansen, Bernard J},
  booktitle={11th NordiCHI},
  publisher = {{ACM}},
  year={2020}
}

@article{prana2021including,
  title={Including everyone, everywhere: understanding opportunities and challenges of geographic gender-inclusion in oss},
  author={Prana, Gede and Ford, Denae and Rastogi, Ayushi and Lo, David and Purandare, Rahul and Nagappan, Nachiappan},
  journal={IEEE TSE},
  year={2021},
  publisher={IEEE}
}

@article{balali2018newcomers,
  title={Newcomers’ barriers... is that all? an analysis of mentors’ and newcomers’ barriers in {OSS} projects},
  author={Balali, Sogol and Steinmacher, Igor and Annamalai, Umayal and Sarma, Anita and Gerosa, Marco},
  journal={Computer Supported Cooperative Work (CSCW)},
  year={2018},
  publisher={Springer}
}

@article{burnett2016gendermag,
  title={{GenderMag}: A method for evaluating software's gender inclusiveness},
  author={Burnett, Margaret and Stumpf, Simone and Macbeth, Jamie and Makri, Stephann and Beckwith, Laura and Kwan, Irwin and Peters, Anicia and Jernigan, William},
  journal={Interacting with Computers},
  year={2016},
  publisher={Oxford University Press}
}

@article{stumpf2020gender,
  title={Gender-inclusive HCI research and design: a conceptual review},
  author={Stumpf, Simone and Peters, Anicia and Bardzell, Shaowen and Burnett, Margaret and Busse, Daniela and Cauchard, Jessica and Churchill, Elizabeth},
  journal={Fdns. and Trends in Human--Computer Interaction},
  year={2020},
  publisher={Now Publishers}
}

@inproceedings{feller2000framework,
  title={A framework analysis of the open source software development paradigm},
  author={Feller, Joseph and Fitzgerald, Brian},
  booktitle={ICIS 2000},
  year={2000},
  publisher = {Association for Information Systems}
}

@book{miller2012toward,
  title={Toward a new psychology of women},
  author={Miller, Jean Baker},
  year={2012},
  publisher={Beacon Press},
  address={Boston, USA}
}

@article{vugt2007gender,
  title={Gender differences in cooperation and competition: the male-warrior hypothesis},
  author={Vugt, Mark Van and Cremer, David De and Janssen, Dirk P},
  journal={Psychological Science},
  year={2007},
  publisher={SAGE Publications Sage CA}
}

@article{nafus2012patches,
  title={‘Patches don’t have gender’: what is not open in open source software},
  author={Nafus, Dawn},
  journal={New Media \& Society},
  year={2012},
  publisher={Sage Publications Sage UK: London, England}
}

@book{turkle2005second,
  title={The second self: computers and the human spirit},
  author={Turkle, Sherry},
  year={2005},
  publisher={Mit Press}
}



@inproceedings{mendez2018gender,
  title={Gender in open source software: what the tools tell},
  author={Mendez, Christopher and Sarma, Anita and Burnett, Margaret},
  booktitle={1st Int. Workshop on Gender Equality in Software Engineering},
  publisher = {{ACM}},
  year={2018}
}


%removed space
@article{coursaris2008empirical,
  title={An empirical investigation of color temperature and gender effects on web aesthetics},
  author={Coursaris, Constantinos K and Swierenga, Sarah J and Watrall, Ethan},
  journal={Journal of Usability Studies},
  year={2008},
  publisher={Usability Professionals' Association Bloomingdale, IL}
}

@article{meyers2015revisiting,
  title={Revisiting gender differences: what we know and what lies ahead},
  author={Meyers-Levy, Joan and Loken, Barbara},
  journal={Journal of Consumer Psychology},
  year={2015},
  publisher={Wiley Online Library}
}

@article{riedl2010there,
  title={Are there neural gender differences in online trust? an fMRI study on the perceived trustworthiness of eBay offers},
  author={Riedl, Ren{\'e} and Hubert, Marco and Kenning, Peter},
  journal={MIS Q},
  year={2010},
  publisher={JSTOR}
}



@inproceedings{cao2010debugging,
  title={A debugging perspective on end-user mashup programming},
  author={Cao, Jill and Rector, Kyle and Park, Thomas H and Fleming, Scott D and Burnett, Margaret and Wiedenbeck, Susan},
  booktitle={2010 IEEE Symp. on Visual Languages and Human-Centric Computing},
  publisher = {{IEEE CS}},
  year={2010},
  organization={IEEE}
}

%removed space
@inproceedings{chang2014specialization,
  title={Specialization, homophily, and gender in a social curation site: findings from Pinterest},
  author={Chang, Shuo and Kumar, Vikas and Gilbert, Eric and Terveen, Loren G},
  booktitle={ACM CSCW 2014},
  publisher = {{ACM}},
  year={2014}
}

@inproceedings{hou2006girls,
  title={"Girls don't waste time": pre-adolescent attitudes toward {ICT}},
  author={Hou, Weimin and Kaur, Manpreet and Komlodi, Anita and Lutters, Wayne G and Boot, Lee and Cotten, Shelia R and Morrell, Claudia and Ozok, A Ant and Tufekci, Zeynep},
  booktitle={CHI'06 Extended Abstracts on Human Factors in Computing Systems},
  publisher = {{ACM}},
  year={2006}
}

@book{strauss1998basics,
  title={Basics of qualitative research techniques},
  author={Strauss, Anselm and Corbin, Juliet},
  year={1998},
  publisher={Sage Publications}
}

@article{trinkenreich2021women,
  title={Women's participation in open source software: a survey of the literature},
  author={Trinkenreich, Bianca and Wiese, Igor and Sarma, Anita and Gerosa, Marco and Steinmacher, Igor},
  journal={ACM TOSEM},
  year={2022}
}



@inproceedings{spencer2000streamlined,
  title={The streamlined cognitive walkthrough method, working around social constraints encountered in a software development company},
  author={Spencer, Rick},
  booktitle={ACM CHI Conference},
  year={2000}
}

%removed space
@inproceedings{rosner2009learning,
  title={Learning from IKEA hacking: i'm not one to decoupage a tabletop and call it a day.},
  author={Rosner, Daniela and Bean, Jonathan},
  booktitle = {ACM CHI ConferenceCHI Conf. on Human Factors in Computing
Systems},
  year={2009}
}

%removed space
@article{weber2002domain,
  title={A domain-specific risk-attitude scale: measuring risk perceptions and risk behaviors},
  author={Weber, Elke U and Blais, Ann-Renee and Betz, Nancy E},
  journal={Journal of Behavioral Decision Making},
  year={2002},
  publisher={Wiley Online Library}
}

%removed space
@article{charness2012strong,
  title={Strong evidence for gender differences in risk taking},
  author={Charness, Gary and Gneezy, Uri},
  journal={Journal of Economic Behavior \& Organization},
  year={2012},
  publisher={Elsevier}
}

%removed space
@article{dohmen2011individual,
  title={Individual risk attitudes: measurement, determinants, and behavioral consequences},
  author={Dohmen, Thomas and Falk, Armin and Huffman, David and Sunde, Uwe and Schupp, J{\"u}rgen and Wagner, Gert G},
  journal={Journal of the European Economic Association},
  year={2011},
  publisher={Oxford University Press}
}



@article{huffman2013using,
  title={Using technology in higher education: the influence of gender roles on technology self-efficacy},
  author={Huffman, Ann Hergatt and Whetten, Jason and Huffman, William H},
  journal={Computers in Human Behavior},
  year={2013},
  publisher={Elsevier}
}

%removed space
@article{hartzel2003self,
  title={How self-efficacy and gender issues affect software adoption and use},
  author={Hartzel, Kathleen},
  journal={Communications of the ACM},
  year={2003},
  publisher={ACM New York, NY, USA}
}

%removed space
@article{durndell2002computer,
  title={Computer self efficacy, computer anxiety, attitudes towards the Internet and reported experience with the Internet, by gender, in an East European sample},
  author={Durndell, Alan and Haag, Zsolt},
  journal={Computers in Human Behavior},
  year={2002},
  publisher={Elsevier}
}

@inproceedings{beckwith2006tinkering,
  title={Tinkering and gender in end-user programmers' debugging},
  author={Beckwith, Laura and Kissinger, Cory and Burnett, Margaret and Wiedenbeck, Susan and Lawrance, Joseph and Blackwell, Alan and Cook, Curtis},
  booktitle={ACM CHI Conference},
  year={2006}
}

@inproceedings{beckwith2005effectiveness,
  title={Effectiveness of end-user debugging software features: are there gender issues?},
  author={Beckwith, Laura and Burnett, Margaret and Wiedenbeck, Susan and Cook, Curtis and Sorte, Shraddha and Hastings, Michelle},
  booktitle={ACM CHI Conference},
  year={2005}
}


%removed space
@article{meyers1991exploring,
  title={Exploring differences in males' and females' processing strategies},
  author={Meyers-Levy, Joan and Maheswaran, Durairaj},
  journal={Journal of Consumer Research},
  year={1991},
  publisher={The University of Chicago Press}
}



%removed space
@article{cafferata1989gender,
  title={Gender differences in information processing: a selectivity interpretation},
  author={Cafferata, Patricia and Tybout, Alice M},
  journal={Cognitive and Affective Responses to Advertising, Lexington Books},
  year={1989}
}

%removed space
@article{kelleher2009barriers,
  title={Barriers to programming engagement},
  author={Kelleher, Caitlin},
  journal={Advances in Gender and Education},
  year={2009}
}

%removed space
@article{simon2000impact,
  title={The impact of culture and gender on web sites: an empirical study},
  author={Simon, Steven John},
  journal={ACM SIGMIS Database: The Database for Advances in Information Systems},
  year={2000},
  publisher={ACM New York, NY, USA}
}

@book{margolis2002unlocking,
  title={Unlocking the clubhouse: women in computing},
  author={Margolis, Jane and Fisher, Allan},
  year={2002},
  publisher={MIT Press}
}

%removed space
@article{hallstrom2015gender,
  title={Gender and technology in free play in Swedish early childhood education},
  author={Hallstr{\"o}m, Jonas and Elvstrand, Helene and Hellberg, Kristina},
  journal={Int. Journal of Technology and Design Education},
  year={2015},
  publisher={Springer}
}



%removed space
@misc{cassell2002hand,
  title={In the Hand-book of Human-Computer Interaction, MG Helander, TK Landauer, and PV Prabhu (eds.). L},
  author={Cassell, J and Genderizing, HCI},
  year={2002},
  publisher={Erlbaum Associates Inc}
}




@inproceedings{cunningham2016supporting,
  title={Supporting gender-neutral digital library creation: a case study using the {GenderMag} Toolkit},
  author={Cunningham, Sally Jo and Hinze, Annika and Nichols, David M},
  booktitle={Int. Conf. on Asian Digital Libraries},
  year={2016},
  publisher = {Springer}
}

@incollection{jedlitschka2008reporting,
  title={Reporting experiments in software engineering},
  author={Jedlitschka, Andreas and Ciolkowski, Marcus and Pfahl, Dietmar},
  booktitle={Guide to advanced empirical software engineering},
  year={2008},
  publisher={Springer}
}

@article{basili1994goal,
  title={Goal question metric paradigm},
  author={Basili, Victor R},
  journal={Encyclopedia of software engineering},
  year={1994},
  publisher={John Weily and Sons}
}

@article{montoya2022selecting,
  title={Selecting a within-or between-subject design for mediation: Validity, causality, and statistical power},
  author={Montoya, Amanda K},
  journal={Multivariate Behavioral Research},
  year={2022},
  publisher={Taylor \& Francis}
}



@inproceedings{shekhar2018cognitive,
  title={Cognitive walkthrough of a learning management system with gendered personas},
  author={Shekhar, Arun and Marsden, Nicola},
  booktitle={4th Conf. on Gender \& IT},
  publisher = {{ACM}},
  year={2018}
}

@article{rosner2006wilcoxon,
  title={The Wilcoxon signed rank test for paired comparisons of clustered data},
  author={Rosner, Bernard and Glynn, Robert J and Lee, Mei-Ling T},
  journal={Biometrics},
  year={2006},
  publisher={Wiley Online Library}
}

@book{wohlin2012experimentation,
  title={Experimentation in software engineering},
  author={Wohlin, Claes and Runeson, Per and H{\"o}st, Martin and Ohlsson, Magnus C and Regnell, Bj{\"o}rn and Wessl{\'e}n, Anders},
  year={2012},
  publisher={Springer Science \& Business Media}
}

@inproceedings{vorvoreanu2019gender,
  title={From gender biases to gender-inclusive design: an empirical investigation},
  author={Vorvoreanu, Mihaela and Zhang, Lingyi and Huang, Yun-Han and Hilderbrand, Claudia and Steine-Hanson, Zoe and Burnett, Margaret},
  booktitle={ACM CHI Conference},
 
  year={2019}
}

@inproceedings{hill2017gender,
  title={Gender-inclusiveness personas vs. stereotyping: can we have it both ways?},
  author={Hill, Charles G and Haag, Maren and Oleson, Alannah and Mendez, Chris and Marsden, Nicola and Sarma, Anita and Burnett, Margaret},
  booktitle={ACM CHI 2017},
  year={2017}
}

@misc{burnett2018gendermag,
  title={The {GenderMag} kit: how to use the {GenderMag} method to find inclusiveness issues through a gender lens},
  author={Burnett, Margaret and Stumpf, Simone and Beckwith, Laura and Peters, Anicia},
  year={2018}
}

@article{sureiman2013conceptual,
  title={Conceptual model on application of chi-square test in education and social sciences},
  author={Sureiman, Onchiri},
  journal={Educational Research and Reviews},
  volume={8},
  number={15},
  year={2013},
  publisher={Academic Journals}
}

@article{josephus2021predict,
  title={Predict mortality in patients infected with COVID-19 virus based on observed characteristics of the patient using logistic regression},
  author={Josephus, Bernhard O and Nawir, Ardianto H and Wijaya, Evelyn and Moniaga, Jurike V and Ohyver, Margaretha},
  journal={Procedia Computer Science},
  year={2021},
  publisher={Elsevier}
}

@article{cliff1993dominance,
  title={Dominance statistics: ordinal analyses to answer ordinal questions.},
  author={Cliff, Norman},
  journal={Psychological Bulletin},
  year={1993},
  publisher={American Psychological Association}
}

@inproceedings{balali2020recommending,
  title={Recommending tasks to newcomers in {OSS} projects: how do mentors handle it?},
  author={Balali, Sogol and Annamalai, Umayal and Padala, Hema Susmita and Trinkenreich, Bianca and Gerosa, Marco A and Steinmacher, Igor and Sarma, Anita},
  booktitle={OpenSym'20},
  publisher = {{ACM}},
  year={2020}
}



@inproceedings{steinmacher2015understanding,
  title={Understanding and supporting the choice of an appropriate task to start with in open source software communities},
  author={Steinmacher, Igor and Conte, Tayana and Gerosa, Marco},
  booktitle={HICSS 2015},
  publisher = {{IEEE CS}},
  year={2015}
}

@inproceedings{wang2011bug,
  title={Which bug should I fix: helping new developers onboard a new project},
  author={Wang, Jianguo and Sarma, Anita},
  booktitle={CHASE 2021},
  publisher = {{ACM}},
  year={2011}
}

@inproceedings{hilderbrand2020engineering,
  title={Engineering gender-inclusivity into software: ten teams' tales from the trenches},
  author={Hilderbrand, Claudia and Perdriau, Christopher and Letaw, Lara and Emard, Jillian and Steine-Hanson, Zoe and Burnett, Margaret and Sarma, Anita},
  booktitle={ICSE 2020},
  publisher = {{ACM}},
  year={2020}
}

@inproceedings{guizani2022debug,
  title={How to debug inclusivity bugs? a debugging process with information architecture},
  author={Guizani, Mariam and Steinmacher, Igor and Emard, Jillian and Fallatah, Abrar and Burnett, Margaret and Sarma, Anita},
  booktitle={ICSE-SEIS 2022},
  year={2022}
}

%removed space
@article{arcand2012uncovering,
  title={Uncovering the nature of information processing of men and women online: the comparison of two models using the think-aloud method},
  author={Arcand, Manon and Nantel, Jacques},
  journal={Journal of Theoretical and Applied Electronic Commerce Research},
  year={2012},
  publisher={Universidad de Talca}
}





@article{burnett2011gender,
  title={Gender pluralism in problem-solving software},
  author={Burnett, Margaret M and Beckwith, Laura and Wiedenbeck, Susan and Fleming, Scott D and Cao, Jill and Park, Thomas H and Grigoreanu, Valentina and Rector, Kyle},
  journal={Interacting with Computers},
  year={2011},
  publisher={Oxford University Press Oxford, UK}
}

@inproceedings{chattopadhyay2020tale,
  title={A tale from the trenches: cognitive biases and software development},
  author={Chattopadhyay, Souti and Nelson, Nicholas and Au, Audrey and Morales, Natalia and Sanchez, Christopher and Pandita, Rahul and Sarma, Anita},
  booktitle={ICSE 2020},
  year={2020}
}

@inproceedings{ford2016paradise,
  title={Paradise unplugged: identifying barriers for female participation on stack overflow},
  author={Ford, Denae and Smith, Justin and Guo, Philip J and Parnin, Chris},
  booktitle={24th ESEC/FSE 2016},
  year={2016}
}

@inproceedings{wang2018competence,
  title={Competence-confidence gap: a threat to female developers' contribution on {GitHub}},
  author={Wang, Zhendong and Wang, Yi and Redmiles, David},
  booktitle={ICSE-SEIS 2018},
  year={2018},
  organization={IEEE}
}

@inproceedings{chatterjee2022inclusivity,
  title={Inclusivity Bugs in Online Courseware: A Field Study},
  author={Chatterjee, Amreeta and Letaw, Lara and Garcia, Rosalinda and Reddy, Doshna Umma and Choudhuri, Rudrajit and Kumar, Sabyatha Sathish and Morreale, Patricia and Sarma, Anita and Burnett, Margaret},
  booktitle={ICER 2022},
  year={2022}
}


@incollection{bandura2014social,
  title={Social cognitive theory of moral thought and action},
  author={Bandura, Albert},
  booktitle={Handbook of Moral Behavior and Development},
  year={2014},
  publisher={Psychology press}
}

@article{bandura1977self,
  title={Self-efficacy: toward a unifying theory of behavioral change.},
  author={Bandura, Albert},
  journal={Psychological review},
  year={1977},
  publisher={American Psychological Association}
}

@INPROCEEDINGS{santoshits,
  author={Santos, Italo and Wiese, Igor and Steinmacher, Igor and Sarma, Anita and Gerosa, Marco A.},
  booktitle={2022 SANER}, 
  title={Hits and Misses: Newcomers' ability to identify Skills needed for {OSS} tasks}, 
  year={2022},
  doi={10.1109/SANER53432.2022.00032}
}

@article{anita2023,
  title={How to measure diversity actionably in technology.},
  author={Hamid, Md Montaser and Chatterjee, Amreeta and Guizani, Mariam and Anderson, Andrew and Moussaoui, Fatima and Yang, Sarah and Escobar, Isaac and Sarma, Anita and Burnett, Margaret},
  journal={Equity, Diversity, and Inclusion in Software Engineering: Best Practices and Insights},
  year={2023},
  publisher={Springer Nature/Apress}
}



@inproceedings{trinkenreich2023belong,
  title={Do I Belong? Modeling Sense of Virtual Community Among Linux Kernel Contributors},
  author={Trinkenreich, Bianca and Stol, Klass-Jan and Sarma, Anita and German, Daniel and Gerosa, Marco and Steinmacher, Igor},
  booktitle={International Conference on Software Engineering (ICSE 2023)},
  year={2023},
  organization={IEEE}
}

@article{fagerholm2022cognition,
  title={Cognition in Software Engineering: A Taxonomy and Survey of a Half-Century of Research},
  author={Fagerholm, Fabian and Felderer, Michael and Fucci, Davide and Unterkalmsteiner, Michael and Marculescu, Bogdan and Martini, Markus and Tengberg, Lars G{\"o}ran Wallgren and Feldt, Robert and Lehtel{\"a}, Bettina and Nagyv{\'a}radi, Bal{\'a}zs and others},
  journal={ACM Computing Surveys},
  year={2022},
  publisher={ACM New York, NY}
}


@article{guizani2021long,
  title={The long road ahead: ongoing challenges in contributing to large {OSS} organizations and what to do},
  author={Guizani, Mariam and Chatterjee, Amreeta and Trinkenreich, Bianca and May, Mary Evelyn and Noa-Guevara, Geraldine J and Russell, Liam James and Cuevas Zambrano, Griselda G and Izquierdo-Cortazar, Daniel and Steinmacher, Igor and Gerosa, Marco and others},
  journal={Proc. ACM Hum.-Comput. Interact.},
  year={2021},
  publisher={ACM New York, NY, USA}
}



@inproceedings{jergensen2011onion,
  title={The onion patch: migration in open source ecosystems},
  author={Jergensen, Corey and Sarma, Anita and Wagstrom, Patrick},
  booktitle={19th ESEC/FSE 2011},
  publisher = {{ACM}},
  year={2011}
}

@inproceedings{chatterjee2021aid,
  title={AID: an automated detector for gender-inclusivity bugs in {OSS} project pages},
  author={Chatterjee, Amreeta and Guizani, Mariam and Stevens, Catherine and Emard, Jillian and May, Mary Evelyn and Burnett, Margaret and Ahmed, Iftekhar and Sarma, Anita},
  booktitle={ICSE 2021},
  year={2021},
  organization={IEEE}
}



@article{horwitz2007effects,
  title={The effects of team diversity on team outcomes: a meta-analytic review of team demography},
  author={Horwitz, Sujin K and Horwitz, Irwin B},
  journal={Journal of Management},
  year={2007},
  publisher={Sage Publications Sage CA: Los Angeles, CA}
}

@inproceedings{vasilescu2015gender,
  title={Gender and tenure diversity in {GitHub} teams},
  author={Vasilescu, Bogdan and Posnett, Daryl and Ray, Baishakhi and van den Brand, Mark GJ and Serebrenik, Alexander and Devanbu, Premkumar and Filkov, Vladimir},
  booktitle={ACM CHI Conference},
  year={2015}
}

@inproceedings{marlow2013impression,
  title={Impression formation in online peer production: activity traces and personal profiles in {GitHub}},
  author={Marlow, Jennifer and Dabbish, Laura and Herbsleb, Jim},
  booktitle={ACM CSCW 2013},
  publisher = {{ACM}},
  year={2013}
}

@inproceedings{singer2013mutual,
  title={Mutual assessment in the social programmer ecosystem: an empirical investigation of developer profile aggregators},
  author={Singer, Leif and Figueira Filho, Fernando and Cleary, Brendan and Treude, Christoph and Storey, Margaret-Anne and Schneider, Kurt},
  booktitle={ACM CSCW 2013},
  year={2013}
}

@inproceedings{ford2017someone,
  title={Someone like me: how does peer parity influence participation of women on stack overflow?},
  author={Ford, Denae and Harkins, Alisse and Parnin, Chris},
  booktitle={VL/HCC 2017},
  year={2017},
  publisher = {{IEEE CS}}
}

@inproceedings{robles2016women,
  title={Women in free/libre/open source software: the situation in the 2010s},
  author={Robles, Gregorio and Reina, Laura Arjona and Gonz{\'a}lez-Barahona, Jes{\'u}s M and Dom{\'\i}nguez, Santiago Due{\~n}as},
  booktitle={OSS Conference 2016},
  year={2016},
  publisher = {Springer}
}

@article{cazan2016computer,
  title={Computer anxiety and attitudes towards the computer and the internet with Romanian high-school and university students},
  author={Cazan, Ana-Maria and Cocorad{\u{a}}, Elena and Maican, C{\u{a}}t{\u{a}}lin Ioan},
  journal={Computers in Human Behavior},
  year={2016},
  publisher={Elsevier}
}

%removed space
@article{singh2013role,
  title={Role of gender, self-efficacy, anxiety and testing formats in learning spreadsheets},
  author={Singh, Anil and Bhadauria, Vikram and Jain, Anurag and Gurung, Anil},
  journal={Computers in Human Behavior},
  year={2013},
  publisher={Elsevier}
}

@article{gill2016iot,
  title={IoT-enabled emergency information supply chain architecture for elderly people: the Australian context},
  author={Gill, Asif Qumer and Phennel, Nathan and Lane, Dean and Phung, Vinh Loc},
  journal={Information Systems},
  year={2016},
  publisher={Elsevier}
}

@article{gullikson1999impact,
  title={The impact of information architecture on academic web site usability},
  author={Gullikson, Shelley and Blades, Ruth and Bragdon, Marc and McKibbon, Shelley and Sparling, Marnie and Toms, Elaine G},
  journal={The Electronic Library},
  year={1999},
  publisher={MCB UP Ltd}
}

@article{miller2004modeling,
  title={Modeling information navigation: implications for information architecture},
  author={Miller, Craig S and Remington, Roger W},
  journal={Human-computer interaction},
  year={2004},
  publisher={Taylor \& Francis}
}



@inproceedings{bosu2019diversity,
  title={Diversity and inclusion in open source software (OSS) projects: where do we stand?},
  author={Bosu, Amiangshu and Sultana, Kazi Zakia},
  booktitle={ESEM 2019},
  year={2019}
}

@article{terrell2016gender,
  title={Gender bias in open source: pull request acceptance of women versus men.},
  author={Terrell, Josh and Kofink, Andrew and Middleton, Justin and Rainear, Clarissa and Murphy-Hill, Emerson R and Parnin, Chris},
  journal={PeerJ Prepr.},
  year={2016}
}



@article{storey2016social,
  title={How social and communication channels shape and challenge a participatory culture in software development},
  author={Storey, Margaret-Anne and Zagalsky, Alexey and Figueira Filho, Fernando and Singer, Leif and German, Daniel M},
  journal={IEEE TSE},
  year={2016}
}

@inproceedings{hannebauer2017relationship,
  title={On the relationship between newcomer motivations and contribution barriers in open source projects},
  author={Hannebauer, Christoph and Gruhn, Volker},
  booktitle={OpenSym'17},
  publisher = {{ACM}},
  year={2017}
}

@inproceedings{jensen2011joining,
  title={Joining free/open source software communities: an analysis of newbies' first interactions on project mailing lists},
  author={Jensen, Carlos and King, Scott and Kuechler, Victor},
  booktitle={44th HICSS},
  year={2011},
  publisher = {{IEEE}}
}



@inproceedings{steinmacher2014preliminary,
  title={Preliminary empirical identification of barriers faced by newcomers to open source software projects},
  author={Steinmacher, Igor and Chaves, Ana Paula and Conte, Tayana and Gerosa, Marco},
  booktitle={SBES 2014},
  publisher = {{IEEE} CS},
  year={2014}
}

%removed space
@inproceedings{mall2020four,
  title={Four types of toxic people: characterizing online users’ toxicity over time},
  author={Mall, Raghvendra and Nagpal, Mridul and Salminen, Joni and Almerekhi, Hind and Jung, Soon-Gyo and Jansen, Bernard J},
  booktitle={11th NordiCHI},
  publisher = {{ACM}},
  year={2020}
}

@article{prana2021including,
  title={Including everyone, everywhere: understanding opportunities and challenges of geographic gender-inclusion in oss},
  author={Prana, Gede and Ford, Denae and Rastogi, Ayushi and Lo, David and Purandare, Rahul and Nagappan, Nachiappan},
  journal={IEEE TSE},
  year={2021},
  publisher={IEEE}
}

@article{balali2018newcomers,
  title={Newcomers’ barriers... is that all? an analysis of mentors’ and newcomers’ barriers in {OSS} projects},
  author={Balali, Sogol and Steinmacher, Igor and Annamalai, Umayal and Sarma, Anita and Gerosa, Marco},
  journal={Computer Supported Cooperative Work (CSCW)},
  year={2018},
  publisher={Springer}
}



@article{stumpf2020gender,
  title={Gender-inclusive HCI research and design: a conceptual review},
  author={Stumpf, Simone and Peters, Anicia and Bardzell, Shaowen and Burnett, Margaret and Busse, Daniela and Cauchard, Jessica and Churchill, Elizabeth},
  journal={Fdns. and Trends in Human--Computer Interaction},
  year={2020},
  publisher={Now Publishers}
}

@inproceedings{feller2000framework,
  title={A framework analysis of the open source software development paradigm},
  author={Feller, Joseph and Fitzgerald, Brian},
  booktitle={ICIS 2000},
  year={2000},
  publisher = {Association for Information Systems}
}

@book{miller2012toward,
  title={Toward a new psychology of women},
  author={Miller, Jean Baker},
  year={2012},
  publisher={Beacon Press},
  address={Boston, USA}
}

@article{vugt2007gender,
  title={Gender differences in cooperation and competition: the male-warrior hypothesis},
  author={Vugt, Mark Van and Cremer, David De and Janssen, Dirk P},
  journal={Psychological Science},
  year={2007},
  publisher={SAGE Publications Sage CA}
}

@article{nafus2012patches,
  title={‘Patches don’t have gender’: what is not open in open source software},
  author={Nafus, Dawn},
  journal={New Media \& Society},
  year={2012},
  publisher={Sage Publications Sage UK: London, England}
}

@book{turkle2005second,
  title={The second self: computers and the human spirit},
  author={Turkle, Sherry},
  year={2005},
  publisher={Mit Press}
}



@inproceedings{mendez2018gender,
  title={Gender in open source software: what the tools tell},
  author={Mendez, Christopher and Sarma, Anita and Burnett, Margaret},
  booktitle={1st Int. Workshop on Gender Equality in Software Engineering},
  publisher = {{ACM}},
  year={2018}
}


%removed space
@article{coursaris2008empirical,
  title={An empirical investigation of color temperature and gender effects on web aesthetics},
  author={Coursaris, Constantinos K and Swierenga, Sarah J and Watrall, Ethan},
  journal={Journal of Usability Studies},
  year={2008},
  publisher={Usability Professionals' Association Bloomingdale, IL}
}




%removed space
@inproceedings{chang2014specialization,
  title={Specialization, homophily, and gender in a social curation site: findings from Pinterest},
  author={Chang, Shuo and Kumar, Vikas and Gilbert, Eric and Terveen, Loren G},
  booktitle={ACM CSCW 2014},
  publisher = {{ACM}},
  year={2014}
}

@inproceedings{hou2006girls,
  title={"Girls don't waste time": pre-adolescent attitudes toward {ICT}},
  author={Hou, Weimin and Kaur, Manpreet and Komlodi, Anita and Lutters, Wayne G and Boot, Lee and Cotten, Shelia R and Morrell, Claudia and Ozok, A Ant and Tufekci, Zeynep},
  booktitle={CHI'06 Extended Abstracts on Human Factors in Computing Systems},
  publisher = {{ACM}},
  year={2006}
}


@inproceedings{spencer2000streamlined,
  title={The streamlined cognitive walkthrough method, working around social constraints encountered in a software development company},
  author={Spencer, Rick},
  booktitle={ACM CHI Conference},
  year={2000}
}

%removed space
@inproceedings{rosner2009learning,
  title={Learning from IKEA hacking: i'm not one to decoupage a tabletop and call it a day.},
  author={Rosner, Daniela and Bean, Jonathan},
  booktitle = {ACM CHI ConferenceCHI Conf. on Human Factors in Computing
Systems},
  year={2009}
}

%removed space
@article{weber2002domain,
  title={A domain-specific risk-attitude scale: measuring risk perceptions and risk behaviors},
  author={Weber, Elke U and Blais, Ann-Renee and Betz, Nancy E},
  journal={Journal of Behavioral Decision Making},
  year={2002},
  publisher={Wiley Online Library}
}







@article{huffman2013using,
  title={Using technology in higher education: the influence of gender roles on technology self-efficacy},
  author={Huffman, Ann Hergatt and Whetten, Jason and Huffman, William H},
  journal={Computers in Human Behavior},
  year={2013},
  publisher={Elsevier}
}

%removed space
@article{hartzel2003self,
  title={How self-efficacy and gender issues affect software adoption and use},
  author={Hartzel, Kathleen},
  journal={Communications of the ACM},
  year={2003},
  publisher={ACM New York, NY, USA}
}

%removed space
@article{durndell2002computer,
  title={Computer self efficacy, computer anxiety, attitudes towards the Internet and reported experience with the Internet, by gender, in an East European sample},
  author={Durndell, Alan and Haag, Zsolt},
  journal={Computers in Human Behavior},
  year={2002},
  publisher={Elsevier}
}



@inproceedings{beckwith2005effectiveness,
  title={Effectiveness of end-user debugging software features: are there gender issues?},
  author={Beckwith, Laura and Burnett, Margaret and Wiedenbeck, Susan and Cook, Curtis and Sorte, Shraddha and Hastings, Michelle},
  booktitle={ACM CHI Conference},
  year={2005}
}


%removed space
@article{meyers1991exploring,
  title={Exploring differences in males' and females' processing strategies},
  author={Meyers-Levy, Joan and Maheswaran, Durairaj},
  journal={Journal of Consumer Research},
  year={1991},
  publisher={The University of Chicago Press}
}



%removed space
@article{cafferata1989gender,
  title={Gender differences in information processing: a selectivity interpretation},
  author={Cafferata, Patricia and Tybout, Alice M},
  journal={Cognitive and Affective Responses to Advertising, Lexington Books},
  year={1989}
}

%removed space
@article{kelleher2009barriers,
  title={Barriers to programming engagement},
  author={Kelleher, Caitlin},
  journal={Advances in Gender and Education},
  year={2009}
}

%removed space
@article{simon2000impact,
  title={The impact of culture and gender on web sites: an empirical study},
  author={Simon, Steven John},
  journal={ACM SIGMIS Database: The Database for Advances in Information Systems},
  year={2000},
  publisher={ACM New York, NY, USA}
}



%removed space
@article{hallstrom2015gender,
  title={Gender and technology in free play in Swedish early childhood education},
  author={Hallstr{\"o}m, Jonas and Elvstrand, Helene and Hellberg, Kristina},
  journal={Int. Journal of Technology and Design Education},
  year={2015},
  publisher={Springer}
}



%removed space
@misc{cassell2002hand,
  title={In the Hand-book of Human-Computer Interaction, MG Helander, TK Landauer, and PV Prabhu (eds.). L},
  author={Cassell, J and Genderizing, HCI},
  year={2002},
  publisher={Erlbaum Associates Inc}
}




@inproceedings{cunningham2016supporting,
  title={Supporting gender-neutral digital library creation: a case study using the {GenderMag} Toolkit},
  author={Cunningham, Sally Jo and Hinze, Annika and Nichols, David M},
  booktitle={Int. Conf. on Asian Digital Libraries},
  year={2016},
  publisher = {Springer}
}

@incollection{jedlitschka2008reporting,
  title={Reporting experiments in software engineering},
  author={Jedlitschka, Andreas and Ciolkowski, Marcus and Pfahl, Dietmar},
  booktitle={Guide to advanced empirical software engineering},
  year={2008},
  publisher={Springer}
}

@article{basili1994goal,
  title={Goal question metric paradigm},
  author={Basili, Victor R},
  journal={Encyclopedia of software engineering},
  year={1994},
  publisher={John Weily and Sons}
}

@article{montoya2022selecting,
  title={Selecting a within-or between-subject design for mediation: Validity, causality, and statistical power},
  author={Montoya, Amanda K},
  journal={Multivariate Behavioral Research},
  year={2022},
  publisher={Taylor \& Francis}
}



@inproceedings{shekhar2018cognitive,
  title={Cognitive walkthrough of a learning management system with gendered personas},
  author={Shekhar, Arun and Marsden, Nicola},
  booktitle={4th Conf. on Gender \& IT},
  publisher = {{ACM}},
  year={2018}
}


@book{wohlin2012experimentation,
  title={Experimentation in software engineering},
  author={Wohlin, Claes and Runeson, Per and H{\"o}st, Martin and Ohlsson, Magnus C and Regnell, Bj{\"o}rn and Wessl{\'e}n, Anders},
  year={2012},
  publisher={Springer Science \& Business Media}
}

@inproceedings{vorvoreanu2019gender,
  title={From gender biases to gender-inclusive design: an empirical investigation},
  author={Vorvoreanu, Mihaela and Zhang, Lingyi and Huang, Yun-Han and Hilderbrand, Claudia and Steine-Hanson, Zoe and Burnett, Margaret},
  booktitle={ACM CHI Conference},
 
  year={2019}
}

@inproceedings{hill2017gender,
  title={Gender-inclusiveness personas vs. stereotyping: can we have it both ways?},
  author={Hill, Charles G and Haag, Maren and Oleson, Alannah and Mendez, Chris and Marsden, Nicola and Sarma, Anita and Burnett, Margaret},
  booktitle={ACM CHI 2017},
  year={2017}
}

@article{sureiman2013conceptual,
  title={Conceptual model on application of chi-square test in education and social sciences},
  author={Sureiman, Onchiri},
  journal={Educational Research and Reviews},
  volume={8},
  number={15},
  year={2013},
  publisher={Academic Journals}
}

@article{josephus2021predict,
  title={Predict mortality in patients infected with COVID-19 virus based on observed characteristics of the patient using logistic regression},
  author={Josephus, Bernhard O and Nawir, Ardianto H and Wijaya, Evelyn and Moniaga, Jurike V and Ohyver, Margaretha},
  journal={Procedia Computer Science},
  year={2021},
  publisher={Elsevier}
}

@article{cliff1993dominance,
  title={Dominance statistics: ordinal analyses to answer ordinal questions.},
  author={Cliff, Norman},
  journal={Psychological Bulletin},
  year={1993},
  publisher={American Psychological Association}
}

@inproceedings{balali2020recommending,
  title={Recommending tasks to newcomers in {OSS} projects: how do mentors handle it?},
  author={Balali, Sogol and Annamalai, Umayal and Padala, Hema Susmita and Trinkenreich, Bianca and Gerosa, Marco A and Steinmacher, Igor and Sarma, Anita},
  booktitle={OpenSym'20},
  publisher = {{ACM}},
  year={2020}
}



@inproceedings{steinmacher2015understanding,
  title={Understanding and supporting the choice of an appropriate task to start with in open source software communities},
  author={Steinmacher, Igor and Conte, Tayana and Gerosa, Marco},
  booktitle={HICSS 2015},
  publisher = {{IEEE CS}},
  year={2015}
}

@inproceedings{wang2011bug,
  title={Which bug should I fix: helping new developers onboard a new project},
  author={Wang, Jianguo and Sarma, Anita},
  booktitle={CHASE 2021},
  publisher = {{ACM}},
  year={2011}
}

@inproceedings{hilderbrand2020engineering,
  title={Engineering gender-inclusivity into software: ten teams' tales from the trenches},
  author={Hilderbrand, Claudia and Perdriau, Christopher and Letaw, Lara and Emard, Jillian and Steine-Hanson, Zoe and Burnett, Margaret and Sarma, Anita},
  booktitle={ICSE 2020},
  publisher = {{ACM}},
  year={2020}
}

@inproceedings{guizani2022debug,
  title={How to debug inclusivity bugs? a debugging process with information architecture},
  author={Guizani, Mariam and Steinmacher, Igor and Emard, Jillian and Fallatah, Abrar and Burnett, Margaret and Sarma, Anita},
  booktitle={ICSE-SEIS 2022},
  year={2022}
}

%removed space
@article{arcand2012uncovering,
  title={Uncovering the nature of information processing of men and women online: the comparison of two models using the think-aloud method},
  author={Arcand, Manon and Nantel, Jacques},
  journal={Journal of Theoretical and Applied Electronic Commerce Research},
  year={2012},
  publisher={Universidad de Talca}
}







@inproceedings{chattopadhyay2020tale,
  title={A tale from the trenches: cognitive biases and software development},
  author={Chattopadhyay, Souti and Nelson, Nicholas and Au, Audrey and Morales, Natalia and Sanchez, Christopher and Pandita, Rahul and Sarma, Anita},
  booktitle={ICSE 2020},
  year={2020}
}

@inproceedings{ford2016paradise,
  title={Paradise unplugged: identifying barriers for female participation on stack overflow},
  author={Ford, Denae and Smith, Justin and Guo, Philip J and Parnin, Chris},
  booktitle={24th ESEC/FSE 2016},
  year={2016}
}

@inproceedings{wang2018competence,
  title={Competence-confidence gap: a threat to female developers' contribution on {GitHub}},
  author={Wang, Zhendong and Wang, Yi and Redmiles, David},
  booktitle={ICSE-SEIS 2018},
  year={2018},
  organization={IEEE}
}

@inproceedings{chatterjee2022inclusivity,
  title={Inclusivity Bugs in Online Courseware: A Field Study},
  author={Chatterjee, Amreeta and Letaw, Lara and Garcia, Rosalinda and Reddy, Doshna Umma and Choudhuri, Rudrajit and Kumar, Sabyatha Sathish and Morreale, Patricia and Sarma, Anita and Burnett, Margaret},
  booktitle={ICER 2022},
  year={2022}
}

@article{bandura1977self,
  title={Self-efficacy: toward a unifying theory of behavioral change.},
  author={Bandura, Albert},
  journal={Psychological review},
  year={1977},
  publisher={American Psychological Association}
}

@INPROCEEDINGS{santoshits,
  author={Santos, Italo and Wiese, Igor and Steinmacher, Igor and Sarma, Anita and Gerosa, Marco A.},
  booktitle={2022 SANER}, 
  title={Hits and Misses: Newcomers' ability to identify Skills needed for {OSS} tasks}, 
  year={2022},
  doi={10.1109/SANER53432.2022.00032}
}

@article{anita2023,
  title={How to measure diversity actionably in technology.},
  author={Hamid, Md Montaser and Chatterjee, Amreeta and Guizani, Mariam and Anderson, Andrew and Moussaoui, Fatima and Yang, Sarah and Escobar, Isaac and Sarma, Anita and Burnett, Margaret},
  journal={Equity, Diversity, and Inclusion in Software Engineering: Best Practices and Insights},
  year={2023},
  publisher={Springer Nature/Apress}
}

## NEW

@article{leitao2022systematic,
  title={A systematic evaluation of game elements effects on students’ motivation},
  author={Leit{\~a}o, Rui and Maguire, Martin and Turner, Sarah and Guimar{\~a}es, Laura},
  journal={Education and Information Technologies},
  pages={1--23},
  year={2022},
  publisher={Springer}
}

@article{toda2019analysing,
  title={Analysing gamification elements in educational environments using an existing Gamification taxonomy},
  author={Toda, Armando M and Klock, Ana CT and Oliveira, Wilk and Palomino, Paula T and Rodrigues, Luiz and Shi, Lei and Bittencourt, Ig and Gasparini, Isabela and Isotani, Seiji and Cristea, Alexandra I},
  journal={Smart Learning Environments},
  volume={6},
  number={1},
  pages={1--14},
  year={2019},
  publisher={Springer}
}

@article{ghai2023integrating,
  title={Integrating gamification and instructional design to enhance usability of online learning},
  author={Ghai, Akanksha and Tandon, Urvashi},
  journal={Education and Information Technologies},
  volume={28},
  number={2},
  pages={2187--2206},
  year={2023},
  publisher={Springer}
}

@inproceedings{punter2003conducting,
  title={Conducting on-line surveys in software engineering},
  author={Punter, Teade and Ciolkowski, Marcus and Freimut, Bernd and John, Isabel},
  booktitle={2003 International Symposium on Empirical Software Engineering, 2003. ISESE 2003. Proceedings.},
  pages={80--88},
  year={2003},
  organization={IEEE}
}

@article{ralph2020pandemic,
  title={Pandemic programming: How COVID-19 affects software developers and how their organizations can help},
  author={Ralph, Paul and Baltes, Sebastian and Adisaputri, Gianisa and Torkar, Richard and Kovalenko, Vladimir and Kalinowski, Marcos and Novielli, Nicole and Yoo, Shin and Devroey, Xavier and Tan, Xin and others},
  journal={Empirical software engineering},
  volume={25},
  pages={4927--4961},
  year={2020},
  publisher={Springer}
}

@inproceedings{santos2023designing,
  title={Designing for cognitive diversity: Improving the {GitHub} experience for newcomers},
  author={Santos, Italo and Pimentel, Jo{\~a}o Felipe and Wiese, Igor and Steinmacher, Igor and Sarma, Anita and Gerosa, Marco A},
  booktitle={2023 IEEE/ACM 45th ICSE-SEIS},
  pages={1--12},
  year={2023},
  organization={IEEE}
}

@book{james2013introduction,
  title={An introduction to statistical learning},
  author={James, Gareth and Witten, Daniela and Hastie, Trevor and Tibshirani, Robert and others},
  volume={112},
  year={2013},
  publisher={Springer}
}

@inproceedings{danilova2021you,
  title={Do you really code? designing and evaluating screening questions for online surveys with programmers},
  author={Danilova, Anastasia and Naiakshina, Alena and Horstmann, Stefan and Smith, Matthew},
  booktitle={IEEE/ACM 43rd ICSE},
  pages={537--548},
  year={2021},
  organization={IEEE}
}

@article{kung2018attention,
  title={Are attention check questions a threat to scale validity?},
  author={Kung, Franki YH and Kwok, Navio and Brown, Douglas J},
  journal={Applied Psychology},
  volume={67},
  number={2},
  pages={264--283},
  year={2018},
  publisher={Wiley Online Library}
}

@book{lavrakas2008encyclopedia,
  title={Encyclopedia of survey research methods},
  author={Lavrakas, Paul J},
  year={2008},
  publisher={Sage publications}
}

@inproceedings{baltes2016worse,
  title={Worse than spam: Issues in sampling software developers},
  author={Baltes, Sebastian and Diehl, Stephan},
  booktitle={Proceedings of the 10th ACM/IEEE international symposium on empirical software engineering and measurement},
  pages={1--6},
  year={2016}
}

@inproceedings{russo2022recruiting,
  title={Recruiting Software Engineers on Prolific},
  author={Russo, Daniel},
  booktitle={RoPES’22},
  year={2022}
}


@ARTICLE{peggy,
  author={Doerschuk, Peggy and Liu, Jiangjiang and Mann, Judith},
  journal={Computer}, 
  title={Increasing Participation of Females and Underrepresented Minorities in Computing}, 
  year={2009},
  volume={42},
  number={4},
  pages={110-113},
  keywords={Computer science;Employee welfare;Recruitment;Best practices;Intelligent robots;Production;Engineering profession;Protection;Target recognition;Knowledge engineering;broadening participation in computing;computers and society},
  doi={10.1109/MC.2009.122}}

@article{feltovich2003nonparametric,
  title={Nonparametric tests of differences in medians: comparison of the Wilcoxon--Mann--Whitney and robust rank-order tests},
  author={Feltovich, Nick},
  journal={Experimental Economics},
  volume={6},
  pages={273--297},
  year={2003},
  publisher={Springer}
}

@article{dichev2017gamifying,
  title={Gamifying education: what is known, what is believed and what remains uncertain: a critical review},
  author={Dichev, Christo and Dicheva, Darina},
  journal={International journal of educational technology in higher education},
  volume={14},
  pages={1--36},
  year={2017},
  publisher={Springer}
}

@article{connolly2012systematic,
  title={A systematic literature review of empirical evidence on computer games and serious games},
  author={Connolly, Thomas M and Boyle, Elizabeth A and MacArthur, Ewan and Hainey, Thomas and Boyle, James M},
  journal={Computers \& education},
  volume={59},
  number={2},
  pages={661--686},
  year={2012},
  publisher={Elsevier}
}

@article{deci1985general,
  title={The general causality orientations scale: Self-determination in personality},
  author={Deci, Edward L and Ryan, Richard M},
  journal={Journal of research in personality},
  volume={19},
  number={2},
  pages={109--134},
  year={1985},
  publisher={Elsevier}
}

@article{hsu2004people,
  title={Why do people play on-line games? An extended TAM with social influences and flow experience},
  author={Hsu, Chin-Lung and Lu, Hsi-Peng},
  journal={Information \& management},
  volume={41},
  number={7},
  pages={853--868},
  year={2004},
  publisher={Elsevier}
}

@article{dijkstra2008social,
  title={Social comparison in the classroom: A review},
  author={Dijkstra, Pieternel and Kuyper, Hans and Van der Werf, Greetje and Buunk, Abraham P and van der Zee, Yvonne G},
  journal={Review of educational research},
  volume={78},
  number={4},
  pages={828--879},
  year={2008},
  publisher={Sage Publications Sage CA: Los Angeles, CA}
}

@article{nevin2014gamification,
  title={Gamification as a tool for enhancing graduate medical education},
  author={Nevin, Christa R and Westfall, Andrew O and Rodriguez, J Martin and Dempsey, Donald M and Cherrington, Andrea and Roy, Brita and Patel, Mukesh and Willig, James H},
  journal={Postgraduate medical journal},
  volume={90},
  number={1070},
  pages={685--693},
  year={2014},
  publisher={Oxford University Press}
}


@article{akrolu2017gamifying,
  title={Gamifying an ICT course: Influences on engagement and academic performance},
  author={{\c{C}}ak{\i}ro{\u{g}}lu, {\"U}nal and Ba{\c{s}}{\i}b{\"u}y{\"u}k, Bet{\"u}l and G{\"u}ler, Mustafa and Atabay, Melek and Memi{\c{s}}, Bahar Y{\i}lmaz},
  journal={Computers in human behavior},
  volume={69},
  pages={98--107},
  year={2017},
  publisher={Elsevier}
}

@inproceedings{sheth2012increasing,
  title={Increasing student engagement in software engineering with gamification},
  author={Sheth, Swapneel Kalpesh and Bell, Jonathan Schaffer and Kaiser, Gail E},
  booktitle={4th SSE},
  year={2012}
}

@inproceedings{thomas2013redesign,
  title={Redesign of a gamified software engineering course},
  author={Thomas, Christoph and Berkling, Kay},
  booktitle={2013 International Conference on Interactive Collaborative Learning (ICL)},
  pages={778--786},
  year={2013},
  organization={IEEE}
}


@inproceedings{prause2012field,
  title={A Field Experiment on Gamification of Code Quality in Agile Development.},
  author={Prause, Christian R and Nonnen, Jan and Vinkovits, Mark},
  booktitle={PPIG},
  pages={17},
  year={2012}
}

@inproceedings{rojas2016teaching,
  title={Teaching mutation testing using gamification},
  author={Rojas, Jos{\'e} Miguel and Fraser, Gordon},
  booktitle={ECSEE},
  year={2016}
}

@inproceedings{bartel2016gamifying,
  title={Gamifying the learning of design patterns in software engineering education},
  author={Bartel, Alexander and Hagel, Georg},
  booktitle={EDUCON},
  pages={74--79},
  year={2016},
  organization={IEEE}
}

@inproceedings{villegas2024us,
  title={US Latines in Computing: A Review of the Literature},
  author={Villegas Molina, Ismael and Montalvo, Audria and Soosai Raj, Adalbert Gerald},
  booktitle={55th ACM SIGCSE},
  pages={1381--1387},
  year={2024}
}

@article{huotari2017definition,
  title={A definition for gamification: anchoring gamification in the service marketing literature},
  author={Huotari, Kai and Hamari, Juho},
  journal={Electronic markets},
  volume={27},
  number={1},
  pages={21--31},
  year={2017},
  publisher={Springer}
}

@article{macfarland2016mann,
  title={Mann--whitney u test},
  author={MacFarland, Thomas W and Yates, Jan M and MacFarland, Thomas W and Yates, Jan M},
  journal={Introduction to nonparametric statistics for the biological sciences using R},
  pages={103--132},
  year={2016},
  publisher={Springer}
}

@inproceedings{PS04diniz2017using,
  title={Using gamification to orient and motivate students to contribute to {OSS} projects},
  author={Diniz, Guilherme C and Silva, Marco A Graciotto and Gerosa, Marco A and Steinmacher, Igor},
  booktitle={IEEE/ACM 10th CHASE},
  pages={36--42},
  year={2017},
  organization={IEEE}
}



@inproceedings{deterding2011gamification,
  title={Gamification: Toward a definition},
  author={Deterding, Sebastian and Khaled, Rilla and Nacke, Lennart E and Dixon, Dan and others},
  booktitle={CHI},
  volume={12},
  pages={1--79},
  year={2011},
  organization={Vancouver}
}

@book{kapp2012gamification,
  title={The gamification of learning and instruction: game-based methods and strategies for training and education},
  author={Kapp, Karl M},
  year={2012},
  publisher={John Wiley \& Sons}
}

@inproceedings{huotari2012defining,
  title={Defining gamification: a service marketing perspective},
  author={Huotari, Kai and Hamari, Juho},
  booktitle={16th MindTrek},
  pages={17--22},
  year={2012}
}

@article{lee2011gamification,
  title={Gamification in education: What, how, why bother?},
  author={Lee, Joey J and Hammer, Jessica},
  journal={Academic exchange quarterly},
  volume={15},
  number={2},
  pages={146},
  year={2011},
  publisher={Chattanooga State Technical Community College}
}

@article{su2016effects,
  title={The effects of students' motivation, cognitive load and learning anxiety in gamification software engineering education: a structural equation modeling study},
  author={Su, Chung-Ho},
  journal={Multimedia Tools and Applications},
  volume={75},
  pages={10013--10036},
  year={2016},
  publisher={Springer}
}

@article{klemke2018flipped,
  title={The flipped MOOC: using gamification and learning analytics in MOOC design—a conceptual approach},
  author={Klemke, Roland and Eradze, Maka and Antonaci, Alessandra},
  journal={Education Sciences},
  volume={8},
  number={1},
  pages={25},
  year={2018},
  publisher={MDPI}
}

@inproceedings{kiryakova2014gamification,
  title={Gamification in education},
  author={Kiryakova, Gabriela and Angelova, Nadezhda and Yordanova, Lina},
  booktitle={Proceedings of 9th international Balkan education and science conference},
  volume={1},
  pages={679--684},
  year={2014}
}

@inproceedings{garaccione2022gerry,
  title={GERRY: a gamified browser tool for {GUI} testing},
  author={Garaccione, Giacomo and Fulcini, Tommaso and Torchiano, Marco},
  booktitle={Gamify'22},
  pages={2--9},
  year={2022}
}

@inproceedings{decusatis2022gamification,
  title={Gamification of cybersecurity training},
  author={DeCusatis, Casimer and Alvarico, Erin and Dirahoui, Omar},
  booktitle={Gamify'22},
  pages={10--13},
  year={2022}
}

@inproceedings{ozturk2022gamification,
  title={Gamification of exploratory testing process},
  author={Ozturk, Savas},
  booktitle={Gamify'22},
  pages={14--17},
  year={2022}
}

@inproceedings{goduguluri2011kommgame,
  title={Kommgame: A reputation environment for teaching open source software},
  author={Goduguluri, Veerakishore and Kilamo, Terhi and Hammouda, Imed},
  booktitle={IFIP},
  pages={312--315},
  year={2011},
  organization={Springer}
}

@article{silva2020google,
  title={Google summer of code: Student motivations and contributions},
  author={Silva, Jefferson O and Wiese, Igor and German, Daniel M and Treude, Christoph and Gerosa, Marco A and Steinmacher, Igor},
  journal={JSS},
  volume={162},
  pages={110487},
  year={2020},
  publisher={Elsevier}
}

@inproceedings{pinto2017training,
  title={Training software engineers using open-source software: the professors' perspective},
  author={Pinto, Gustavo Henrique Lima and Figueira Filho, Fernando and Steinmacher, Igor and Gerosa, Marco Aur{\'e}lio},
  booktitle={CSEE\&T},
  pages={117--121},
  year={2017},
  organization={IEEE}
}

@Inbook{Belland2014,
author="Belland, Brian R.",
editor="Spector, J. Michael
and Merrill, M. David
and Elen, Jan
and Bishop, M. J.",
title="Scaffolding: Definition, Current Debates, and Future Directions",
bookTitle="Handbook of Research on Educational Communications and Technology",
year="2014",
publisher="Springer New York",
address="New York, NY",
pages="505--518"
}


@article{santoslr,
title = {Software solutions for newcomers’ onboarding in software projects: A systematic literature review},
journal = {Information and Software Technology},
volume = {177},
pages = {107568},
year = {2025},
issn = {0950-5849},
author = {Italo Santos and Katia Romero Felizardo and Igor Steinmacher and Marco A. Gerosa},
keywords = {Systematic literature review, Software projects, Open source software, Onboarding, Turnover, Tool, Newcomers, Novices},
}

@inproceedings{ferreira2018students,
  title={When students become contributors: leveraging OSS contributions in software engineering courses},
  author={Ferreira, Clarice and Souza, Cleice and Pinto, Gustavo and Steinmacher, Igor and Meirelles, Paulo},
  booktitle={Proceedings of the XXXII SBES},
  pages={260--269},
  year={2018}
}

@inproceedings{PS17toscani2018gamification,
  title={A gamification proposal to support the onboarding of newcomers in the flosscoach portal},
  author={Toscani, Carolina and Gery, Daniel and Steinmacher, Igor and Marczak, Sabrina},
  booktitle={17th IHC},
  pages={1--10},
  year={2018}
}

@inproceedings{deterding2011game,
  title={From game design elements to gamefulness: defining" gamification"},
  author={Deterding, Sebastian and Dixon, Dan and Khaled, Rilla and Nacke, Lennart},
  booktitle={Proceedings of the 15th international academic MindTrek conference: Envisioning future media environments},
  pages={9--15},
  year={2011}
}

@inproceedings{bertholdo2016promoting,
  title={Promoting engagement in open collaboration communities by means of gamification},
  author={Bertholdo, Ana Paula O and Gerosa, Marco Aur{\'e}lio},
  booktitle={HCI International 2016--Posters' Extended Abstracts: 18th International Conference, HCI International 2016 Toronto, Canada, July 17--22, 2016 Proceedings, Part II 18},
  pages={15--20},
  year={2016},
  organization={Springer}
}

@article{dicheva2015gamification,
  title={Gamification in education: A systematic mapping study},
  author={Dicheva, Darina and Dichev, Christo and Agre, Gennady and Angelova, Galia},
  journal={ET\&S},
  volume={18},
  number={3},
  pages={75--88},
  year={2015},
  publisher={JSTOR}
}

@inproceedings{murphy2024gendermag,
  title={{GenderMag} Improves Discoverability in the Field, Especially for Women: An Multi-Year Case Study of Suggest Edit, a Code Review Feature},
  author={Murphy-Hill, Emerson and Elizondo, Alberto and Murillo, Ambar and Harbach, Marian and Vasilescu, Bogdan and Carlson, Delphine and Dessloch, Florian},
  booktitle={IEEE/ACM 46th ICSE},
  pages={1--12},
  year={2024}
}


@inproceedings{zhao152023motivating,
  title={Motivating Open Source Collaborations Through Social Network Evaluation: A Gamification Practice from Alibaba},
  author={Zhao15, Shengyu and Xia25, Xiaoya and Fitzgerald, Brian and Li, Xiaozhou and Lenarduzzi, Valentina and Taibi, Davide and Wang, Rong and Wang, Wei and Tian, Chunqi},
  booktitle={IEEE/ACM 46th ICSE-SEIP},
  year={2024}
}


@inproceedings{muller2019engaging,
author = {Müller, Matthias and Schindler, Christian and Slany, Wolfgang},
year = {2019},
month = {01},
pages = {},
title = {Engaging Students in Open Source: Establishing FOSS Development at a University},
booktitle={HICSS}
}

@inproceedings{flach2023teaching,
  title={Teaching and Promoting Engagement with OSS: Yet Another Experience Report},
  author={Flach, Christina Von and Feitosa, Daniela Soares},
  booktitle={Proceedings of the XXXVII SBES},
  pages={534--543},
  year={2023}
}

@inproceedings{de2023gamified,
  title={Do gamified tutoring systems hinder sexual diversity? An experimental study with cis-heteronormative stereotype},
  author={Sousa, Breno Felix and Challco, Geiser Chalco and Reis, Marcelo and Santana, Ig Ibert Bittencourt and Barbosa, Jessica Fernanda Silva and do Nascimento Martins, Francys Rafael and Isotani, Seiji},
  booktitle={Anais Estendidos do XII Congresso Brasileiro de Inform{\'a}tica na Educa{\c{c}}{\~a}o},
  pages={75--83},
  year={2023},
  organization={SBC}
}

@inproceedings{annunziata2024serge,
  title={SERGE--Serious Game for the Education of Risk Management in Software Project Management},
  author={Annunziata, Giusy and Lambiase, Stefano and Palomba, Fabio and Ferrucci, Filomena},
  booktitle={Proceedings of the 46th International Conference on Software Engineering: Software Engineering Education and Training},
  pages={264--273},
  year={2024}
}

@article{garaccione2024gamification,
  title={Gamification of business process modeling education: an experimental analysis},
  author={Garaccione, Giacomo and Coppola, Riccardo and Ardito, Luca and Torchiano, Marco},
  journal={Software and Systems Modeling},
  pages={1--26},
  year={2024},
  publisher={Springer}
}

@article{powell2020lgbt,
  title={How LGBT+ scientists would like to be included and welcomed in STEM workplaces},
  author={Powell, Kendall and Terry, Ruth and Chen, Sophia},
  journal={Nature},
  volume={586},
  number={7831},
  pages={813--817},
  year={2020},
  publisher={Nature Publishing Group}
}

@article{ayub2019gamification,
  title={Gamification for blended learning in higher education},
  author={Ayub, Mewati and Toba, Hapnes and Wijanto, Maresha C and Yong, Steven and Wijaya, Bryan},
  journal={World Transactions on Engineering and Technology Education},
  volume={17},
  number={1},
  pages={76--81},
  year={2019}
}



@article{marin2018empirical,
  title={An empirical investigation on the benefits of gamification in programming courses},
  author={Mar{\'\i}n, Beatriz and Frez, Jonathan and Cruz-Lemus, J and Genero, Marcela},
  journal={ACM Transactions on Computing Education (TOCE)},
  volume={19},
  number={1},
  pages={1--22},
  year={2018},
  publisher={ACM New York, NY, USA}
}

@article{sailer2020gamification,
  title={The gamification of learning: A meta-analysis},
  author={Sailer, Michael and Homner, Lisa},
  journal={Educational psychology review},
  volume={32},
  number={1},
  pages={77--112},
  year={2020},
  publisher={Springer}
}

@inproceedings{pedro2015does,
  title={Does gamification work for boys and girls? An exploratory study with a virtual learning environment},
  author={Pedro, Lais Z and Lopes, Aparecida MZ and Prates, Bruno G and Vassileva, Julita and Isotani, Seiji},
  booktitle={30th ACM SAC},
  pages={214--219},
  year={2015}
}

@article{zahedi2021gamification,
  title={Gamification in education: A mixed-methods study of gender on computer science students’ academic performance and identity development},
  author={Zahedi, Leila and Batten, Jasmine and Ross, Monique and Potvin, Geoff and Damas, Stephanie and Clarke, Peter and Davis, Debra},
  journal={Journal of Computing in Higher Education},
  volume={33},
  pages={441--474},
  year={2021},
  publisher={Springer}
}

@INPROCEEDINGS{santosgamelements,
  author={Santos, Italo and Felizardo, Katia Romero and Gerosa, Marco A. and Steinmacher, Igor},
  booktitle={2024 IEEE Symposium on Visual Languages and Human-Centric Computing (VL/HCC)}, 
  title={Game Elements to Engage Students Learning the Open Source Software Contribution Process}, 
  year={2024},
  volume={},
  number={},
  pages={59-70},
  keywords={Visualization;Education;Games;Open source software;gamification;game elements;human factors;cognitive styles;human-computer interaction},
  doi={10.1109/VL/HCC60511.2024.00017}}


@article{anonymized2024,
  author    = {Anonymized for Submission},
  title     = {Anonymized Title for Submission},
  journal   = {Anonymized Journal},
  year      = {2024},
  volume    = {Anonymized Volume},
  number    = {Anonymized Number},
  pages     = {Anonymized Pages},
}

@article{eccles2017think,
  title={The think aloud method: what is it and how do I use it?},
  author={Eccles, David W and Arsal, G{\"u}ler},
  journal={Qualitative Research in Sport, Exercise and Health},
  volume={9},
  number={4},
  pages={514--531},
  year={2017},
  publisher={Taylor \& Francis}
}


@misc{nodejs,
  author = {Node{JS} Foundation},
  title = {Node{JS}},
  year = {2024},
  url = {https://nodejs.org/},
  note = {Accessed: 2024-09-20}
}

@misc{probot,
  author = {Probot Team},
  title = {Probot Framework},
  year = {2024},
  url = {https://probot.github.io/},
  note = {Accessed: 2024-09-20}
}

@misc{aws_ec2,
  author = {Amazon Web Services},
  title = {{AWS EC2}},
  year = {2024},
  url = {https://aws.amazon.com/ec2/},
  note = {Accessed: 2024-09-20}
}

@misc{mongodb,
  author = {Mongo{DB} Inc.},
  title = {Mongo{DB}},
  year = {2024},
  url = {https://www.mongodb.com/},
  note = {Accessed: 2024-09-20}
}

@misc{replicationpackage,
  author       = {Figshare},
  title        = {Replication package},
  year         = {2024},
  url          = {https://figshare.com/s/0b93fef5c7ef015e2ddf},
  note         = {Accessed: 2024-09-09}
}


@inproceedings{barcomb2019episodic,
  title={Why do episodic volunteers stay in FLOSS communities?},
  author={Barcomb, Ann and Stol, Klaas-Jan and Riehle, Dirk and Fitzgerald, Brian},
  booktitle={2019 IEEE/ACM 41st International Conference on Software Engineering (ICSE)},
  pages={948--959},
  year={2019},
  organization={IEEE}
}

@book{hair2021primer,
  title={A primer on partial least squares structural equation modeling (PLS-SEM)},
  author={Hair Jr, Joseph F and Hult, G Tomas M and Ringle, Christian M and Sarstedt, Marko},
  year={2021},
  publisher={Sage publications}
}

@book{o2021coproduction,
  title={The coproduction of open source software by volunteers and big tech firms},
  author={O'Neil, Mathieu and Cai, Xiaolan and Muselli, Laure and Pailler, Fred and Zacchiroli, Stefano},
  year={2021},
  publisher={News Media Research Centre, University of Canberra}
}

@article{choi2015characteristics,
  title={The characteristics and motivations of library open source software developers: An empirical study},
  author={Choi, Namjoo and Pruett, Joseph A},
  journal={Library \& Information Science Research},
  volume={37},
  number={2},
  pages={109--117},
  year={2015},
  publisher={Elsevier}
}

@inproceedings{lee2017understanding,
  title={Understanding the impressions, motivations, and barriers of one time code contributors to FLOSS projects: a survey},
  author={Lee, Amanda and Carver, Jeffrey C and Bosu, Amiangshu},
  booktitle={2017 IEEE/ACM 39th International Conference on Software Engineering (ICSE)},
  pages={187--197},
  year={2017},
  organization={IEEE}
}



@inproceedings{hannebauer2017relationship,
  title={On the relationship between newcomer motivations and contribution barriers in open source projects},
  author={Hannebauer, Christoph and Gruhn, Volker},
  booktitle={Proceedings of the 13th International Symposium on Open Collaboration},
  pages={1--10},
  year={2017}
}

@article{spaeth2015research,
  title={Research note—perceived firm attributes and intrinsic motivation in sponsored open source software projects},
  author={Spaeth, Sebastian and von Krogh, Georg and He, Fang},
  journal={Information Systems Research},
  volume={26},
  number={1},
  pages={224--237},
  year={2015},
  publisher={Informs}
}

@inproceedings{schaarschmidt2018company,
  title={Company soldiers and gone-natives: role conflict and career ambition among firm-employed open source developers},
  author={Schaarschmidt, Mario and Stol, Klaas-Jan},
  year={2018},
  booktitle={Association for Information Systems (AIS)}
}

@inproceedings{baltes2016worse,
  title={Worse than spam: Issues in sampling software developers},
  author={Baltes, Sebastian and Diehl, Stephan},
  booktitle={Proceedings of the 10th ACM/IEEE international symposium on empirical software engineering and measurement},
  pages={1--6},
  year={2016}
}

@article{russo2022recruiting,
  title={Recruiting Software Engineers on Prolific},
  author={Russo, Daniel},
  journal={arXiv preprint arXiv:2203.14695},
  year={2022}
}

@inproceedings{danilova2021you,
  title={Do you really code? designing and evaluating screening questions for online surveys with programmers},
  author={Danilova, Anastasia and Naiakshina, Alena and Horstmann, Stefan and Smith, Matthew},
  booktitle={2021 IEEE/ACM 43rd International Conference on Software Engineering (ICSE)},
  pages={537--548},
  year={2021},
  organization={IEEE}
}

@article{kung2018attention,
  title={Are attention check questions a threat to scale validity?},
  author={Kung, Franki YH and Kwok, Navio and Brown, Douglas J},
  journal={Applied Psychology},
  volume={67},
  number={2},
  pages={264--283},
  year={2018},
  publisher={Wiley Online Library}
}

@book{lavrakas2008encyclopedia,
  title={Encyclopedia of survey research methods},
  author={Lavrakas, Paul J},
  year={2008},
  publisher={Sage publications}
}

@incollection{chin2010write,
  title={How to write up and report PLS analyses},
  author={Chin, Wynne W},
  booktitle={Handbook of partial least squares},
  pages={655--690},
  year={2010},
  publisher={Springer}
}

@inproceedings{goodhue2006pls,
  title={PLS, small sample size, and statistical power in MIS research},
  author={Goodhue, Dale and Lewis, William and Thompson, Ron},
  booktitle={Proceedings of the 39th Annual Hawaii International Conference on System Sciences (HICSS'06)},
  volume={8},
  pages={202b--202b},
  year={2006},
  organization={IEEE}
}

@article{ringle2015smartpls,
  title={SmartPLS 3},
  author={Ringle, Christian M and Wende, Sven and Becker, Jan-Michael and others},
  journal={Boenningstedt: SmartPLS GmbH},
  volume={584},
  year={2015}
}

@article{baltes2022sampling,
  title={Sampling in software engineering research: A critical review and guidelines},
  author={Baltes, Sebastian and Ralph, Paul},
  journal={Empirical Software Engineering},
  volume={27},
  number={4},
  pages={1--31},
  year={2022},
  publisher={Springer}
}

@book{dillman2014internet,
  title={Internet, phone, mail, and mixed-mode surveys: the tailored design method},
  author={Dillman, Don A and Smyth, Jolene D and Christian, Leah Melani},
  year={2014},
  publisher={John Wiley \& Sons}
}

@incollection{toepoel2012effects,
  title={Effects of incentives in surveys},
  author={Toepoel, Vera},
  booktitle={Handbook of survey methodology for the social sciences},
  pages={209--223},
  year={2012},
  publisher={Springer}
}

@article{ralph2020pandemic,
  title={Pandemic programming},
  author={Ralph, Paul and Baltes, Sebastian and Adisaputri, Gianisa and Torkar, Richard and Kovalenko, Vladimir and Kalinowski, Marcos and Novielli, Nicole and Yoo, Shin and Devroey, Xavier and Tan, Xin and others},
  journal={Empirical Software Engineering},
  volume={25},
  number={6},
  pages={4927--4961},
  year={2020},
  publisher={Springer}
}

@article{reid2022software,
  title={Software Engineering User Study Recruitment on Prolific: An Experience Report},
  author={Reid, Brittany and Wagner, Markus and d'Amorim, Marcelo and Treude, Christoph},
  journal={arXiv preprint arXiv:2201.05348},
  year={2022}
}


@article{balali2018newcomers,
  title={Newcomers’ barriers... is that all? an analysis of mentors’ and newcomers’ barriers in OSS projects},
  author={Balali, Sogol and Steinmacher, Igor and Annamalai, Umayal and Sarma, Anita and Gerosa, Marco Aurelio},
  journal={Computer Supported Cooperative Work (CSCW)},
  volume={27},
  number={3},
  pages={679--714},
  year={2018},
  publisher={Springer}
}





@article{ralph2005pandemic,
  title={Pandemic programming: how COVID-19 affects software developers and how their organizations can help (2020)},
  author={Ralph, Paul and Baltes, Sebastian and Adisaputri, Gianisa and Torkar, Richard and Kovalenko, Vladimir and Kalinowski, Marcos and Novielli, Nicole and Yoo, Shin and Devroey, Xavier and Tan, Xin and others},
  journal={arXiv preprint arXiv:2005.01127},
  year={2005}
}

@inproceedings{senarath2018developers,
  title={Why developers cannot embed privacy into software systems? An empirical investigation},
  author={Senarath, Awanthika and Arachchilage, Nalin AG},
  booktitle={Proceedings of the 22nd International Conference on Evaluation and Assessment in Software Engineering 2018},
  pages={211--216},
  year={2018}
}



@article{sax2018sense,
  title={Sense of belonging in computing: The role of introductory courses for women and underrepresented minority students},
  author={Sax, Linda J and Blaney, Jennifer M and Lehman, Kathleen J and Rodriguez, Sarah L and George, Kari L and Zavala, Christina},
  journal={Social Sciences},
  volume={7},
  number={8},
  pages={122},
  year={2018},
  publisher={MDPI}
}

@article{hagerty1992sense,
  title={Sense of belonging: A vital mental health concept},
  author={Hagerty, Bonnie MK and Lynch-Sauer, Judith and Patusky, Kathleen L and Bouwsema, Maria and Collier, Peggy},
  journal={Archives of psychiatric nursing},
  volume={6},
  number={3},
  pages={172--177},
  year={1992},
  publisher={Elsevier}
}

@article{baumeister2017need,
  title={The need to belong: Desire for interpersonal attachments as a fundamental human motivation},
  author={Baumeister, Roy F and Leary, Mark R},
  journal={Interpersonal development},
  pages={57--89},
  year={2017},
  publisher={Routledge}
}

@article{blumberg1982missing,
  title={The missing opportunity in organizational research: Some implications for a theory of work performance},
  author={Blumberg, Melvin and Pringle, Charles D},
  journal={Academy of management Review},
  volume={7},
  number={4},
  pages={560--569},
  year={1982},
  publisher={Academy of Management Briarcliff Manor, NY 10510}
}

@inproceedings{holmes2018dimensions,
  title={Dimensions of experientialism for software engineering education},
  author={Holmes, Reid and Allen, Meghan and Craig, Michelle},
  booktitle={Proceedings of the 40th International Conference on Software Engineering: Software Engineering Education and Training},
  pages={31--39},
  year={2018}
}



@inproceedings{nascimento2019does,
  title={Does FLOSS in Software Engineering Education Narrow the Theory-Practice Gap? A Study Grounded on Students’ Perception},
  author={Nascimento, Debora Maria Coelho and Flach Garcia Chavez, Christina von and Bittencourt, Roberto Almeida},
  booktitle={IFIP International Conference on Open Source Systems},
  pages={153--164},
  year={2019},
  organization={Springer}
}

@inproceedings{wang2011bug,
  title={Which bug should I fix: helping new developers onboard a new project},
  author={Wang, Jianguo and Sarma, Anita},
  booktitle={Proceedings of the 4th International Workshop on Cooperative and Human Aspects of Software Engineering},
  pages={76--79},
  year={2011}
}

@inproceedings{canfora2012going,
  title={Who is going to mentor newcomers in open source projects?},
  author={Canfora, Gerardo and Di Penta, Massimiliano and Oliveto, Rocco and Panichella, Sebastiano},
  booktitle={Proceedings of the ACM SIGSOFT 20th International Symposium on the Foundations of Software Engineering},
  year={2012}
}

@inproceedings{steinmacher2013newcomers,
  title={Why do newcomers abandon open source software projects?},
  author={Steinmacher, Igor and Wiese, Igor and Chaves, Ana Paula and Gerosa, Marco Aur{\'e}lio},
  booktitle={2013 6th International Workshop on Cooperative and Human Aspects of Software Engineering (CHASE)},
  pages={25--32},
  year={2013},
  organization={IEEE}
}

@inproceedings{steinmacher2014attracting,
  title={Attracting, onboarding, and retaining newcomer developers in open source software projects},
  author={Steinmacher, Igor and Gerosa, Marco Aur{\'e}lio and Redmiles, David},
  booktitle={Workshop on Global Software Development in a CSCW Perspective},
  year={2014}
}

@inproceedings{wolff2013patterns,
  title={Patterns for tearing down contribution barriers to FLOSS projects},
  author={Wolff-Marting, Vincent and Hannebauer, Christoph and Gruhn, Volker},
  booktitle={2013 IEEE 12th International Conference on Intelligent Software Methodologies, Tools and Techniques (SoMeT)},
  year={2013},
  organization={IEEE}
}

@inproceedings{steinmacher2015understanding,
  title={Understanding and supporting the choice of an appropriate task to start with in open source software communities},
  author={Steinmacher, Igor and Conte, Tayana Uch{\^o}a and Gerosa, Marco Aur{\'e}lio},
  booktitle={2015 48th Hawaii International Conference on System Sciences},
  pages={5299--5308},
  year={2015},
  organization={IEEE}
}

@book{strayhorn2018college,
  title={College students’ sense of belonging: A key to educational success for all students},
  author={Strayhorn, Terrell L},
  year={2018},
  publisher={Routledge}
}

@inproceedings{veilleux2012role,
  title={The role of belonging in engagement, retention and persistence in computer science},
  author={Veilleux, Nanette and Bates, Rebecca and Jones, Diane and Allendoerfer, Cheryl and Crawford, Joy},
  booktitle={Proceedings of the 43rd ACM technical symposium on Computer Science Education},
  pages={707--707},
  year={2012}
}

@book{margolis2002unlocking,
  title={Unlocking the clubhouse: Women in computing},
  author={Margolis, Jane and Fisher, Allan},
  year={2002},
  publisher={MIT press}
}

@article{hoyle1994use,
  title={Use of individual-level data to investigate group phenomena issues and strategies},
  author={Hoyle, Rick H and Crawford, Anne M},
  journal={Small Group Research},
  volume={25},
  number={4},
  pages={464--485},
  year={1994},
  publisher={SAGE PUBLICATIONS, INC. 2455 Teller Road, Thousand Oaks, CA 91320}
}

@article{cohoon2002recruiting,
  title={Recruiting and retaining women in undergraduate computing majors},
  author={Cohoon, J McGrath},
  journal={ACM SIGCSE Bulletin},
  volume={34},
  number={2},
  pages={48--52},
  year={2002},
  publisher={ACM New York, NY, USA}
}

@article{chavez2011free,
  title={Free/libre/open source software development in software engineering education: Opportunities and experiences},
  author={Chavez, Christina and Terceiro, Antonio and Meirelles, Paulo and Santos Jr, Carlos and Kon, Fabio},
  journal={F{\'o}rum de Educa{\c{c}}ao em Engenharia de Software (CBSoft’11-SBES-FEES)},
  year={2011},
  publisher={Citeseer}
}

@article{mayer1995integrative,
  title={An integrative model of organizational trust},
  author={Mayer, Roger C and Davis, James H and Schoorman, F David},
  journal={Academy of management review},
  volume={20},
  number={3},
  pages={709--734},
  year={1995},
  publisher={Academy of Management Briarcliff Manor, NY 10510}
}

@inproceedings{zhou2012make,
  title={What make long term contributors: Willingness and opportunity in OSS community},
  author={Zhou, Minghui and Mockus, Audris},
  booktitle={2012 34th International Conference on Software Engineering (ICSE)},
  pages={518--528},
  year={2012},
  organization={IEEE}
}

@article{baumeister2017need,
  title={The need to belong: Desire for interpersonal attachments as a fundamental human motivation},
  author={Baumeister, Roy F and Leary, Mark R},
  journal={Interpersonal development},
  pages={57--89},
  year={2017},
  publisher={Routledge}
}

@book{mcdougall2015introduction,
  title={An introduction to social psychology},
  author={McDougall, William},
  year={2015},
  publisher={Psychology Press}
}

@article{lin2008determinants,
  title={Determinants of successful virtual communities: Contributions from system characteristics and social factors},
  author={Lin, Hsiu-Fen},
  journal={Information \& Management},
  volume={45},
  number={8},
  pages={522--527},
  year={2008},
  publisher={Elsevier}
}

@article{espinosa2011pipelines,
  title={Pipelines and pathways: Women of color in undergraduate STEM majors and the college experiences that contribute to persistence},
  author={Espinosa, Lorelle},
  journal={Harvard Educational Review},
  volume={81},
  number={2},
  pages={209--241},
  year={2011},
  publisher={Harvard Education Publishing Group}
}

@article{davila2012organizational,
  title={Organizational identification and commitment: correlates of sense of belonging and affective commitment},
  author={D{\'a}vila, M{\textordfeminine} Celeste and Garc{\'\i}a, Gemma Jim{\'e}nez},
  journal={The Spanish journal of psychology},
  volume={15},
  number={1},
  pages={244--255},
  year={2012},
  publisher={Cambridge University Press}
}

@inproceedings{nascimento2013using,
  title={Using Open Source Projects in software engineering education: A systematic mapping study},
  author={Nascimento, Debora Maria and Cox, Kenia and Almeida, Thiago and Sampaio, Wendell and Bittencourt, Roberto Almeida and Souza, Rodrigo and Chavez, Christina},
  booktitle={2013 IEEE Frontiers in Education Conference (FIE)},
  pages={1837--1843},
  year={2013},
  organization={IEEE}
}

@inproceedings{gousios2014exploratory,
  title={An exploratory study of the pull-based software development model},
  author={Gousios, Georgios and Pinzger, Martin and Deursen, Arie van},
  booktitle={Proceedings of the 36th international conference on software engineering},
  pages={345--355},
  year={2014}
}

@inproceedings{dabbish2012social,
  title={Social coding in {GitHub}: transparency and collaboration in an open software repository},
  author={Dabbish, Laura and Stuart, Colleen and Tsay, Jason and Herbsleb, Jim},
  booktitle={Proceedings of the ACM 2012 conference on computer supported cooperative work},
  pages={1277--1286},
  year={2012}
}

@inproceedings{tsay2014influence,
  title={Influence of social and technical factors for evaluating contribution in {GitHub}},
  author={Tsay, Jason and Dabbish, Laura and Herbsleb, James},
  booktitle={Proceedings of the 36th international conference on Software engineering},
  pages={356--366},
  year={2014}
}

@inproceedings{dabbish2012social,
  title={Social coding in {GitHub}: transparency and collaboration in an open software repository},
  author={Dabbish, Laura and Stuart, Colleen and Tsay, Jason and Herbsleb, Jim},
  booktitle={Proceedings of the ACM 2012 conference on computer supported cooperative work},
  pages={1277--1286},
  year={2012}
}

@inproceedings{miller2022did,
  title={“Did You Miss My Comment or What?” Understanding Toxicity in Open Source Discussions},
  author={Miller, Courtney and Cohen, Sophie and Klug, Daniel and Vasilescu, Bogdan and K{\"a}stner, Christian},
  booktitle={In 44th International Conference on Software Engineering (ICSE’22)},
  year={2022}
}

@inproceedings{bagert2005future,
  title={Future growth of software engineering baccalaureate programs in the United States},
  author={Bagert, Donald and Chenoweth, Steve},
  booktitle={2005 Annual Conference},
  pages={10--653},
  year={2005}
}

@article{butler2019company,
  title={On company contributions to community open source software projects},
  author={Butler, Simon and Gamalielsson, Jonas and Lundell, Bj{\"o}rn and Brax, Christoffer and Sj{\"o}berg, Johan and Mattsson, Anders and Gustavsson, Tomas and Feist, Jonas and L{\"o}nroth, Erik},
  journal={IEEE Transactions on Software Engineering},
  volume={47},
  number={7},
  pages={1381--1401},
  year={2019},
  publisher={IEEE}
}

@article{zhang2019companies,
  title={Companies’ participation in oss development--an empirical study of openstack},
  author={Zhang, Yuxia and Zhou, Minghui and Mockus, Audris and Jin, Zhi},
  journal={IEEE Transactions on Software Engineering},
  volume={47},
  number={10},
  pages={2242--2259},
  year={2019},
  publisher={IEEE}
}

@article{mazerolle2014factors,
  title={Factors influencing senior athletic training students' preparedness to enter the workforce},
  author={Mazerolle, Stephanie M and Benes, Sarah S},
  journal={Athletic Training Education Journal},
  volume={9},
  number={1},
  pages={5--11},
  year={2014},
  publisher={National Athletic Trainers Association}
}

@inproceedings{ellis2008support,
  title={Support for educating software engineers through humanitarian open source projects},
  author={Ellis, H and Morelli, Ralph A and Hislop, GW},
  booktitle={2008 21st IEEE-CS conference on software engineering education and training workshop},
  pages={1--4},
  year={2008},
  organization={IEEE}
}

@inproceedings{dekoenigsberg2008successful,
  title={How successful open source projects work, and how and why to introduce students to the open source world},
  author={DeKoenigsberg, Gregory},
  booktitle={2008 21st Conference on Software Engineering Education and Training},
  pages={274--276},
  year={2008},
  organization={IEEE}
}

@inproceedings{fang2023four,
  title={A Four-Year Study of Student Contributions to OSS vs. OSS4SG with a Lightweight Intervention},
  author={Fang, Zihan and Endres, Madeline and Zimmermann, Thomas and Ford, Denae and Weimer, Westley and Leach, Kevin and Huang, Yu},
  booktitle={Proceedings of the 31st ACM Joint European Software Engineering Conference and Symposium on the Foundations of Software Engineering},
  pages={3--15},
  year={2023}
}

@inproceedings{santos2022hits,
  title={Hits and Misses: Newcomers' ability to identify Skills needed for {OSS} tasks},
  author={Santos, Italo and Wiese, Igor and Steinmacher, Igor and Sarma, Anita and Gerosa, Marco A},
  booktitle={IEEE SANER},
  pages={174--183},
  year={2022},
  organization={IEEE}
}

@article{hughes2009twitter,
  title={Twitter adoption and use in mass convergence and emergency events},
  author={Hughes, Amanda Lee and Palen, Leysia},
  journal={International journal of emergency management},
  volume={6},
  number={3-4},
  pages={248--260},
  year={2009},
  publisher={Citeseer}
}


@article{Costa2021-recommending,
  author    = {Catarina Costa and
               Jair Figueiredo and
               Jo{\~{a}}o Felipe Pimentel and
               Anita Sarma and
               Leonardo Murta},
  title     = {Recommending Participants for Collaborative Merge Sessions},
  journal   = {{IEEE} Trans. Software Eng.},
  volume    = {47},
  number    = {6},
  pages     = {1198--1210},
  year      = {2021}
 }

@INPROCEEDINGS{santos2021msr,
  author={Santos, Fabio and Wiese, Igor and Trinkenreich, Bianca and Steinmacher, Igor and Sarma, Anita and Gerosa, Marco A.},
  booktitle={2021 IEEE/ACM 18th International Conference on Mining Software Repositories (MSR)}, 
  title={Can I Solve It? Identifying APIs Required to Complete {OSS} Tasks}, 
  year={2021},
  volume={},
  number={},
  pages={346-257},
  doi={10.1109/MSR52588.2021.00047}}

@article{forte2013defining,
  title={Defining, understanding, and supporting open collaboration: Lessons from the literature},
  author={Forte, Andrea and Lampe, Cliff},
  journal={American behavioral scientist},
  volume={57},
  number={5},
  pages={535--547},
  year={2013},
  publisher={Sage Publications Sage CA: Los Angeles, CA}
}

@article{fang2009understanding,
  title={Understanding sustained participation in open source software projects},
  author={Fang, Yulin and Neufeld, Derrick},
  journal={Journal of Management Information Systems},
  volume={25},
  number={4},
  pages={9--50},
  year={2009},
  publisher={Taylor \& Francis}
}

@inproceedings{FSE_GSoC,
author = {Silva, Jefferson and Wiese, Igor and German, Daniel M. and Treude, Christoph and Gerosa, Marco Aur\'{e}lio and Steinmacher, Igor},
title = {A Theory of the Engagement in Open Source Projects via Summer of Code Programs},
year = {2020},
isbn = {9781450370431},
publisher = {Association for Computing Machinery},
address = {New York, NY, USA},
url = {https://doi.org/10.1145/3368089.3409724},
doi = {10.1145/3368089.3409724},
abstract = {Summer of code programs connect students to open source software (OSS) projects, typically
during the summer break from school. Analyzing consolidated summer of code programs
can reveal how college students, who these programs usually target, can be motivated
to participate in OSS, and what onboarding strategies OSS communities adopt to receive
these students. In this paper, we study the well-established Google Summer of Code
(GSoC) and devise an integrated engagement theory grounded in multiple data sources
to explain motivation and onboarding in this context. Our analysis shows that OSS
communities employ several strategies for planning and executing student participation,
socially integrating the students, and rewarding student’s contributions and achievements.
Students are motivated by a blend of rewards, which are moderated by external factors.
We presented these rewards and the motivation theory to students who had never participated
in a summer of code program and collected their shift in motivation after learning
about the theory. New students can benefit from the former students' experiences detailed
in our results, and OSS stakeholders can leverage both the insight into students’
motivations for joining such programs as well as the onboarding strategies we identify
to devise actions to attract and retain newcomers.},
booktitle = {Proceedings of the 28th ACM Joint Meeting on European Software Engineering Conference and Symposium on the Foundations of Software Engineering},
pages = {421–431},
numpages = {11},
keywords = {Onboarding, Summer of Code, Mentoring, Engagement, OSS, Motivation, Process Theory},
location = {Virtual Event, USA},
series = {ESEC/FSE 2020}
}

@inproceedings{park2009beyond,
  title={Beyond pretty pictures: Examining the benefits of code visualization for open source newcomers},
  author={Park, Yunrim and Jensen, Carlos},
  booktitle={2009 5th IEEE International Workshop on Visualizing Software for Understanding and Analysis},
  pages={3--10},
  year={2009},
  organization={IEEE}
}

@book{fogel2005producing,
  title={Producing open source software: How to run a successful free software project},
  author={Fogel, Karl},
  year={2005},
  publisher={" O'Reilly Media, Inc."}
}



@article{anvik2011reducing,
  title={Reducing the effort of bug report triage: Recommenders for development-oriented decisions},
  author={Anvik, John and Murphy, Gail C},
  journal={ACM Transactions on Software Engineering and Methodology (TOSEM)},
  volume={20},
  number={3},
  pages={1--35},
  year={2011},
  publisher={ACM New York, NY, USA}
}

@inproceedings{macdonald2006voting,
  title={Voting for candidates: adapting data fusion techniques for an expert search task},
  author={Macdonald, Craig and Ounis, Iadh},
  booktitle={Proceedings of the 15th ACM international conference on Information and knowledge management},
  pages={387--396},
  year={2006}
}

@article{cubranic2005hipikat,
  title={Hipikat: A project memory for software development},
  author={Cubranic, Davor and Murphy, Gail C and Singer, Janice and Booth, Kellogg S},
  journal={IEEE Transactions on Software Engineering},
  volume={31},
  number={6},
  pages={446--465},
  year={2005},
  publisher={IEEE}
}

@inproceedings{steinmacher2012recommending,
  title={Recommending mentors to software project newcomers},
  author={Steinmacher, Igor and Wiese, Igor Scaliante and Gerosa, Marco Aur{\'e}lio},
  booktitle={2012 Third International Workshop on Recommendation Systems for Software Engineering (RSSE)},
  pages={63--67},
  year={2012},
  organization={IEEE}
}



@article{qureshi2011socialization,
  title={Socialization in open source software projects: A growth mixture modeling approach},
  author={Qureshi, Israr and Fang, Yulin},
  journal={Organizational Research Methods},
  volume={14},
  number={1},
  pages={208--238},
  year={2011},
  publisher={SAGE Publications Sage CA: Los Angeles, CA}
}

@article{scacchi2002understanding,
  title={Understanding the requirements for developing open source software systems},
  author={Scacchi, Walt},
  journal={IEE Proceedings-Software},
  volume={149},
  number={1},
  pages={24--39},
  year={2002},
  publisher={IET}
}

@inproceedings{dagenais2010moving,
  title={Moving into a new software project landscape},
  author={Dagenais, Barth{\'e}l{\'e}my and Ossher, Harold and Bellamy, Rachel KE and Robillard, Martin P and De Vries, Jacqueline P},
  booktitle={Proceedings of the 32nd ACM/IEEE International Conference on Software Engineering-Volume 1},
  pages={275--284},
  year={2010}
}

@book{kraut2012building,
  title={Building successful online communities: Evidence-based social design},
  author={Kraut, Robert E and Resnick, Paul},
  year={2012},
  publisher={Mit Press}
}

@article{hammad2020mining,
  title={Mining expertise of developers from software repositories},
  author={Hammad, Maen and Hijazi, Haneen and Hammad, Mustafa and Otoom, Ahmed Fawzi},
  journal={International Journal of Computer Applications in Technology},
  volume={62},
  number={3},
  pages={227--239},
  year={2020},
  publisher={Inderscience Publishers (IEL)}
}

@article{capiluppi2012assessing,
  title={Assessing technical candidates on the social web},
  author={Capiluppi, Andrea and Serebrenik, Alexander and Singer, Leif},
  journal={IEEE software},
  volume={30},
  number={1},
  pages={45--51},
  year={2012},
  publisher={IEEE}
}


@inproceedings{ju2021case,
  title={A case study of onboarding in software teams: Tasks and strategies},
  author={Ju, An and Sajnani, Hitesh and Kelly, Scot and Herzig, Kim},
  booktitle={2021 IEEE/ACM 43rd International Conference on Software Engineering (ICSE)},
  pages={613--623},
  year={2021},
  organization={IEEE}
}

@article{cereceda2020graduate,
  title={A graduate student perspective on overcoming barriers to interacting with open-source software},
  author={Cereceda, Oihane and Quinn, Danielle EA},
  journal={FACETS},
  volume={5},
  number={1},
  pages={289--303},
  year={2020},
  publisher={Canadian Science Publishing 65 Auriga Drive, Suite 203, Ottawa, ON K2E 7W6}
}

@article{david2008community,
  title={Community-based production of open-source software: What do we know about the developers who participate?},
  author={David, Paul A and Shapiro, Joseph S},
  journal={Information Economics and Policy},
  volume={20},
  number={4},
  pages={364--398},
  year={2008},
  publisher={Elsevier}
}



@article{scacchi2002understanding,
  title={Understanding the requirements for developing open source software systems},
  author={Scacchi, Walt},
  journal={IEE Proceedings-Software},
  volume={149},
  number={1},
  pages={24--39},
  year={2002},
  publisher={IET}
}


@inproceedings{ahmadi2008survey,
  title={A survey of social software engineering},
  author={Ahmadi, Navid and Jazayeri, Mehdi and Lelli, Francesco and Nesic, Sasa},
  booktitle={2008 23rd IEEE/ACM International Conference on Automated Software Engineering-Workshops},
  pages={1--12},
  year={2008},
  organization={IEEE}
}

@inproceedings{nakakoji2002evolution,
  title={Evolution patterns of open-source software systems and communities},
  author={Nakakoji, Kumiyo and Yamamoto, Yasuhiro and Nishinaka, Yoshiyuki and Kishida, Kouichi and Ye, Yunwen},
  booktitle={Proceedings of the international workshop on Principles of software evolution},
  pages={76--85},
  year={2002}
}

@inproceedings{wiese2016mailing,
  title={Who is who in the mailing list? Comparing six disambiguation heuristics to identify multiple addresses of a participant},
  author={Wiese, Igor Scaliante and Da Silva, Jos{\'e} Teodoro and Steinmacher, Igor and Treude, Christoph and Gerosa, Marco Aur{\'e}lio},
  booktitle={2016 IEEE international conference on software maintenance and evolution (ICSME)},
  pages={345--355},
  year={2016},
  organization={IEEE}
}

@inproceedings{jergensen2011onion,
  title={The onion patch: migration in open source ecosystems},
  author={Jergensen, Corey and Sarma, Anita and Wagstrom, Patrick},
  booktitle={Proceedings of the 19th ACM SIGSOFT symposium and the 13th European conference on Foundations of software engineering},
  pages={70--80},
  year={2011}
}

@inproceedings{canfora2012going,
  title={Who is going to mentor newcomers in open source projects?},
  author={Canfora, Gerardo and Di Penta, Massimiliano and Oliveto, Rocco and Panichella, Sebastiano},
  booktitle={Proceedings of the ACM SIGSOFT 20th International Symposium on the Foundations of Software Engineering},
  year={2012}
}

@article{von2003community,
  title={Community, joining, and specialization in open source software innovation: a case study},
  author={Von Krogh, Georg and Spaeth, Sebastian and Lakhani, Karim R},
  journal={Research policy},
  year={2003},
  publisher={Elsevier}
}

@inproceedings{tan2020first,
  title={A first look at good first issues on {GitHub}},
  author={Tan, Xin and Zhou, Minghui and Sun, Zeyu},
  booktitle={Proceedings of the 28th ACM Joint Meeting on European Software Engineering Conference and Symposium on the Foundations of Software Engineering},
  pages={398--409},
  year={2020}
}

@article{nazmi2021multi,
  title={Multi-label classification with local pairwise and high-order label correlations using graph partitioning},
  author={Nazmi, Shabnam and Yan, Xuyang and Homaifar, Abdollah and Anwar, Mohd},
  journal={Knowledge-Based Systems},
  pages={107414},
  year={2021},
  publisher={Elsevier}
}

@inproceedings{li2021multi,
  title={Multi-Label Classification of Research Papers Using Multi-Label K-Nearest Neighbour Algorithm},
  author={Li, Shurui and Ou, Jiechen},
  booktitle={Journal of Physics: Conference Series},
  volume={1994},
  number={1},
  pages={012031},
  year={2021},
  organization={IOP Publishing}
}

@inproceedings{ferreira2018students,
  title={When students become contributors: leveraging OSS contributions in software engineering courses},
  author={Ferreira, Clarice and Souza, Cleice and Pinto, Gustavo and Steinmacher, Igor and Meirelles, Paulo},
  booktitle={Proceedings of the XXXII Brazilian Symposium on Software Engineering},
  pages={260--269},
  year={2018}
}

@inproceedings{ashok2009debugadvisor,
  title={DebugAdvisor: A recommender system for debugging},
  author={Ashok, Balasubramanyan and Joy, Joseph and Liang, Hongkang and Rajamani, Sriram K and Srinivasa, Gopal and Vangala, Vipindeep},
  booktitle={Proceedings of the 7th joint meeting of the European software engineering conference and the ACM SIGSOFT symposium on The foundations of software engineering},
  pages={373--382},
  year={2009}
}



@inproceedings{balali2020recommending,
  title={Recommending Tasks to Newcomers in OSS Projects: How Do Mentors Handle It?},
  author={Balali, Sogol and Annamalai, Umayal and Padala, Hema Susmita and Trinkenreich, Bianca and Gerosa, Marco A and Steinmacher, Igor and Sarma, Anita},
  booktitle={Proceedings of the 16th International Symposium on Open Collaboration},
  pages={1--14},
  year={2020}
}




@book{MultilabelBook,
author = {Herrera, Francisco and Charte, Francisco and Rivera, Antonio J. and del Jesus, Mara J.},
title = {Multilabel Classification: Problem Analysis, Metrics and Techniques},
year = {2016},
isbn = {3319411101},
publisher = {Springer Publishing Company, Incorporated},
edition = {1st}
}

@article{vijayalakshmi2010mining,
  title={Mining of users access behavior for frequent sequential pattern from web logs},
  author={Vijayalakshmi, S and Mohan, V and Raja, S Suresh},
  journal={International Journal of Database Management System (IJDM)},
  volume={2},
  year={2010}
}

@article{steinmacher2021being,
  title={Being a Mentor in open source projects},
  author={Steinmacher, Igor and Balali, Sogol and Trinkenreich, Bianca and Guizani, Mariam and Izquierdo-Cortazar, Daniel and Cuevas Zambrano, Griselda G and Gerosa, Marco Aurelio and Sarma, Anita},
  journal={Journal of Internet Services and Applications},
  volume={12},
  number={1},
  pages={1--33},
  year={2021},
  publisher={SpringerOpen}
}

@article{hoda2012developing,
  title={Developing a grounded theory to explain the practices of self-organizing Agile teams},
  author={Hoda, Rashina and Noble, James and Marshall, Stuart},
  journal={Empirical Software Engineering},
  year={2012},
  publisher={Springer}
}

@inproceedings{Dominic,
  author =       {J. Dominic and J. Houser and I. Steinmacher and C. Ritter and P. Rodeghero},
  title =        {Conversational bot for newcomers onboarding to open source projects},
  booktitle =    {BotSE 2020},
  series =       {},
  year =         2020,
  isbn =         {},
  location =     {},
  pages =        {},
}

@article{braught2018multi,
  title={A multi-institutional perspective on {H/FOSS} projects in the computing curriculum},
  author={Braught, Grant and Maccormick, John and Bowring, James and Burke, Quinn and Cutler, Barbara and Goldschmidt, David and Krishnamoorthy, Mukkai and Turner, Wesley and Huss-Lederman, Steven and Mackellar, Bonnie and others},
  journal={ACM Transactions on Computing Education (TOCE)},
  volume={18},
  number={2},
  pages={1--31},
  year={2018},
  publisher={ACM New York, NY, USA}
}


@inproceedings{morgan2014lessons,
  title={Lessons learned from teaching open source software development},
  author={Morgan, Becka and Jensen, Carlos},
  booktitle={IFIP International Conference on Open Source Systems},
  year={2014},
  organization={Springer}
}



@article{dhaliwal2011mining,
  title={Mining utility-oriented association rules: An efficient approach based on profit and quantity},
  author={Dhaliwal, Dalvinder S and others},
  journal={International Journal of Physical Sciences},
  volume={6},
  number={2},
  pages={301--307},
  year={2011},
  publisher={Academic Journals}
}


@inproceedings{smith2014selecting,
  title={Selecting open source software projects to teach software engineering},
  author={Smith, Therese Mary and McCartney, Robert and Gokhale, Swapna S and Kaczmarczyk, Lisa C},
  booktitle={Proceedings of the 45th ACM technical symposium on Computer science education},
  pages={397--402},
  year={2014}
}

@inproceedings{buchta2006teaching,
  title={Teaching evolution of open-source projects in software engineering courses},
  author={Buchta, Joseph and Petrenko, Maksym and Poshyvanyk, Denys and Rajlich, V{\'a}clav},
  booktitle={2006 22nd IEEE International Conference on Software Maintenance},
  pages={136--144},
  year={2006},
  organization={IEEE}
}

@inproceedings{sarma2016training,
  title={Training the future workforce through task Curation in an OSS ecosystem},
  author={Sarma, Anita and Gerosa, Marco Aur{\'e}lio and Steinmacher, Igor and Leano, Rafael},
  booktitle={Proceedings of the 2016 24th ACM SIGSOFT International Symposium on Foundations of Software Engineering},
  pages={932--935},
  year={2016}
}

@InProceedings{Park.Jensen_2009,
  author    = {Yunrim Park and Carlos Jensen},
  title     = {Beyond pretty pictures: Examining the benefits of code visualization for open source newcomers},
  booktitle = {Proceedings of the 5th IEEE International Workshop on Visualizing Software for Understanding and Analysis},
  year      = {2009},
  series    = {VISSOFT '09},
  pages     = {3--10},
  month     = sep,
  publisher = {IEEE},
  owner     = {igor},
  timestamp = {2014.02.04},
}

@article{steinmacher2018let,
  title={Let me in: Guidelines for the successful onboarding of newcomers to open source projects},
  author={Steinmacher, Igor and Treude, Christoph and Gerosa, Marco Aurelio},
  journal={IEEE Software},
  volume={36},
  number={4},
  pages={41--49},
  year={2018},
  publisher={IEEE}
}

@article{zaccone2019effects,
  title={The effects of intrinsic and extrinsic motivation on students learning effectiveness. Exploring the moderating role of gender},
  author={Zaccone, Maria Cristina and Pedrini, Matteo},
  journal={International Journal of Educational Management},
  volume={33},
  number={6},
  pages={1381--1394},
  year={2019},
  publisher={Emerald Publishing Limited}
}

@inproceedings{burnett2010gender,
  title={Gender differences and programming environments: across programming populations},
  author={Burnett, Margaret and Fleming, Scott D and Iqbal, Shamsi and Venolia, Gina and Rajaram, Vidya and Farooq, Umer and Grigoreanu, Valentina and Czerwinski, Mary},
  booktitle={ESEM 2010},
  publisher = {{ACM}},
  year={2010}
}



@article{burnett2011gender,
  title={Gender pluralism in problem-solving software},
  author={Burnett, Margaret M and Beckwith, Laura and Wiedenbeck, Susan and Fleming, Scott D and Cao, Jill and Park, Thomas H and Grigoreanu, Valentina and Rector, Kyle},
  journal={Interacting with Computers},
  year={2011},
  publisher={Oxford University Press Oxford, UK}
}

@article{ke2010effects,
  title={The effects of extrinsic motivations and satisfaction in open source software development},
  author={Ke, Weiling and Zhang, Ping},
  journal={Journal of the Association for Information Systems},
  volume={11},
  number={12},
  pages={5},
  year={2010}
}

@article{bitzer2007intrinsic,
  title={Intrinsic motivation in open source software development},
  author={Bitzer, J{\"u}rgen and Schrettl, Wolfram and Schr{\"o}der, Philipp JH},
  journal={Journal of comparative economics},
  volume={35},
  number={1},
  pages={160--169},
  year={2007},
  publisher={Elsevier}
}



@article{ryan2000self,
  title={Self-determination theory and the facilitation of intrinsic motivation, social development, and well-being.},
  author={Ryan, Richard M and Deci, Edward L},
  journal={American psychologist},
  volume={55},
  number={1},
  pages={68},
  year={2000},
  publisher={American Psychological Association}
}

@article{frey1997relationship,
  title={On the relationship between intrinsic and extrinsic work motivation},
  author={Frey, Bruno S and others},
  journal={International journal of industrial organization},
  volume={15},
  number={4},
  pages={427--439},
  year={1997},
  publisher={Elsevier Science}
}

@article{deci1987support,
  title={The support of autonomy and the control of behavior.},
  author={Deci, Edward L and Ryan, Richard M},
  journal={Journal of personality and social psychology},
  volume={53},
  number={6},
  pages={1024},
  year={1987},
  publisher={American Psychological Association}
}

@inproceedings{francca2011motivation,
  title={Motivation in software engineering: A systematic review update},
  author={Fran{\c{c}}a, A C{\'e}sar C and Gouveia, Tatiana B and Santos, Pedro CF and Santana, Celio A and da Silva, Fabio QB},
  booktitle={15th Annual Conference on Evaluation \& Assessment in Software Engineering (EASE 2011)},
  pages={154--163},
  year={2011},
  organization={IET}
}

@article{alexander2002working,
  title={Working for free? Motivations for participating in open-source projects},
  author={Alexander Hars, Shaosong Ou},
  journal={International journal of electronic commerce},
  volume={6},
  number={3},
  pages={25--39},
  year={2002},
  publisher={Taylor \& Francis}
}

@article{lakhani2005hackers,
  title={Why hackers do what they do: Understanding motivation and effort in free/open source software projects},
  author={Lakhani, Karim R and Wolf, Robert G},
  year={2005}
}

@book{lakhani2004open,
  title={How open source software works:“free” user-to-user assistance},
  author={Lakhani, Karim R and Von Hippel, Eric},
  year={2004},
  publisher={Springer}
}


@article{kaur2022exploring,
  title={Exploring factors affecting developer abandonment of open source software projects},
  author={Kaur, Rajdeep and Chahal, Kuljit Kaur},
  journal={Journal of Software: Evolution and Process},
  volume={34},
  number={9},
  pages={e2484},
  year={2022},
  publisher={Wiley Online Library}
}

@inproceedings{pintoFSG17,
  author    = {Gustavo Henrique Lima Pinto and
               Fernando Figueira Filho and
               Igor Steinmacher and
               Marco  Gerosa},
  title     = {Training Software Engineers Using Open-Source Software: The Professors'
               Perspective},
  booktitle = {CSEE\&T},
  publisher = {{IEEE}},
  year      = {2017}
}

@article{Lakhani2003Why,title={Why Hackers Do What They Do: Understanding Motivation and Effort in Free/Open Source Software Projects},author={K. Lakhani and Robert G. Wolf},journal={Behavioral \& Experimental Economics},year={2003},doi={10.2139/ssrn.443040}}

@inproceedings{lee2017m,
  title={I'm Doing This For You (And Me!): Career Concern as Motivation in Online Collaboration Communities},
  author={Lee, Jeongsik and Park, Hyunwoo and Zaggl, Michael},
  booktitle={Academy of Management Proceedings},
  volume={2017},
  number={1},
  pages={11200},
  year={2017},
  organization={Academy of Management Briarcliff Manor, NY 10510}
}

@article{roberts2006understanding,
  title={Understanding the motivations, participation, and performance of open source software developers: A longitudinal study of the Apache projects},
  author={Roberts, Jeffrey A and Hann, Il-Horn and Slaughter, Sandra A},
  journal={Management science},
  volume={52},
  number={7},
  pages={984--999},
  year={2006},
  publisher={INFORMS}
}

@inproceedings{robles2016women,
  title={Women in free/libre/open source software: The situation in the 2010s},
  author={Robles, Gregorio and Reina, Laura Arjona and Gonz{\'a}lez-Barahona, Jes{\'u}s M and Dom{\'\i}nguez, Santiago Due{\~n}as},
  booktitle={Open Source Systems: Integrating Communities: 12th IFIP WG 2.13 International Conference, OSS 2016, Gothenburg, Sweden, May 30-June 2, 2016, Proceedings 12},
  pages={163--173},
  year={2016},
  organization={Springer}
}



@inproceedings{guizani2022debug,
  title={How to debug inclusivity bugs? a debugging process with information architecture},
  author={Guizani, Mariam and Steinmacher, Igor and Emard, Jillian and Fallatah, Abrar and Burnett, Margaret and Sarma, Anita},
  booktitle={ICSE-SEIS 2022},
  year={2022}
}

@inproceedings{marlow2013impression,
  title={Impression formation in online peer production: activity traces and personal profiles in {GitHub} },
  author={Marlow, Jennifer and Dabbish, Laura and Herbsleb, Jim},
  booktitle={Conference on Computer Supported Cooperative Work},
  publisher = {{ACM}},
  year={2013}
}

@inproceedings{vasilescu2015gender,
  title={Gender and tenure diversity in {GitHub} teams},
  author={Vasilescu, Bogdan and Posnett, Daryl and Ray, Baishakhi and van den Brand, Mark GJ and Serebrenik, Alexander and Devanbu, Premkumar and Filkov, Vladimir},
  booktitle={ACM CHI Conference},
  year={2015}
}

@book{miller2012toward,
  title={Toward a new psychology of women},
  author={Miller, Jean Baker},
  year={2012},
  publisher={Beacon Press},
  address={Boston, USA}
}

@article{vugt2007gender,
  title={Gender differences in cooperation and competition: the male-warrior hypothesis},
  author={Vugt, Mark Van and Cremer, David De and Janssen, Dirk P},
  journal={Psychological Science},
  year={2007},
  publisher={SAGE Publications Sage CA}
}

@article{faul2009statistical,
  title={Statistical power analyses using G* Power 3.1: Tests for correlation and regression analyses},
  author={Faul, Franz and Erdfelder, Edgar and Buchner, Axel and Lang, Albert-Georg},
  journal={Behavior research methods},
  volume={41},
  number={4},
  pages={1149--1160},
  year={2009},
  publisher={Springer}
}

@article{russo2021pls,
  title={PLS-SEM for software engineering research: An introduction and survey},
  author={Russo, Daniel and Stol, Klaas-Jan},
  journal={ACM Computing Surveys (CSUR)},
  volume={54},
  number={4},
  pages={1--38},
  year={2021},
  publisher={ACM New York, NY, USA}
}

@article{hair2019use,
  title={When to use and how to report the results of PLS-SEM},
  author={Hair, Joseph F and Risher, Jeffrey J and Sarstedt, Marko and Ringle, Christian M},
  journal={European business review},
  volume={31},
  number={1},
  pages={2--24},
  year={2019},
  publisher={Emerald Publishing Limited}
}

@misc{sarstedt2019partial,
  title={Partial least squares structural equation modeling using SmartPLS: a software review},
  author={Sarstedt, Marko and Cheah, Jun-Hwa},
  year={2019},
  publisher={Springer}
}

@article{wong2013partial,
  title={Partial least squares structural equation modeling (PLS-SEM) techniques using SmartPLS},
  author={Wong, Ken Kwong-Kay},
  journal={Marketing bulletin},
  volume={24},
  number={1},
  pages={1--32},
  year={2013}
}

@misc{bitergia2016gender,
  author       = {Bitergia},
  title        = {Gender-diversity analysis of the Linux kernel technical contributions},
  year         = 2016,
  howpublished = {\url{https://blog.bitergia.com/2016/10/11/gender-diversity-analysis-of-the-linux-kernel-technical-contributions}},
  note         = {Accessed: 2024-08-02}
}


@inproceedings{trinkenreich2023belong,
  title={Do I belong? modeling sense of virtual community among linux kernel contributors},
  author={Trinkenreich, Bianca and Stol, Klaas-Jan and Sarma, Anita and German, Daniel M and Gerosa, Marco A and Steinmacher, Igor},
  booktitle={2023 IEEE/ACM 45th International Conference on Software Engineering (ICSE)},
  pages={319--331},
  year={2023},
  organization={IEEE}
}

@incollection{henseler2009use,
  title={The use of partial least squares path modeling in international marketing},
  author={Henseler, J{\"o}rg and Ringle, Christian M and Sinkovics, Rudolf R},
  booktitle={New challenges to international marketing},
  pages={277--319},
  year={2009},
  publisher={Emerald Group Publishing Limited}
}

@article{stone1974cross,
  title={Cross-validatory choice and assessment of statistical predictions},
  author={Stone, Mervyn},
  journal={Journal of the royal statistical society: Series B (Methodological)},
  volume={36},
  number={2},
  pages={111--133},
  year={1974},
  publisher={Wiley Online Library}
}

@article{tenenhaus2005pls,
  title={PLS path modeling},
  author={Tenenhaus, Michel and Vinzi, Vincenzo Esposito and Chatelin, Yves-Marie and Lauro, Carlo},
  journal={Computational statistics \& data analysis},
  volume={48},
  number={1},
  pages={159--205},
  year={2005},
  publisher={Elsevier}
}

@article{henseler2014common,
  title={Common beliefs and reality about PLS: Comments on R{\"o}nkk{\"o} and Evermann (2013)},
  author={Henseler, J{\"o}rg and Dijkstra, Theo K and Sarstedt, Marko and Ringle, Christian M and Diamantopoulos, Adamantios and Straub, Detmar W and Ketchen Jr, David J and Hair, Joseph F and Hult, G Tomas M and Calantone, Roger J},
  journal={Organizational research methods},
  volume={17},
  number={2},
  pages={182--209},
  year={2014},
  publisher={Sage Publications Sage CA: Los Angeles, CA}
}

@article{henseler2016using,
  title={Using PLS path modeling in new technology research: updated guidelines},
  author={Henseler, J{\"o}rg and Hubona, Geoffrey and Ray, Pauline Ash},
  journal={Industrial management \& data systems},
  volume={116},
  number={1},
  pages={2--20},
  year={2016},
  publisher={Emerald Group Publishing Limited}
}

@misc{keele2007guidelines,
  title={Guidelines for performing systematic literature reviews in software engineering},
  author={Keele, Staffs and others},
  year={2007},
  publisher={Technical report, ver. 2.3 ebse technical report. ebse}
}

@article{kitchenham2013systematic,
  title={A systematic review of systematic review process research in software engineering},
  author={Kitchenham, Barbara and Brereton, Pearl},
  journal={Information and Software Technology (IST)},
  volume={55},
  number={12},
  pages={2049--2075},
  year={2013},
  publisher={Elsevier}
}


@article{falagas2008comparison,
  title={Comparison of PubMed, Scopus, web of science, and Google scholar: strengths and weaknesses},
  author={Falagas, Matthew E and Pitsouni, Eleni I and Malietzis, George A and Pappas, Georgios},
  journal={The FASEB journal},
  volume={22},
  number={2},
  pages={338--342},
  year={2008},
  publisher={Wiley Online Library}
}

@article{steinmacher2015systematic,
  title={A systematic literature review on the barriers faced by newcomers to open source software projects},
  author={Steinmacher, Igor and Silva, Marco Aurelio Graciotto and Gerosa, Marco Aurelio and Redmiles, David F},
  journal={Information and Software Technology (IST)},
  volume={59},
  pages={67--85},
  year={2015},
  publisher={Elsevier}
}

@inproceedings{jalali2012systematic,
  title={Systematic literature studies: database searches vs. backward snowballing},
  author={Jalali, Samireh and Wohlin, Claes},
  booktitle={ACM-IEEE International Symposium on Empirical Software Engineering and Measurement (ESEM)},
  pages={29--38},
  year={2012}
}

%%SLR

@inproceedings{PS01azanza2021onboarding,
  title={Onboarding in software product lines: concept maps as welcome guides},
  author={Azanza, Maider and Irastorza, Arantza and Medeiros, Raul and D{\'\i}az, Oscar},
  booktitle={IEEE/ACM 43rd International Conference on Software Engineering: Software Engineering Education and Training (ICSE-SEET)},
  pages={122--133},
  year={2021},
  organization={IEEE}
}

@inproceedings{PS02canfora2012going,
  title={Who is going to mentor newcomers in open source projects?},
  author={Canfora, Gerardo and Di Penta, Massimiliano and Oliveto, Rocco and Panichella, Sebastiano},
  booktitle={ACM SIGSOFT 20th International Symposium on the Foundations of Software Engineering (FSE)},
  pages={1--11},
  year={2012}
}

@inproceedings{PS03cubranic2003hipikat,
  title={Hipikat: recommending pertinent software development artifacts},
  author={Cubranic, Davor and Murphy, Gail C},
  booktitle={25th International Conference on Software Engineering (ICSE)},
  pages={408--418},
  year={2003},
  organization={IEEE}
}


@article{ghosh2002free,
  title={Free/libre and open source software: Survey and study},
  author={Ghosh, Rishab A and Glott, Ruediger and Krieger, Bernhard and Robles, Gregorio},
  year={2002},
  publisher={Part iv:" Survey of developers". http://www. infonomics. nl/FLOSS/report~…}
}

@inproceedings{PS05dominic2020conversational,
  title={Conversational bot for newcomers onboarding to open source projects},
  author={Dominic, James and Houser, Jada and Steinmacher, Igor and Ritter, Charles and Rodeghero, Paige},
  booktitle={IEEE/ACM 42nd International Conference on Software Engineering Workshops (ICSEW)},
  pages={46--50},
  year={2020}
}

@inproceedings{PS06fu2017expert,
  title={Expert recommendation in {OSS} projects based on knowledge embedding},
  author={Fu, Chenbo and Zhou, Mingming and Xuan, Qi and Hu, Hong-Xiang},
  booktitle={International Workshop on Complex Systems and Networks (IWCSN)},
  pages={149--155},
  year={2017},
  organization={IEEE}
}

@inproceedings{PS07guizani2022attracting,
  title={Attracting and retaining {OSS} contributors with a maintainer dashboard},
  author={Guizani, Mariam and Zimmermann, Thomas and Sarma, Anita and Ford, Denae},
  booktitle={ACM/IEEE 44th International Conference on Software Engineering: Software Engineering in Society (ICSE-SEIS)},
  pages={36--40},
  year={2022}
}

@inproceedings{PS08he2022gfi,
  title={GFI-bot: automated good first issue recommendation on {GitHub}},
  author={He, Hao and Su, Haonan and Xiao, Wenxin and He, Runzhi and Zhou, Minghui},
  booktitle={30th ACM Joint European Software Engineering Conference and Symposium on the Foundations of Software Engineering (ESEC/FSE)},
  pages={1751--1755},
  year={2022}
}

@inproceedings{PS09kagdi2008can,
  title={Who can help me with this source code change?},
  author={Kagdi, Huzefa and Hammad, Maen and Maletic, Jonathan I},
  booktitle={IEEE International Conference on Software Maintenance (ICSM)},
  pages={157--166},
  year={2008},
  organization={IEEE}
}

@inproceedings{PS10medeiros2022assisting,
  title={Assisting mentors in selecting newcomers’ next task in software product lines: A recommender system approach},
  author={Medeiros, Raul and D{\'\i}az, Oscar},
  booktitle={Advanced Information Systems Engineering: 34th International Conference (CAiSE)},
  pages={460--476},
  year={2022},
  organization={Springer}
}

@inproceedings{PS11nagel2021ontology,
  title={Ontology-based software graphs for supporting code comprehension during onboarding},
  author={Nagel, Lukas and Karras, Oliver and Klünder, Jil},
  booktitle={47th Euromicro Conference on Software Engineering and Advanced Applications (SEAA)},
  pages={158--165},
  year={2021},
  organization={IEEE}
}

@inproceedings{PS12sarma2016training,
  title={Training the future workforce through task curation in an {OSS} ecosystem},
  author={Sarma, Anita and Gerosa, Marco Aur{\'e}lio and Steinmacher, Igor and Leano, Rafael},
  booktitle={24th ACM SIGSOFT International Symposium on Foundations of Software Engineering (FSE)},
  pages={932--935},
  year={2016}
}

@inproceedings{PS13serrano2022find,
  title={How to find my task? chatbot to assist newcomers in choosing tasks in {OSS} projects},
  author={Serrano Alves, Luiz Philipe and Wiese, Igor Scaliante and Chaves, Ana Paula and Steinmacher, Igor},
  booktitle={Chatbot Research and Design: 5th International Workshop (CONVERSATIONS)},
  pages={90--107},
  year={2022},
  organization={Springer}
}

@inproceedings{PS14stanik2018simple,
  title={A simple nlp-based approach to support onboarding and retention in open source communities},
  author={Stanik, Christoph and Montgomery, Lloyd and Martens, Daniel and Fucci, Davide and Maalej, Walid},
  booktitle={IEEE International Conference on Software Maintenance and Evolution (ICSME)},
  pages={172--182},
  year={2018},
  organization={IEEE}
}

@inproceedings{PS15steinmacher2016overcoming,
  title={Overcoming open source project entry barriers with a portal for newcomers},
  author={Steinmacher, Igor and Conte, Tayana Uchoa and Treude, Christoph and Gerosa, Marco Aur{\'e}lio},
  booktitle={38th International Conference on Software Engineering (ICSE)},
  pages={273--284},
  year={2016}
}

@inproceedings{PS16steinmacher2012recommending,
  title={Recommending mentors to software project newcomers},
  author={Steinmacher, Igor and Wiese, Igor Scaliante and Gerosa, Marco Aur{\'e}lio},
  booktitle={Third International Workshop on Recommendation Systems for Software Engineering (RSSE)},
  pages={63--67},
  year={2012},
  organization={IEEE}
}



@inproceedings{PS18wang2011bug,
  title={Which bug should I fix: helping new developers onboard a new project},
  author={Wang, Jianguo and Sarma, Anita},
  booktitle={4th International Workshop on Cooperative and Human Aspects of Software Engineering (CHASE)},
  pages={76--79},
  year={2011}
}

@inproceedings{PS19xiao2022recommending,
  title={Recommending good first issues in {GitHub} {OSS} projects},
  author={Xiao, Wenxin and He, Hao and Xu, Weiwei and Tan, Xin and Dong, Jinhao and Zhou, Minghui},
  booktitle={44th International Conference on Software Engineering (ICSE)},
  pages={1830--1842},
  year={2022}
}

@inproceedings{PS20yin2021automatic,
  title={Automatic learning path recommendation for open source projects using deep learning on knowledge graphs},
  author={Yin, Hang and Sun, Zhiyu and Sun, Yanchun and Huang, Gang},
  booktitle={IEEE 45th Annual Computers, Software, and Applications Conference (COMPSAC)},
  pages={824--833},
  year={2021},
  organization={IEEE}
}

@inproceedings{PS21ford2022reboc,
  title={ReBOC: recommending bespoke open source software projects to contributors},
  author={Ford, Denae and Shrestha, Nischal and Zimmermann, Thomas},
  booktitle={IEEE Symposium on Visual Languages and Human-Centric Computing (VL/HCC)},
  pages={1--5},
  year={2022},
  organization={IEEE}
}

@article{PS22liu2018recommending,
  title={Recommending {GitHub} projects for developer onboarding},
  author={Liu, Chao and Yang, Dan and Zhang, Xiaohong and Ray, Baishakhi and Rahman, Md Masudur},
  journal={IEEE Access},
  volume={6},
  pages={52082--52094},
  year={2018},
  publisher={IEEE}
}

@INPROCEEDINGS{PS23santos2023designing,
  author={Santos, Italo and Pimentel, João Felipe and Wiese, Igor and Steinmacher, Igor and Sarma, Anita and Gerosa, Marco A.},
  booktitle={IEEE/ACM 45th International Conference on Software Engineering: Software Engineering in Society (ICSE-SEIS)}, 
  title={Designing for cognitive diversity: improving the {GitHub} experience for newcomers}, 
  year={2023},
  pages={1-12}
}

@book{perez2019invisible,
  title={Invisible women: Data bias in a world designed for men},
  author={Perez, Caroline Criado},
  year={2019},
  publisher={Abrams}
}

@inproceedings{PS24santos2021can,
  title={Can i solve it? identifying apis required to complete {OSS} tasks},
  author={Santos, Fabio and Wiese, Igor and Trinkenreich, Bianca and Steinmacher, Igor and Sarma, Anita and Gerosa, Marco A},
  booktitle={IEEE/ACM 18th International Conference on Mining Software Repositories (MSR)},
  pages={346--257},
  year={2021},
  organization={IEEE}
}

@inproceedings{PS25minto2007recommending,
  title={Recommending emergent teams},
  author={Minto, Shawn and Murphy, Gail C},
  booktitle={Fourth International Workshop on Mining Software Repositories (MSR-ICSEW)},
  pages={5--5},
  year={2007},
  organization={IEEE}
}

@inproceedings{PS26heimburger2020gamifying,
  title={Gamifying onboarding: how to increase both engagement and integration of new employees},
  author={Heimburger, Louisa and Buchweitz, Lea and Gouveia, Ruben and Korn, Oliver},
  booktitle={International Conference on Social and Occupational Ergonomics (AHFE)},
  pages={3--14},
  year={2020},
  organization={Springer}
}

@inproceedings{PS27malheiros2012source,
  title={A source code recommender system to support newcomers},
  author={Malheiros, Yuri and Moraes, Alan and Trindade, Cleyton and Meira, Silvio},
  booktitle={IEEE 36th Annual Computer Software and Applications Conference (COMPSAC)},
  pages={19--24},
  year={2012},
  organization={IEEE}
}

@inproceedings{PS28yang2016repolike,
  title={Repolike: personal repositories recommendation in social coding communities},
  author={Yang, Cheng and Fan, Qiang and Wang, Tao and Yin, Gang and Wang, Huaimin},
  booktitle={8th Asia-Pacific Symposium on Internetware (Internetware)},
  pages={54--62},
  year={2016}
}

@inproceedings{PS29zhou2021ghtrec,
  title={Ghtrec: a personalized service to recommend {GitHub} trending repositories for developers},
  author={Zhou, Yuqi and Wu, Jiawei and Sun, Yanchun},
  booktitle={IEEE International Conference on Web Services (ICWS)},
  pages={314--323},
  year={2021},
  organization={IEEE}
}


@inproceedings{PS30venigalla2022gitq,
  title={GitQ-towards using badges as visual cues for {GitHub} projects},
  author={Venigalla, Akhila Sri Manasa and Boyalakuntla, Kowndinya and Chimalakonda, Sridhar},
  booktitle={30th IEEE/ACM International Conference on Program Comprehension (ICPC)},
  pages={157--161},
  year={2022}
}

@article{PS31sun2018personalized,
  title={Personalized project recommendation on {GitHub}},
  author={Sun, Xiaobing and Xu, Wenyuan and Xia, Xin and Chen, Xiang and Li, Bin},
  journal={Science China Information Sciences},
  volume={61},
  pages={1--14},
  year={2018},
  publisher={Springer}
}

@inproceedings{PS32sarma2009tesseract,
  title={Tesseract: interactive visual exploration of socio-technical relationships in software development},
  author={Sarma, Anita and Maccherone, Larry and Wagstrom, Patrick and Herbsleb, James},
  booktitle={IEEE 31st International Conference on Software Engineering (ICSE)},
  pages={23--33},
  year={2009},
  organization={IEEE}
}

@article{kitchenham2007guidelines,
  title={Guidelines for performing systematic literature reviews in software engineering version 2.3},
  author={Kitchenham, Barbara and Charters, Stuart and others},
  journal={Engineering},
  volume={45},
  number={4ve},
  pages={1051},
  year={2007}
}

@inproceedings{usman2014effort,
  title={Effort estimation in agile software development: a systematic literature review},
  author={Usman, Muhammad and Mendes, Emilia and Weidt, Francila and Britto, Ricardo},
  booktitle={10th International Conference on Predictive Models in Software Engineering (PROMISE)},
  pages={82--91},
  year={2014},
  organization={ACM}
}

@inproceedings{dermeval2014systematic,
  title={A systematic review on the use of ontologies in requirements engineering},
  author={Dermeval, Diego and Vilela, J{\'e}ssyka and Bittencourt, Ig Ibert and Castro, Jaelson and Isotani, Seiji and Brito, Patrick},
  booktitle={Brazilian Symposium on Software Engineering (SBES)},
  pages={1--10},
  year={2014},
  organization={IEEE}
}

@article{dybaa2008empirical,
  title={Empirical studies of agile software development: a systematic review},
  author={Dyb{\aa}, Tore and Dings{\o}yr, Torgeir},
  journal={Information and software technology (IST)},
  volume={50},
  number={9},
  pages={833--859},
  year={2008},
  publisher={Elsevier}
}

@article{mahdavi2013variability,
  title={Variability in quality attributes of service-based software systems: a systematic literature review},
  author={Mahdavi-Hezavehi, Sara and Galster, Matthias and Avgeriou, Paris},
  journal={Information and Software Technology (IST)},
  volume={55},
  number={2},
  pages={320--343},
  year={2013},
  publisher={Elsevier}
}

@article{ding2014knowledge,
  title={Knowledge-based approaches in software documentation: a systematic literature review},
  author={Ding, Wei and Liang, Peng and Tang, Antony and Van Vliet, Hans},
  journal={Information and Software Technology (IST)},
  volume={56},
  number={6},
  pages={545--567},
  year={2014},
  publisher={Elsevier}
}

@article{achimugu2014systematic,
  title={A systematic literature review of software requirements prioritization research},
  author={Achimugu, Philip and Selamat, Ali and Ibrahim, Roliana and Mahrin, Mohd Naz’ri},
  journal={Information and Software Technology (IST)},
  volume={56},
  number={6},
  pages={568--585},
  year={2014},
  publisher={Elsevier}
}

@article{forte2013defining,
  title={Defining, understanding, and supporting open collaboration: Lessons from the literature},
  author={Forte, Andrea and Lampe, Cliff},
  journal={American behavioral scientist},
  volume={57},
  number={5},
  pages={535--547},
  year={2013},
  publisher={Sage Publications Sage CA: Los Angeles, CA}
}

@article{singh2013role,
  title={Role of gender, self-efficacy, anxiety and testing formats in learning spreadsheets},
  author={Singh, Anil and Bhadauria, Vikram and Jain, Anurag and Gurung, Anil},
  journal={Computers in Human Behavior},
  volume={29},
  number={3},
  pages={739--746},
  year={2013},
  publisher={Elsevier}
}

@article{cazan2016computer,
  title={Computer anxiety and attitudes towards the computer and the internet with Romanian high-school and university students},
  author={Cazan, Ana-Maria and Cocorad{\u{a}}, Elena and Maican, C{\u{a}}t{\u{a}}lin Ioan},
  journal={Computers in Human Behavior},
  volume={55},
  pages={258--267},
  year={2016},
  publisher={Elsevier}
}

@article{brereton2007lessons,
  title={Lessons from applying the systematic literature review process within the software engineering domain},
  author={Brereton, Pearl and Kitchenham, Barbara A and Budgen, David and Turner, Mark and Khalil, Mohamed},
  journal={Journal of systems and software},
  volume={80},
  number={4},
  pages={571--583},
  year={2007},
  publisher={Elsevier}
}

@inproceedings{heimerl2014word,
  title={Word cloud explorer: text analytics based on word clouds},
  author={Heimerl, Florian and Lohmann, Steffen and Lange, Simon and Ertl, Thomas},
  booktitle={47th Hawaii International Conference on System Sciences (HICSS)},
  pages={1833--1842},
  year={2014},
  organization={IEEE}
}

@article{steinmacher2019overcoming,
  title={Overcoming social barriers when contributing to open source software projects},
  author={Steinmacher, Igor and Gerosa, Marco and Conte, Tayana U and Redmiles, David F},
  journal={Computer Supported Cooperative Work (CSCW)},
  volume={28},
  pages={247--290},
  year={2019},
  publisher={Springer}
}

@article{horwitz2007effects,
  title={The effects of team diversity on team outcomes: a meta-analytic review of team demography},
  author={Horwitz, Sujin K and Horwitz, Irwin B},
  journal={Journal of Management},
  year={2007},
  publisher={Sage Publications Sage CA: Los Angeles, CA}
}


@inproceedings{singer2013mutual,
  title={Mutual assessment in the social programmer ecosystem: an empirical investigation of developer profile aggregators},
  author={Singer, Leif and Figueira Filho, Fernando and Cleary, Brendan and Treude, Christoph and Storey, Margaret-Anne and Schneider, Kurt},
  booktitle={CSCW},
  year={2013}
}

@inproceedings{ford2017someone,
  title={Someone like me: how does peer parity influence participation of women on stack overflow?},
  author={Ford, Denae and Harkins, Alisse and Parnin, Chris},
  booktitle={IEEE Symposium on Visual Languages and Human-Centric Computing (VL/HCC)},
  year={2017},
  publisher = {{IEEE CS}}
}

@inproceedings{robles2016women,
  title={Women in free/libre/open source software: the situation in the 2010s},
  author={Robles, Gregorio and Reina, Laura Arjona and Gonz{\'a}lez-Barahona, Jes{\'u}s M and Dom{\'\i}nguez, Santiago Due{\~n}as},
  booktitle={12th IFIP Advances in Information and Communication Technology ({OSS})},
  year={2016},
  publisher = {Springer}
}

@article{hauge2010adoption,
  title={Adoption of open source software in software-intensive organizations--A systematic literature review},
  author={Hauge, {\O}yvind and Ayala, Claudia and Conradi, Reidar},
  journal={Information and Software Technology},
  volume={52},
  number={11},
  pages={1133--1154},
  year={2010},
  publisher={Elsevier}
}

@article{kaur2022understanding,
  title={Understanding community participation and engagement in open source software Projects: a systematic mapping study},
  author={Kaur, Rajdeep and Chahal, Kuljit Kaur and Saini, Munish},
  journal={Journal of King Saud University - Computer and Information Sciences},
  volume={34},
  number={7},
  pages={4607--4625},
  year={2022},
  publisher={Elsevier}
}

@article{robillard2009recommendation,
  title={Recommendation systems for software engineering},
  author={Robillard, Martin and Walker, Robert and Zimmermann, Thomas},
  journal={IEEE Software},
  volume={27},
  number={4},
  pages={80--86},
  year={2009},
  publisher={IEEE}
}

@article{dagenais2011recommending,
  title={Recommending adaptive changes for framework evolution},
  author={Dagenais, Barth{\'e}l{\'e}my and Robillard, Martin P},
  journal={ACM Transactions on Software Engineering and Methodology (TOSEM)},
  volume={20},
  number={4},
  pages={1--35},
  year={2011},
  publisher={ACM New York, NY, USA}
}

@inproceedings{yu2012empirical,
  title={An empirical study of volunteer members' perceived turnover in open source software projects},
  author={Yu, Yiqing and Benlian, Alexander and Hess, Thomas},
  booktitle={2012 45th Hawaii International Conference on System Sciences},
  pages={3396--3405},
  year={2012},
  organization={IEEE}
}

@article{kotti2023machine,
  title={Machine learning for software engineering: a tertiary study},
  author={Kotti, Zoe and Galanopoulou, Rafaila and Spinellis, Diomidis},
  journal={ACM Computing Surveys},
  volume={55},
  number={12},
  pages={1--39},
  year={2023},
  publisher={ACM New York, NY}
}

@INPROCEEDINGS{meinke2018,
  author={Meinke, Karl and Bennaceur, Amel},
  booktitle={IEEE/ACM 40th International Conference on Software Engineering: Companion (ICSE-Companion)}, 
  title={Machine Learning for Software Engineering: Models, Methods, and Applications}, 
  year={2018},
  volume={},
  number={},
  pages={548-549},
  doi={}
}

@article{zheng2006value,
  title={On the value of static analysis for fault detection in software},
  author={Zheng, Jiang and Williams, Laurie and Nagappan, Nachiappan and Snipes, Will and Hudepohl, John P and Vouk, Mladen A},
  journal={IEEE Transactions on Software Engineering},
  volume={32},
  number={4},
  pages={240--253},
  year={2006},
  publisher={IEEE}
}

@article{pedreira2015gamification,
  title={Gamification in software engineering--a systematic mapping},
  author={Pedreira, Oscar and Garc{\'\i}a, F{\'e}lix and Brisaboa, Nieves and Piattini, Mario},
  journal={Information and Software Technology (IST)},
  volume={57},
  pages={157--168},
  year={2015},
  publisher={Elsevier}
}


@article{qureshi2011socialization,
  title={Socialization in open source software projects: a growth mixture modeling approach},
  author={Qureshi, Israr and Fang, Yulin},
  journal={Organizational Research Methods},
  volume={14},
  number={1},
  pages={208--238},
  year={2011},
  publisher={SAGE Publications Sage CA: Los Angeles, CA}
}


@inproceedings{begel2008novice,
  title={Novice software developers, all over again},
  author={Begel, Andrew and Simon, Beth},
  booktitle={Fourth International Workshop on Computing Education Research (ICER)},
  pages={3--14},
  year={2008}
}

@article{easterbrook2008selecting,
  title={Selecting empirical methods for software engineering research},
  author={Easterbrook, Steve and Singer, Janice and Storey, Margaret-Anne and Damian, Daniela},
  journal={Guide to Advanced Empirical Software Engineering},
  pages={285--311},
  year={2008},
  publisher={Springer}
}



@inproceedings{bosu2019diversity,
  title={Diversity and inclusion in open source software ({OSS}) projects: where do we stand?},
  author={Bosu, Amiangshu and Sultana, Kazi Zakia},
  booktitle={ACM/IEEE International Symposium on Empirical Software Engineering and Measurement (ESEM)},
  pages={1--11},
  year={2019},
  organization={IEEE}
}

@article{storey2016social,
  title={How social and communication channels shape and challenge a participatory culture in software development},
  author={Storey, Margaret-Anne and Zagalsky, Alexey and Figueira Filho, Fernando and Singer, Leif and German, Daniel M},
  journal={IEEE TSE},
  year={2016}
}

@inproceedings{fagerholm2014role,
  title={The role of mentoring and project characteristics for onboarding in open source software projects},
  author={Fagerholm, Fabian and Guinea, Alejandro S and M{\"u}nch, J{\"u}rgen and Borenstein, Jay},
  booktitle={8th ACM/IEEE International Symposium on Empirical Software Engineering and Measurement (ESEM)},
  pages={1--10},
  year={2014}
}

@article{halfaker2013rise,
  title={The rise and decline of an open collaboration system: How Wikipedia’s reaction to popularity is causing its decline},
  author={Halfaker, Aaron and Geiger, R Stuart and Morgan, Jonathan T and Riedl, John},
  journal={American Behavioral Scientist},
  volume={57},
  number={5},
  pages={664--688},
  year={2013},
  publisher={Sage Publications Sage CA: Los Angeles, CA}
}

@inproceedings{jensen2011joining,
  title={Joining free/open source software communities: an analysis of newbies' first interactions on project mailing lists},
  author={Jensen, Carlos and King, Scott and Kuechler, Victor},
  booktitle={44th Hawaii International Conference on System Sciences (HICSS)},
  pages={1--10},
  year={2011},
  organization={IEEE}
}

@inproceedings{hannebauer2014exploratory,
  title={An exploratory study of contribution barriers experienced by newcomers to open source software projects},
  author={Hannebauer, Christoph and Book, Matthias and Gruhn, Volker},
  booktitle={1st International Workshop on CrowdSourcing in Software Engineering (CSI-SE)},
  pages={11--14},
  year={2014}
}

@inproceedings{dagenais2010moving,
  title={Moving into a new software project landscape},
  author={Dagenais, Barth{\'e}l{\'e}my and Ossher, Harold and Bellamy, Rachel KE and Robillard, Martin P and De Vries, Jacqueline P},
  booktitle={32nd ACM/IEEE International Conference on Software Engineering (ICSE)},
  pages={275--284},
  year={2010}
}

@Inbook{bauer2011organizational,
author={Bauer, Talya N.
and Erdogan, Berrin},
title={Organizational socialization: The effective onboarding of new employees.},
series={APA handbooks in psychology.},
year={2011},
publisher={American Psychological Association},
address={Washington,  DC,  US},
pages={51-64},
doi={10.1037/12171-002},
url={https://doi.org/10.1037/12171-002}
}



@article{gregory2022onboarding,
  title={An onboarding model for integrating newcomers into agile project teams},
  author={Gregory, Peggy and Strode, Diane E and Sharp, Helen and Barroca, Leonor},
  journal={Information and Software Technology (IST)},
  volume={143},
  pages={106792},
  year={2022},
  publisher={Elsevier}
}

@inproceedings{fronchetti2019attracts,
  title={What attracts newcomers to onboard on {OSS} projects? tl; dr: Popularity},
  author={Fronchetti, Felipe and Wiese, Igor and Pinto, Gustavo and Steinmacher, Igor},
  booktitle={15th IFIP Advances in Information and Communication Technology (OSS)},
  pages={91--103},
  year={2019},
  organization={Springer}
}


@article{rodriguez2021perceived,
  title={Perceived diversity in software engineering: a systematic literature review},
  author={Rodr{\'\i}guez-P{\'e}rez, Gema and Nadri, Reza and Nagappan, Meiyappan},
  journal={Empirical Software Engineering},
  volume={26},
  pages={1--38},
  year={2021},
  publisher={Springer}
}

@misc{von2003special,
  title={Special issue on open source software development},
  author={Von Krogh, Georg and Von Hippel, Eric},
  journal={Research Policy},
  volume={32},
  number={7},
  pages={1149--1157},
  year={2003},
  publisher={Elsevier}
}

@article{singh2010small,
  title={The small-world effect: the influence of macro-level properties of developer collaboration networks on open-source project success},
  author={Singh, Param Vir},
  journal={ACM Transactions on Software Engineering and Methodology (TOSEM)},
  volume={20},
  number={2},
  pages={1--27},
  year={2010},
  publisher={ACM New York, NY, USA}
}



@inproceedings{goduguluri2011kommgame,
  title={Kommgame: a reputation environment for teaching open source software},
  author={Goduguluri, Veerakishore and Kilamo, Terhi and Hammouda, Imed},
  booktitle={7th IFIP Advances in Information and Communication Technology (OSS)},
  pages={312--315},
  year={2011},
  organization={Springer}
}



@inproceedings{deterding2011game,
  title={From game design elements to gamefulness: defining ``gamification''},
  author={Deterding, Sebastian and Dixon, Dan and Khaled, Rilla and Nacke, Lennart},
  booktitle={15th International Academic MindTrek Conference: Envisioning Future Media Environments (MindTrek)},
  pages={9--15},
  year={2011}
}

@inproceedings{bertholdo2016promoting,
  title={Promoting engagement in open collaboration communities by means of gamification},
  author={Bertholdo, Ana Paula O and Gerosa, Marco Aur{\'e}lio},
  booktitle={HCI International 2016--Posters' Extended Abstracts: 18th International Conference},
  pages={15--20},
  year={2016},
  organization={Springer}
}


@inproceedings{wohlin2014guidelines,
  title={Guidelines for snowballing in systematic literature studies and a replication in software engineering},
  author={Wohlin, Claes},
  booktitle={18th International Conference on Evaluation and Assessment in Software Engineering (EASE)},
  pages={1--10},
  year={2014}
}

@article{corbin2008techniques,
  title={Techniques and procedures for developing grounded theory},
  author={Corbin, Juliet and Strauss, Anselm},
  journal={Basics of Qualitative Research, 3rd ed.; Sage: Thousand Oaks, CA, USA},
  pages={860--886},
  year={2008}
}

@article{kitchenham2022segress,
  title={SEGRESS: Software engineering guidelines for reporting secondary studies},
  author={Kitchenham, Barbara and Madeyski, Lech and Budgen, David},
  journal={IEEE Transactions on Software Engineering (TSE)},
  volume={49},
  number={3},
  pages={1273--1298},
  year={2022},
  publisher={IEEE}
}

@incollection{stol2020guidelines,
  title={Guidelines for conducting software engineering research},
  author={Stol, Klaas-Jan and Fitzgerald, Brian},
  booktitle={Contemporary Empirical Methods in Software Engineering},
  pages={27--62},
  year={2020},
  publisher={Springer}
}

@article{stol2018abc,
  title={The ABC of software engineering research},
  author={Stol, Klaas-Jan and Fitzgerald, Brian},
  journal={ACM Transactions on Software Engineering and Methodology (TOSEM)},
  volume={27},
  number={3},
  pages={1--51},
  year={2018},
  publisher={ACM New York, NY, USA}
}

@article{eisner2005managing,
  title={Managing generation Y},
  author={Eisner, Susan P},
  journal={SAM advanced management journal},
  volume={70},
  number={4},
  pages={4},
  year={2005},
  publisher={Society for the Advancement of Management}
}

@article{tulgan2013meet,
  title={Meet generation {Z}: the second generation within the giant ``Millennial'' cohort},
  author={Tulgan, Bruce},
  journal={Rainmaker Thinking},
  volume={125},
  number={1},
  pages={1--13},
  year={2013}
}

@article{shihab2022present,
  title={The present and future of bots in software engineering},
  author={Shihab, Emad and Wagner, Stefan and Gerosa, Marco A and Wessel, Mairieli and Cabot, Jordi},
  journal={IEEE Software},
  year={2022},
  publisher={IEEE}
}

@article{agrawal2023artificial,
  title={Artificial intelligence adoption and system-wide change},
  author={Agrawal, Ajay and Gans, Joshua S and Goldfarb, Avi},
  journal={Journal of Economics \& Management Strategy},
  year={2023},
  publisher={Wiley Online Library}
}

@article{lo2021systematic,
  title={A systematic literature review on federated machine learning: from a software engineering perspective},
  author={Lo, Sin Kit and Lu, Qinghua and Wang, Chen and Paik, Hye-Young and Zhu, Liming},
  journal={ACM Computing Surveys (CSUR)},
  volume={54},
  number={5},
  pages={1--39},
  year={2021},
  publisher={ACM New York, NY, USA}
}

@inproceedings{nayebi2012state,
  title={The state of the art of mobile application usability evaluation},
  author={Nayebi, Fatih and Desharnais, Jean-Marc and Abran, Alain},
  booktitle={25th IEEE Canadian Conference on Electrical and Computer Engineering (CCECE)},
  pages={1--4},
  year={2012},
  organization={IEEE}
}

@inproceedings{kats2012software,
  title={Software development environments on the web: a research agenda},
  author={Kats, Lennart CL and Vogelij, Richard G and Kalleberg, Karl Trygve and Visser, Eelco},
  booktitle={ACM SIGPLAN International Symposium on New Ideas, New Paradigms, and Reflections on Programming and Software (Onward!)},
  pages={99--116},
  year={2012}
}

@article{moody2009physics,
  title={The “physics” of notations: toward a scientific basis for constructing visual notations in software engineering},
  author={Moody, Daniel},
  journal={IEEE Transactions on Software Engineering (TSE)},
  volume={35},
  number={6},
  pages={756--779},
  year={2009},
  publisher={IEEE}
}

@article{biolchini2005systematic,
  title={Systematic review in software engineering},
  author={Biolchini, Jorge and Mian, Paula Gomes and Natali, Ana Candida Cruz and Travassos, Guilherme Horta},
  journal={System engineering and computer science department COPPE/UFRJ, Technical Report ES},
  volume={679},
  number={05},
  pages={45},
  year={2005}
}

@inproceedings{dyba2007applying,
  title={Applying systematic reviews to diverse study types: An experience report},
  author={Dyba, Tore and Dingsoyr, Torgeir and Hanssen, Geir K},
  booktitle={First international symposium on empirical software engineering and measurement (ESEM)},
  pages={225--234},
  year={2007},
  organization={IEEE}
}

@book{kitchenham2015evidence,
  title={Evidence-based software engineering and systematic reviews},
  author={Kitchenham, Barbara Ann and Budgen, David and Brereton, Pearl},
  volume={4},
  year={2015},
  publisher={CRC press}
}


@article{saks2007socialization,
  title={Socialization tactics and newcomer adjustment: a meta-analytic review and test of a model},
  author={Saks, Alan M and Uggerslev, Krista L and Fassina, Neil E},
  journal={Journal of vocational behavior},
  volume={70},
  number={3},
  pages={413--446},
  year={2007},
  publisher={Elsevier}
}

@article{rollag2005getting,
  title={Getting new hires up to speed quickly},
  author={Rollag, Keith and Parise, Salvatore and Cross, Rob},
  journal={MIT Sloan Management Review},
  year={2005}
}

@inproceedings{ko2018mining,
  title={Mining the mind, minding the mine: grand challenges in comprehension and mining},
  author={Ko, Amy J},
  booktitle={26th Conference on Program Comprehension (ICPC)},
  pages={1--1},
  year={2018}
}

@inproceedings{ju2021case,
  title={A case study of onboarding in software teams: tasks and strategies},
  author={Ju, An and Sajnani, Hitesh and Kelly, Scot and Herzig, Kim},
  booktitle={IEEE/ACM 43rd International Conference on Software Engineering (ICSE)},
  pages={613--623},
  year={2021},
  organization={IEEE}
}

@article{pham2017onboarding,
  title={Onboarding inexperienced developers: struggles and perceptions regarding automated testing},
  author={Pham, Raphael and Kiesling, Stephan and Singer, Leif and Schneider, Kurt},
  journal={Software Quality Journal},
  volume={25},
  number={4},
  pages={1239--1268},
  year={2017},
  publisher={Springer}
}

@inproceedings{rastogi2017ramp,
  title={Ramp-up journey of new hires: do strategic practices of software companies influence productivity?},
  author={Rastogi, Ayushi and Thummalapenta, Suresh and Zimmermann, Thomas and Nagappan, Nachiappan and Czerwonka, Jacek},
  booktitle={10th Innovations in Software Engineering Conference (ISEC)},
  pages={107--111},
  year={2017}
}

@inproceedings{viviani2019reflections,
  title={Reflections on onboarding practices in mid-sized companies},
  author={Viviani, Giovanni and Murphy, Gail C},
  booktitle={IEEE/ACM 12th International Workshop on Cooperative and Human Aspects of Software Engineering (CHASE)},
  pages={83--84},
  year={2019},
  organization={IEEE}
}

@inproceedings{pradel2016quantifying,
  title={Quantifying the ramp-up problem in software projects},
  author={Pradel, Lukas},
  booktitle={20th International Conference on Evaluation and Assessment in Software Engineering (EASE)},
  pages={1--4},
  year={2016}
}

@inproceedings{buchan2019effective,
  title={Effective team onboarding in agile software development: techniques and goals},
  author={Buchan, Jim and MacDonell, Stephen G and Yang, Jennifer},
  booktitle={ACM/IEEE International Symposium on Empirical Software Engineering and Measurement (ESEM)},
  pages={1--11},
  year={2019},
  organization={IEEE}
}

@article{kammeyer2003unwrapping,
  title={Unwrapping the organizational entry process: disentangling multiple antecedents and their pathways to adjustment.},
  author={Kammeyer-Mueller, John D and Wanberg, Connie R},
  journal={Journal of Applied Psychology},
  volume={88},
  number={5},
  pages={779},
  year={2003},
  publisher={American Psychological Association}
}

@inproceedings{hall2008,
author = {Hall, Tracy and Beecham, Sarah and Verner, June and Wilson, David},
title = {The impact of staff turnover on software projects: the importance of understanding what makes software practitioners tick},
year = {2008},
isbn = {9781605580692},
publisher = {Association for Computing Machinery},
address = {New York, NY, USA},
booktitle = {2008 ACM SIGMIS CPR Conference on Computer Personnel Doctoral Consortium and Research (SIGMIS)},
pages = {30–39},
numpages = {10},
keywords = {motivation, staff turnover, project success},
location = {Charlottesville, VA, USA},
series = {SIGMIS CPR '08}
}

@misc{talya2014onboarding,
  title={Onboarding new employees: Maximizing success},
  author={Talya, NB and Bauer, D},
  year={2014},
  publisher={Society}
}

@article{britto2018onboarding,
  title={Onboarding software developers and teams in three globally distributed legacy projects: a multi-case study},
  author={Britto, Ricardo and Cruzes, Daniela S and Smite, Darja and Sablis, Aivars},
  journal={Journal of Software: Evolution and Process},
  volume={30},
  number={4},
  pages={e1921},
  year={2018},
  publisher={Wiley Online Library}
}

@article{gharehyazie2015developer,
  title={Developer initiation and social interactions in {OSS}: a case study of the apache software foundation},
  author={Gharehyazie, Mohammad and Posnett, Daryl and Vasilescu, Bogdan and Filkov, Vladimir},
  journal={Empirical Software Engineering},
  volume={20},
  pages={1318--1353},
  year={2015},
  publisher={Springer}
}

@article{sharma2020exploring,
  title={Exploring onboarding success, organizational fit, and turnover intention of software professionals},
  author={Sharma, Gaurav G and Stol, Klaas-Jan},
  journal={Journal of Systems and Software (JSS)},
  volume={159},
  pages={110442},
  year={2020},
  publisher={Elsevier}
}

@article{van1977toward,
  title={Toward a theory of organizational socialization},
  author={Van Maanen, John Eastin and Schein, Edgar Henry},
  year={1977},
  publisher={MIT Alfred P. Sloan School of Management}
}

@article{cable2013reinventing,
  title={Reinventing employee onboarding},
  author={Cable, Daniel M and Gino, Francesca and Staats, Bradley R},
  journal={MIT Sloan Management Review},
  year={2013}
}

@article{klein2015specific,
  title={Specific onboarding practices for the socialization of new employees},
  author={Klein, Howard J and Polin, Beth and Leigh Sutton, Kyra},
  journal={International Journal of Selection and Assessment},
  volume={23},
  number={3},
  pages={263--283},
  year={2015},
  publisher={Wiley Online Library}
}

@article{zahhly1989differential,
  title={The differential effect of organizational induction process on early work role adjustment},
  author={Zahhly, Jan and Tosi, Henry},
  journal={Journal of Organizational Behavior},
  volume={10},
  number={1},
  pages={59--74},
  year={1989},
  publisher={Wiley Online Library}
}

@article{louis1983availability,
  title={The availability and helpfulness of socialization practices},
  author={Louis, Meryl R and Posner, Barry Z and Powell, Gary N},
  journal={Personnel psychology},
  volume={36},
  number={4},
  pages={857--866},
  year={1983},
  publisher={Wiley Online Library}
}

@article{henning2013student,
  title={Student onboarding mit augmented reality},
  author={Henning, Peter A},
  journal={Mobile Learning: Potenziale, Einsatzszenarien und Perspektiven des Lernens mit mobilen Endger{\"a}ten},
  pages={143--158},
  year={2013},
  publisher={Springer}
}

@incollection{golubski2011virtually,
  title={Virtually onboarding and supporting adult students in college using web 2.0 technologies},
  author={Golubski, Pamela M},
  booktitle={Encyclopedia of Information Communication Technologies and Adult Education Integration},
  pages={1013--1030},
  year={2011},
  publisher={IGI Global}
}

@inproceedings{nagarhalli2020review,
  title={A review of current trends in the development of chatbot systems},
  author={Nagarhalli, Tatwadarshi P and Vaze, Vinod and Rana, NK},
  booktitle={6th International Conference on Advanced Computing and Communication Systems (ICACCS)},
  pages={706--710},
  year={2020},
  organization={IEEE}
}

@article{blincoe2019perceptions,
  title={Perceptions of gender diversity's impact on mood in software development teams},
  author={Blincoe, Kelly and Springer, Olga and Wrobel, Michal R},
  journal={IEEE Software},
  volume={36},
  number={5},
  pages={51--56},
  year={2019},
  publisher={IEEE}
}

@article{ampatzoglou2019identifying,
  title={Identifying, categorizing and mitigating threats to validity in software engineering secondary studies},
  author={Ampatzoglou, Apostolos and Bibi, Stamatia and Avgeriou, Paris and Verbeek, Marijn and Chatzigeorgiou, Alexander},
  journal={Information and Software Technology},
  volume={106},
  pages={201--230},
  year={2019},
  publisher={Elsevier}
}

@article{khan2023software,
  title={Software architecture for quantum computing systems—A systematic review},
  author={Khan, Arif Ali and Ahmad, Aakash and Waseem, Muhammad and Liang, Peng and Fahmideh, Mahdi and Mikkonen, Tommi and Abrahamsson, Pekka},
  journal={Journal of Systems and Software},
  volume={201},
  pages={111682},
  year={2023},
  publisher={Elsevier}
}

@book{wohlin2012experimentation,
  title={Experimentation in software engineering},
  author={Wohlin, Claes and Runeson, Per and H{\"o}st, Martin and Ohlsson, Magnus C and Regnell, Bj{\"o}rn and Wessl{\'e}n, Anders},
  year={2012},
  publisher={Springer Science \& Business Media}
}

@misc{liu2023human,
  title={Human-centric software engineering--Approaches, technologies, and applications},
  author={Liu, Xiao and Blincoe, Kelly and Chhetri, Mohan Baruwal and Grundy, John},
  journal={Journal of Systems and Software},
  pages={111791},
  year={2023},
  publisher={Elsevier}
}

@inproceedings{dias2021makes,
  title={What makes a great maintainer of open source projects?},
  author={Dias, Edson and Meirelles, Paulo and Castor, Fernando and Steinmacher, Igor and Wiese, Igor and Pinto, Gustavo},
  booktitle={IEEE/ACM 43rd International Conference on Software Engineering (ICSE)},
  pages={982--994},
  year={2021},
  organization={IEEE}
}

@article{darejeh2016gamification,
  title={Gamification solutions to enhance software user engagement—a systematic review},
  author={Darejeh, Ali and Salim, Siti Salwah},
  journal={International Journal of Human-Computer Interaction},
  volume={32},
  number={8},
  pages={613--642},
  year={2016},
  publisher={Taylor \& Francis}
}

@article{ilin2022framework,
  title={Framework for experimental evaluation of software solutions in a virtual environment},
  author={Ilin, Dmitry},
  journal={Russian Technological Journal},
  volume={10},
  number={5},
  pages={16--27},
  year={2022}
}

@inproceedings{basili2005experimental,
  title={The experimental paradigm in software engineering},
  author={Basili, Victor R},
  booktitle={Experimental Software Engineering Issues: Critical Assessment and Future Directions: International Workshop Dagstuhl Castle},
  pages={1--12},
  year={2005},
  organization={Springer}
}


@inproceedings{sim1998ramp,
  title={The ramp-up problem in software projects: a case study of how software immigrants naturalize},
  author={Sim, Susan Elliott and Holt, Richard C},
  booktitle={20th International Conference on Software Engineering (ICSE)},
  pages={361--370},
  year={1998},
  organization={IEEE}
}

@inproceedings{bonar1983uncovering,
  title={Uncovering principles of novice programming},
  author={Bonar, Jeffrey and Soloway, Elliot},
  booktitle={10th ACM SIGACT-SIGPLAN Symposium on Principles of Programming Languages (POPL)},
  pages={10--13},
  year={1983}
}

@inproceedings{labuschagne2015onboarding,
  title={Do onboarding programs work?},
  author={Labuschagne, Adriaan and Holmes, Reid},
  booktitle={IEEE/ACM 12th Working Conference on Mining Software Repositories (MSR)},
  pages={381--385},
  year={2015},
  organization={IEEE}
}

@inproceedings{williams2004initial,
  title={An initial exploration of the relationship between pair programming and Brooks' law},
  author={Williams, Laurie and Shukla, Anuja and Ant{\'o}n, Annie I},
  booktitle={Agile Development Conference (ADC)},
  pages={11--20},
  year={2004},
  organization={IEEE}
}

@article{fitzgerald2006transformation,
  title={The transformation of open source software},
  author={Fitzgerald, Brian},
  journal={MIS quarterly},
  pages={587--598},
  year={2006},
  publisher={JSTOR}
}

@book{kraut2012building,
  title={Building successful online communities: Evidence-based social design},
  author={Kraut, Robert E and Resnick, Paul},
  year={2012},
  publisher={Mit Press}
}

@article{ducheneaut2005socialization,
  title={Socialization in an open source software community: a socio-technical analysis},
  author={Ducheneaut, Nicolas},
  journal={Computer Supported Cooperative Work (CSCW)},
  volume={14},
  pages={323--368},
  year={2005},
  publisher={Springer}
}

@article{guizani2021long,
  title={The long road ahead: Ongoing challenges in contributing to large oss organizations and what to do},
  author={Guizani, Mariam and Chatterjee, Amreeta and Trinkenreich, Bianca and May, Mary Evelyn and Noa-Guevara, Geraldine J and Russell, Liam James and Cuevas Zambrano, Griselda G and Izquierdo-Cortazar, Daniel and Steinmacher, Igor and Gerosa, Marco A and others},
  journal={ACM on Human-Computer Interaction},
  volume={5},
  number={CSCW2},
  pages={1--30},
  year={2021},
  publisher={ACM New York, NY, USA}
}

@inproceedings{zhou2012make,
  title={What make long term contributors: willingness and opportunity in OSS community},
  author={Zhou, Minghui and Mockus, Audris},
  booktitle={34th International Conference on Software Engineering (ICSE)},
  pages={518--528},
  year={2012},
  organization={IEEE}
}



@article{rehman2022newcomer,
  title={Newcomer oss-candidates: characterizing contributions of novice developers to {GitHub}},
  author={Rehman, Ifraz and Wang, Dong and Kula, Raula Gaikovina and Ishio, Takashi and Matsumoto, Kenichi},
  journal={Empirical Software Engineering},
  volume={27},
  number={5},
  pages={109},
  year={2022},
  publisher={Springer}
}

@article{cable2001socialization,
  title={Socialization tactics and person-organization fit},
  author={Cable, Daniel M and Parsons, Charles K},
  journal={Personnel Psychology},
  volume={54},
  number={1},
  pages={1--23},
  year={2001},
  publisher={Wiley Online Library}
}

@inproceedings{petersen2009context,
  title={Context in industrial software engineering research},
  author={Petersen, Kai and Wohlin, Claes},
  booktitle={3rd International Symposium on Empirical Software Engineering and Measurement (ESEM)},
  pages={401--404},
  year={2009},
  organization={IEEE}
}

@inproceedings{zhou2010developer,
  title={Developer fluency: achieving true mastery in software projects},
  author={Zhou, Minghui and Mockus, Audris},
  booktitle={18th ACM SIGSOFT International Symposium on Foundations of Software Engineering (FSE)},
  pages={137--146},
  year={2010}
}

@article{berlin1993beyond,
  title={Beyond program understanding: a look at programming expertise in industry},
  author={Berlin, Lucy M},
  journal={ESP},
  volume={93},
  number={744},
  pages={6--25},
  year={1993}
}

@article{fagerholm2014onboarding,
  title={Onboarding in open source projects},
  author={Fagerholm, Fabian and Guinea, Alejandro Sanchez and Borenstein, Jay and M{\"u}nch, J{\"u}rgen},
  journal={IEEE Software},
  volume={31},
  number={6},
  pages={54--61},
  year={2014},
  publisher={IEEE}
}

@article{basili1997evolving,
  title={Evolving and packaging reading technologies},
  author={Basili, Victor R},
  journal={Journal of Systems and Software},
  volume={38},
  number={1},
  pages={3--12},
  year={1997},
  publisher={Elsevier}
}

@inproceedings{pinto2016more,
  title={More common than you think: an in-depth study of casual contributors},
  author={Pinto, Gustavo and Steinmacher, Igor and Gerosa, Marco Aur{\'e}lio},
  booktitle={IEEE 23rd International Conference on Software Analysis, Evolution, and Reengineering (SANER)},
  volume={1},
  pages={112--123},
  year={2016},
  organization={IEEE}
}


@article{lee2014new,
  title={New members’ online socialization in online communities: the effects of content quality and feedback on new members’ content-sharing intentions},
  author={Lee, Sungwook and Park, Do-Hyung and Han, Ingoo},
  journal={Computers in Human Behavior},
  volume={30},
  pages={344--354},
  year={2014},
  publisher={Elsevier}
}

@article{jehn1999differences,
  title={Why differences make a difference: A field study of diversity, conflict and performance in workgroups},
  author={Jehn, Karen A and Northcraft, Gregory B and Neale, Margaret A},
  journal={Administrative Science Quarterly},
  volume={44},
  number={4},
  pages={741--763},
  year={1999},
  publisher={SAGE Publications}
}

@inproceedings{nederlof2014software,
  title={Software engineering for the web: the state of the practice},
  author={Nederlof, Alex and Mesbah, Ali and Deursen, Arie Van},
  booktitle={36th International Conference on Software Engineering},
  pages={4--13},
  year={2014}
}

@article{trinkenreich2020hidden,
  title={Hidden figures: Roles and pathways of successful oss contributors},
  author={Trinkenreich, Bianca and Guizani, Mariam and Wiese, Igor and Sarma, Anita and Steinmacher, Igor},
  journal={ACM on Human-Computer Interaction},
  volume={4},
  number={CSCW},
  pages={1--22},
  year={2020},
  publisher={ACM New York, NY, USA}
}

@inproceedings{morgan2013tea,
  title={Tea and sympathy: crafting positive new user experiences on wikipedia},
  author={Morgan, Jonathan T and Bouterse, Siko and Walls, Heather and Stierch, Sarah},
  booktitle={Conference on Computer Supported Cooperative Work (CSCW)},
  pages={839--848},
  year={2013}
}

@article{connolly2020computing,
  title={Why computing belongs within the social sciences},
  author={Connolly, Randy},
  journal={Communications of the ACM},
  volume={63},
  number={8},
  pages={54--59},
  year={2020},
  publisher={ACM New York, NY, USA}
}

@misc{prolific,
    author = {{Prolific}},
    title = {Prolific - Online Participant Recruitment for Surveys and Market Research},
    howpublished = {\url{https://www.prolific.co}},
    note = {Accessed: 2024-07-09}
}

@misc{qualtrics,
    author = {{Qualtrics}},
    title = {Qualtrics - Experience Management Software},
    howpublished = {\url{https://www.qualtrics.com}},
    note = {Accessed: 2024-07-09}
}

@inproceedings{mall2020four,
  title={Four types of toxic people: Characterizing online users’ toxicity over time},
  author={Mall, Raghvendra and Nagpal, Mridul and Salminen, Joni and Almerekhi, Hind and Jung, Soon-Gyo and Jansen, Bernard J},
  booktitle={Proceedings of the 11th Nordic Conference on Human-Computer Interaction: Shaping Experiences, Shaping Society},
  pages={1--11},
  year={2020}
}

@inproceedings{paul2019expressions,
  title={Expressions of sentiments during code reviews: Male vs. female},
  author={Paul, Rajshakhar and Bosu, Amiangshu and Sultana, Kazi Zakia},
  booktitle={2019 IEEE 26th International Conference on Software Analysis, Evolution and Reengineering (SANER)},
  pages={26--37},
  year={2019},
  organization={IEEE}
}

@inproceedings{sedelmaier2012research,
  title={A research agenda for identifying and developing required competencies in software engineering},
  author={Sedelmaier, Yvonne and Landes, Dieter},
  booktitle={2012 15th International Conference on Interactive Collaborative Learning (ICL)},
  pages={1--5},
  year={2012},
  organization={IEEE}
}





@incollection{cawley2014incorporating,
  title={Incorporating a self-directed learning pedagogy in the Computing Classroom: Problem-Based Learning as a means to improving Software Engineering learning outcomes},
  author={Cawley, Oisin and Weibelzahl, Stephan and Richardson, Ita and Delaney, Yvonne},
  booktitle={Overcoming Challenges in Software Engineering Education: Delivering Non-Technical Knowledge and Skills},
  pages={348--371},
  year={2014},
  publisher={IGI Global}
}

@inproceedings{cantone2014agile,
  title={Agile processes in software engineering and extreme programming},
  author={Cantone, Giovanni and Marchesi, Michele and others},
  booktitle={Proceedings of 15th international conference, XP},
  year={2014},
  organization={Springer}
}

