@inproceedings{PS04diniz2017using,
  title={Using gamification to orient and motivate students to contribute to {OSS} projects},
  author={Diniz, Guilherme C and Silva, Marco A Graciotto and Gerosa, Marco A and Steinmacher, Igor},
  booktitle={IEEE/ACM 10th CHASE},
  pages={36--42},
  year={2017},
  organization={IEEE}
}

@inproceedings{PS17toscani2018gamification,
  title={A gamification proposal to support the onboarding of newcomers in the flosscoach portal},
  author={Toscani, Carolina and Gery, Daniel and Steinmacher, Igor and Marczak, Sabrina},
  booktitle={17th IHC},
  pages={1--10},
  year={2018}
}

@inproceedings{annunziata2024serge,
  title={SERGE--Serious Game for the Education of Risk Management in Software Project Management},
  author={Annunziata, Giusy and Lambiase, Stefano and Palomba, Fabio and Ferrucci, Filomena},
  booktitle={Proceedings of the 46th International Conference on Software Engineering: Software Engineering Education and Training},
  pages={264--273},
  year={2024}
}

@article{ayub2019gamification,
  title={Gamification for blended learning in higher education},
  author={Ayub, Mewati and Toba, Hapnes and Wijanto, Maresha C and Yong, Steven and Wijaya, Bryan},
  journal={World Transactions on Engineering and Technology Education},
  volume={17},
  number={1},
  pages={76--81},
  year={2019}
}

@inproceedings{bartel2016gamifying,
  title={Gamifying the learning of design patterns in software engineering education},
  author={Bartel, Alexander and Hagel, Georg},
  booktitle={EDUCON},
  pages={74--79},
  year={2016},
  organization={IEEE}
}

@inproceedings{deterding2011gamification,
  title={Gamification: Toward a definition},
  author={Deterding, Sebastian and Khaled, Rilla and Nacke, Lennart E and Dixon, Dan and others},
  booktitle={CHI},
  volume={12},
  pages={1--79},
  year={2011},
  organization={Vancouver}
}

@article{dichev2017gamifying,
  title={Gamifying education: what is known, what is believed and what remains uncertain: a critical review},
  author={Dichev, Christo and Dicheva, Darina},
  journal={International journal of educational technology in higher education},
  volume={14},
  pages={1--36},
  year={2017},
  publisher={Springer}
}

@inproceedings{garaccione2022gerry,
  title={GERRY: a gamified browser tool for {GUI} testing},
  author={Garaccione, Giacomo and Fulcini, Tommaso and Torchiano, Marco},
  booktitle={Gamify'22},
  pages={2--9},
  year={2022}
}

@article{garaccione2024gamification,
  title={Gamification of business process modeling education: an experimental analysis},
  author={Garaccione, Giacomo and Coppola, Riccardo and Ardito, Luca and Torchiano, Marco},
  journal={Software and Systems Modeling},
  pages={1--26},
  year={2024},
  publisher={Springer}
}

@article{hsu2004people,
  title={Why do people play on-line games? An extended TAM with social influences and flow experience},
  author={Hsu, Chin-Lung and Lu, Hsi-Peng},
  journal={Information \& management},
  volume={41},
  number={7},
  pages={853--868},
  year={2004},
  publisher={Elsevier}
}

@article{marin2018empirical,
  title={An empirical investigation on the benefits of gamification in programming courses},
  author={Mar{\'\i}n, Beatriz and Frez, Jonathan and Cruz-Lemus, J and Genero, Marcela},
  journal={ACM Transactions on Computing Education (TOCE)},
  volume={19},
  number={1},
  pages={1--22},
  year={2018},
  publisher={ACM New York, NY, USA}
}

@inproceedings{navarro2007comprehensive,
  title={Comprehensive evaluation of an educational software engineering simulation environment},
  author={Navarro, Emily Oh and Van Der Hoek, Andr{\'e}},
  booktitle={20th Conference on Software Engineering Education \& Training (CSEET'07)},
  pages={195--202},
  year={2007},
  organization={IEEE}
}

@inproceedings{ozturk2022gamification,
  title={Gamification of exploratory testing process},
  author={Ozturk, Savas},
  booktitle={Gamify'22},
  pages={14--17},
  year={2022}
}

@inproceedings{prause2012field,
  title={A Field Experiment on Gamification of Code Quality in Agile Development.},
  author={Prause, Christian R and Nonnen, Jan and Vinkovits, Mark},
  booktitle={PPIG},
  pages={17},
  year={2012}
}

@inproceedings{rojas2016teaching,
  title={Teaching mutation testing using gamification},
  author={Rojas, Jos{\'e} Miguel and Fraser, Gordon},
  booktitle={ECSEE},
  year={2016}
}

@article{ryan2000intrinsic,
  title={Intrinsic and extrinsic motivations: Classic definitions and new directions},
  author={Ryan, Richard M and Deci, Edward L},
  journal={Contemporary educational psychology},
  volume={25},
  number={1},
  pages={54--67},
  year={2000},
  publisher={Elsevier}
}

@article{sailer2017gamification,
  title={How gamification motivates: An experimental study of the effects of specific game design elements on psychological need satisfaction},
  author={Sailer, Michael and Hense, Jan Ulrich and Mayr, Sarah Katharina and Mandl, Heinz},
  journal={Computers in human behavior},
  volume={69},
  pages={371--380},
  year={2017},
  publisher={Elsevier}
}

@article{sailer2020gamification,
  title={The gamification of learning: A meta-analysis},
  author={Sailer, Michael and Homner, Lisa},
  journal={Educational psychology review},
  volume={32},
  number={1},
  pages={77--112},
  year={2020},
  publisher={Springer}
}

@article{santoslr,
title = {Software solutions for newcomersâ€™ onboarding in software projects: A systematic literature review},
journal = {Information and Software Technology},
volume = {177},
pages = {107568},
year = {2025},
issn = {0950-5849},
author = {Italo Santos and Katia Romero Felizardo and Igor Steinmacher and Marco A. Gerosa},
keywords = {Systematic literature review, Software projects, Open source software, Onboarding, Turnover, Tool, Newcomers, Novices},
}

@inproceedings{sheth2012increasing,
  title={Increasing student engagement in software engineering with gamification},
  author={Sheth, Swapneel Kalpesh and Bell, Jonathan Schaffer and Kaiser, Gail E},
  booktitle={4th SSE},
  year={2012}
}

@article{su2016effects,
  title={The effects of students' motivation, cognitive load and learning anxiety in gamification software engineering education: a structural equation modeling study},
  author={Su, Chung-Ho},
  journal={Multimedia Tools and Applications},
  volume={75},
  pages={10013--10036},
  year={2016},
  publisher={Springer}
}

@article{toda2019analysing,
  title={Analysing gamification elements in educational environments using an existing Gamification taxonomy},
  author={Toda, Armando M and Klock, Ana CT and Oliveira, Wilk and Palomino, Paula T and Rodrigues, Luiz and Shi, Lei and Bittencourt, Ig and Gasparini, Isabela and Isotani, Seiji and Cristea, Alexandra I},
  journal={Smart Learning Environments},
  volume={6},
  number={1},
  pages={1--14},
  year={2019},
  publisher={Springer}
}

@article{wee2019gamification,
  title={Gamification: Predicting the effectiveness of variety game design elements to intrinsically motivate users' energy conservation behaviour},
  author={Wee, Siaw-Chui and Choong, Weng-Wai},
  journal={Journal of environmental management},
  volume={233},
  pages={97--106},
  year={2019},
  publisher={Elsevier}
}

@inproceedings{zhao152023motivating,
  title={Motivating Open Source Collaborations Through Social Network Evaluation: A Gamification Practice from Alibaba},
  author={Zhao15, Shengyu and Xia25, Xiaoya and Fitzgerald, Brian and Li, Xiaozhou and Lenarduzzi, Valentina and Taibi, Davide and Wang, Rong and Wang, Wei and Tian, Chunqi},
  booktitle={IEEE/ACM 46th ICSE-SEIP},
  year={2024}
}

