@article{ReFT,
  author       = {Guillaume Huguet and
                  James Vuckovic and
                  Kilian Fatras and
                  Eric Thibodeau{-}Laufer and
                  Pablo Lemos and
                  Riashat Islam and
                  Cheng{-}Hao Liu and
                  Jarrid Rector{-}Brooks and
                  Tara Akhound{-}Sadegh and
                  Michael M. Bronstein and
                  Alexander Tong and
                  Avishek Joey Bose},
  title        = {Sequence-Augmented SE(3)-Flow Matching For Conditional Protein Backbone
                  Generation},
  journal      = {CoRR},
  volume       = {abs/2405.20313},
  year         = {2024},
  url          = {https://doi.org/10.48550/arXiv.2405.20313},
  doi          = {10.48550/ARXIV.2405.20313},
  eprinttype    = {arXiv},
  eprint       = {2405.20313},
  timestamp    = {Mon, 24 Jun 2024 10:16:38 +0200},
  biburl       = {https://dblp.org/rec/journals/corr/abs-2405-20313.bib},
  bibsource    = {dblp computer science bibliography, https://dblp.org}
}

@article{Rest,
  author       = {{\c{C}}aglar G{\"{u}}l{\c{c}}ehre and
                  Tom Le Paine and
                  Srivatsan Srinivasan and
                  Ksenia Konyushkova and
                  Lotte Weerts and
                  Abhishek Sharma and
                  Aditya Siddhant and
                  Alex Ahern and
                  Miaosen Wang and
                  Chenjie Gu and
                  Wolfgang Macherey and
                  Arnaud Doucet and
                  Orhan Firat and
                  Nando de Freitas},
  title        = {Reinforced Self-Training (ReST) for Language Modeling},
  journal      = {CoRR},
  volume       = {abs/2308.08998},
  year         = {2023},
  url          = {https://doi.org/10.48550/arXiv.2308.08998},
  doi          = {10.48550/ARXIV.2308.08998},
  eprinttype    = {arXiv},
  eprint       = {2308.08998},
  timestamp    = {Tue, 09 Apr 2024 07:28:44 +0200},
  biburl       = {https://dblp.org/rec/journals/corr/abs-2308-08998.bib},
  bibsource    = {dblp computer science bibliography, https://dblp.org}
}

@inproceedings{ddpo,
  author       = {Kevin Black and
                  Michael Janner and
                  Yilun Du and
                  Ilya Kostrikov and
                  Sergey Levine},
  title        = {Training Diffusion Models with Reinforcement Learning},
  booktitle    = {The Twelfth International Conference on Learning Representations,
                  {ICLR} 2024, Vienna, Austria, May 7-11, 2024},
  publisher    = {OpenReview.net},
  year         = {2024},
  url          = {https://openreview.net/forum?id=YCWjhGrJFD},
  timestamp    = {Wed, 07 Aug 2024 17:11:53 +0200},
  biburl       = {https://dblp.org/rec/conf/iclr/BlackJDKL24.bib},
  bibsource    = {dblp computer science bibliography, https://dblp.org}
}

@inproceedings{dpo,
  author       = {Rafael Rafailov and
                  Archit Sharma and
                  Eric Mitchell and
                  Christopher D. Manning and
                  Stefano Ermon and
                  Chelsea Finn},
  editor       = {Alice Oh and
                  Tristan Naumann and
                  Amir Globerson and
                  Kate Saenko and
                  Moritz Hardt and
                  Sergey Levine},
  title        = {Direct Preference Optimization: Your Language Model is Secretly a
                  Reward Model},
  booktitle    = {Advances in Neural Information Processing Systems 36: Annual Conference
                  on Neural Information Processing Systems 2023, NeurIPS 2023, New Orleans,
                  LA, USA, December 10 - 16, 2023},
  year         = {2023},
  url          = {http://papers.nips.cc/paper\_files/paper/2023/hash/a85b405ed65c6477a4fe8302b5e06ce7-Abstract-Conference.html},
  timestamp    = {Fri, 01 Mar 2024 16:26:20 +0100},
  biburl       = {https://dblp.org/rec/conf/nips/RafailovSMMEF23.bib},
  bibsource    = {dblp computer science bibliography, https://dblp.org}
}

@article{dpok,
  author       = {Ying Fan and
                  Olivia Watkins and
                  Yuqing Du and
                  Hao Liu and
                  Moonkyung Ryu and
                  Craig Boutilier and
                  Pieter Abbeel and
                  Mohammad Ghavamzadeh and
                  Kangwook Lee and
                  Kimin Lee},
  title        = {{DPOK:} Reinforcement Learning for Fine-tuning Text-to-Image Diffusion
                  Models},
  journal      = {CoRR},
  volume       = {abs/2305.16381},
  year         = {2023},
  url          = {https://doi.org/10.48550/arXiv.2305.16381},
  doi          = {10.48550/ARXIV.2305.16381},
  eprinttype    = {arXiv},
  eprint       = {2305.16381},
  timestamp    = {Fri, 02 Aug 2024 11:44:53 +0200},
  biburl       = {https://dblp.org/rec/journals/corr/abs-2305-16381.bib},
  bibsource    = {dblp computer science bibliography, https://dblp.org}
}

@inproceedings{fmgm,
  author       = {Yaron Lipman and
                  Ricky T. Q. Chen and
                  Heli Ben{-}Hamu and
                  Maximilian Nickel and
                  Matthew Le},
  title        = {Flow Matching for Generative Modeling},
  booktitle    = {The Eleventh International Conference on Learning Representations,
                  {ICLR} 2023, Kigali, Rwanda, May 1-5, 2023},
  publisher    = {OpenReview.net},
  year         = {2023},
  url          = {https://openreview.net/forum?id=PqvMRDCJT9t},
  timestamp    = {Tue, 06 Aug 2024 17:12:58 +0200},
  biburl       = {https://dblp.org/rec/conf/iclr/LipmanCBNL23.bib},
  bibsource    = {dblp computer science bibliography, https://dblp.org}
}

@inproceedings{instructed_rlhf,
  author       = {Long Ouyang and
                  Jeffrey Wu and
                  Xu Jiang and
                  Diogo Almeida and
                  Carroll L. Wainwright and
                  Pamela Mishkin and
                  Chong Zhang and
                  Sandhini Agarwal and
                  Katarina Slama and
                  Alex Ray and
                  John Schulman and
                  Jacob Hilton and
                  Fraser Kelton and
                  Luke Miller and
                  Maddie Simens and
                  Amanda Askell and
                  Peter Welinder and
                  Paul F. Christiano and
                  Jan Leike and
                  Ryan Lowe},
  editor       = {Sanmi Koyejo and
                  S. Mohamed and
                  A. Agarwal and
                  Danielle Belgrave and
                  K. Cho and
                  A. Oh},
  title        = {Training language models to follow instructions with human feedback},
  booktitle    = {Advances in Neural Information Processing Systems 35: Annual Conference
                  on Neural Information Processing Systems 2022, NeurIPS 2022, New Orleans,
                  LA, USA, November 28 - December 9, 2022},
  year         = {2022},
  url          = {http://papers.nips.cc/paper\_files/paper/2022/hash/b1efde53be364a73914f58805a001731-Abstract-Conference.html},
  timestamp    = {Mon, 08 Jan 2024 16:31:36 +0100},
  biburl       = {https://dblp.org/rec/conf/nips/Ouyang0JAWMZASR22.bib},
  bibsource    = {dblp computer science bibliography, https://dblp.org}
}

@article{offline,
  author       = {Kimin Lee and
                  Hao Liu and
                  Moonkyung Ryu and
                  Olivia Watkins and
                  Yuqing Du and
                  Craig Boutilier and
                  Pieter Abbeel and
                  Mohammad Ghavamzadeh and
                  Shixiang Shane Gu},
  title        = {Aligning Text-to-Image Models using Human Feedback},
  journal      = {CoRR},
  volume       = {abs/2302.12192},
  year         = {2023},
  url          = {https://doi.org/10.48550/arXiv.2302.12192},
  doi          = {10.48550/ARXIV.2302.12192},
  eprinttype    = {arXiv},
  eprint       = {2302.12192},
  timestamp    = {Thu, 20 Apr 2023 09:06:59 +0200},
  biburl       = {https://dblp.org/rec/journals/corr/abs-2302-12192.bib},
  bibsource    = {dblp computer science bibliography, https://dblp.org}
}

@article{otcfm,
  author       = {Alexander Tong and
                  Kilian Fatras and
                  Nikolay Malkin and
                  Guillaume Huguet and
                  Yanlei Zhang and
                  Jarrid Rector{-}Brooks and
                  Guy Wolf and
                  Yoshua Bengio},
  title        = {Improving and generalizing flow-based generative models with minibatch
                  optimal transport},
  journal      = {Trans. Mach. Learn. Res.},
  volume       = {2024},
  year         = {2024},
  url          = {https://openreview.net/forum?id=CD9Snc73AW},
  timestamp    = {Thu, 08 Aug 2024 15:22:39 +0200},
  biburl       = {https://dblp.org/rec/journals/tmlr/0001FMHZRWB24.bib},
  bibsource    = {dblp computer science bibliography, https://dblp.org}
}

