@inproceedings{ddpo,
  author       = {Kevin Black and
                  Michael Janner and
                  Yilun Du and
                  Ilya Kostrikov and
                  Sergey Levine},
  title        = {Training Diffusion Models with Reinforcement Learning},
  booktitle    = {The Twelfth International Conference on Learning Representations,
                  {ICLR} 2024, Vienna, Austria, May 7-11, 2024},
  publisher    = {OpenReview.net},
  year         = {2024},
  url          = {https://openreview.net/forum?id=YCWjhGrJFD},
  timestamp    = {Wed, 07 Aug 2024 17:11:53 +0200},
  biburl       = {https://dblp.org/rec/conf/iclr/BlackJDKL24.bib},
  bibsource    = {dblp computer science bibliography, https://dblp.org}
}

@inproceedings{dpo,
  author       = {Rafael Rafailov and
                  Archit Sharma and
                  Eric Mitchell and
                  Christopher D. Manning and
                  Stefano Ermon and
                  Chelsea Finn},
  editor       = {Alice Oh and
                  Tristan Naumann and
                  Amir Globerson and
                  Kate Saenko and
                  Moritz Hardt and
                  Sergey Levine},
  title        = {Direct Preference Optimization: Your Language Model is Secretly a
                  Reward Model},
  booktitle    = {Advances in Neural Information Processing Systems 36: Annual Conference
                  on Neural Information Processing Systems 2023, NeurIPS 2023, New Orleans,
                  LA, USA, December 10 - 16, 2023},
  year         = {2023},
  url          = {http://papers.nips.cc/paper\_files/paper/2023/hash/a85b405ed65c6477a4fe8302b5e06ce7-Abstract-Conference.html},
  timestamp    = {Fri, 01 Mar 2024 16:26:20 +0100},
  biburl       = {https://dblp.org/rec/conf/nips/RafailovSMMEF23.bib},
  bibsource    = {dblp computer science bibliography, https://dblp.org}
}


@article{dpok,
  author       = {Ying Fan and
                  Olivia Watkins and
                  Yuqing Du and
                  Hao Liu and
                  Moonkyung Ryu and
                  Craig Boutilier and
                  Pieter Abbeel and
                  Mohammad Ghavamzadeh and
                  Kangwook Lee and
                  Kimin Lee},
  title        = {{DPOK:} Reinforcement Learning for Fine-tuning Text-to-Image Diffusion
                  Models},
  journal      = {CoRR},
  volume       = {abs/2305.16381},
  year         = {2023},
  url          = {https://doi.org/10.48550/arXiv.2305.16381},
  doi          = {10.48550/ARXIV.2305.16381},
  eprinttype    = {arXiv},
  eprint       = {2305.16381},
  timestamp    = {Fri, 02 Aug 2024 11:44:53 +0200},
  biburl       = {https://dblp.org/rec/journals/corr/abs-2305-16381.bib},
  bibsource    = {dblp computer science bibliography, https://dblp.org}
}


@inproceedings{r2d2,
  author       = {Steven Kapturowski and
                  Georg Ostrovski and
                  John Quan and
                  R{\'{e}}mi Munos and
                  Will Dabney},
  title        = {Recurrent Experience Replay in Distributed Reinforcement Learning},
  booktitle    = {7th International Conference on Learning Representations, {ICLR} 2019,
                  New Orleans, LA, USA, May 6-9, 2019},
  publisher    = {OpenReview.net},
  year         = {2019},
  url          = {https://openreview.net/forum?id=r1lyTjAqYX},
  timestamp    = {Thu, 25 Jul 2019 14:25:54 +0200},
  biburl       = {https://dblp.org/rec/conf/iclr/KapturowskiOQMD19.bib},
  bibsource    = {dblp computer science bibliography, https://dblp.org}
}

@inproceedings{deflow,
  author       = {Valentin Wolf and
                  Andreas Lugmayr and
                  Martin Danelljan and
                  Luc Van Gool and
                  Radu Timofte},
  title        = {DeFlow: Learning Complex Image Degradations From Unpaired Data With
                  Conditional Flows},
  booktitle    = {{IEEE} Conference on Computer Vision and Pattern Recognition, {CVPR}
                  2021, virtual, June 19-25, 2021},
  pages        = {94--103},
  publisher    = {Computer Vision Foundation / {IEEE}},
  year         = {2021},
  url          = {https://openaccess.thecvf.com/content/CVPR2021/html/Wolf\_DeFlow\_Learning\_Complex\_Image\_Degradations\_From\_Unpaired\_Data\_With\_Conditional\_CVPR\_2021\_paper.html},
  doi          = {10.1109/CVPR46437.2021.00016},
  timestamp    = {Sun, 02 Oct 2022 15:58:39 +0200},
  biburl       = {https://dblp.org/rec/conf/cvpr/WolfLDGT21.bib},
  bibsource    = {dblp computer science bibliography, https://dblp.org}
}


@inproceedings{fmgm,
  author       = {Yaron Lipman and
                  Ricky T. Q. Chen and
                  Heli Ben{-}Hamu and
                  Maximilian Nickel and
                  Matthew Le},
  title        = {Flow Matching for Generative Modeling},
  booktitle    = {The Eleventh International Conference on Learning Representations,
                  {ICLR} 2023, Kigali, Rwanda, May 1-5, 2023},
  publisher    = {OpenReview.net},
  year         = {2023},
  url          = {https://openreview.net/forum?id=PqvMRDCJT9t},
  timestamp    = {Tue, 06 Aug 2024 17:12:58 +0200},
  biburl       = {https://dblp.org/rec/conf/iclr/LipmanCBNL23.bib},
  bibsource    = {dblp computer science bibliography, https://dblp.org}
}

@inproceedings{gan2014,
  author       = {Ian J. Goodfellow and
                  Jean Pouget{-}Abadie and
                  Mehdi Mirza and
                  Bing Xu and
                  David Warde{-}Farley and
                  Sherjil Ozair and
                  Aaron C. Courville and
                  Yoshua Bengio},
  editor       = {Zoubin Ghahramani and
                  Max Welling and
                  Corinna Cortes and
                  Neil D. Lawrence and
                  Kilian Q. Weinberger},
  title        = {Generative Adversarial Nets},
  booktitle    = {Advances in Neural Information Processing Systems 27: Annual Conference
                  on Neural Information Processing Systems 2014, December 8-13 2014,
                  Montreal, Quebec, Canada},
  pages        = {2672--2680},
  year         = {2014},
  url          = {https://proceedings.neurips.cc/paper/2014/hash/5ca3e9b122f61f8f06494c97b1afccf3-Abstract.html},
  timestamp    = {Mon, 16 May 2022 15:41:51 +0200},
  biburl       = {https://dblp.org/rec/conf/nips/GoodfellowPMXWOCB14.bib},
  bibsource    = {dblp computer science bibliography, https://dblp.org}
}

@article{ppo,
  author       = {John Schulman and
                  Filip Wolski and
                  Prafulla Dhariwal and
                  Alec Radford and
                  Oleg Klimov},
  title        = {Proximal Policy Optimization Algorithms},
  journal      = {CoRR},
  volume       = {abs/1707.06347},
  year         = {2017},
  url          = {http://arxiv.org/abs/1707.06347},
  eprinttype    = {arXiv},
  eprint       = {1707.06347},
  timestamp    = {Mon, 13 Aug 2018 16:47:34 +0200},
  biburl       = {https://dblp.org/rec/journals/corr/SchulmanWDRK17.bib},
  bibsource    = {dblp computer science bibliography, https://dblp.org}
}

@article{hinton2002,
  author       = {Geoffrey E. Hinton},
  title        = {Training Products of Experts by Minimizing Contrastive Divergence},
  journal      = {Neural Comput.},
  volume       = {14},
  number       = {8},
  pages        = {1771--1800},
  year         = {2002},
  url          = {https://doi.org/10.1162/089976602760128018},
  doi          = {10.1162/089976602760128018},
  timestamp    = {Tue, 01 Sep 2020 13:11:46 +0200},
  biburl       = {https://dblp.org/rec/journals/neco/Hinton02.bib},
  bibsource    = {dblp computer science bibliography, https://dblp.org}
}

@article{lecun2006tutorial,
  title={A tutorial on energy-based learning},
  author={LeCun, Yann and Chopra, Sumit and Hadsell, Raia and Ranzato, M and Huang, Fujie and others},
  journal={Predicting structured data},
  volume={1},
  number={0},
  year={2006}
}

@article{forget,
  author       = {James Kirkpatrick and
                  Razvan Pascanu and
                  Neil C. Rabinowitz and
                  Joel Veness and
                  Guillaume Desjardins and
                  Andrei A. Rusu and
                  Kieran Milan and
                  John Quan and
                  Tiago Ramalho and
                  Agnieszka Grabska{-}Barwinska and
                  Demis Hassabis and
                  Claudia Clopath and
                  Dharshan Kumaran and
                  Raia Hadsell},
  title        = {Overcoming catastrophic forgetting in neural networks},
  journal      = {CoRR},
  volume       = {abs/1612.00796},
  year         = {2016},
  url          = {http://arxiv.org/abs/1612.00796},
  eprinttype    = {arXiv},
  eprint       = {1612.00796},
  timestamp    = {Mon, 13 Aug 2018 16:46:13 +0200},
  biburl       = {https://dblp.org/rec/journals/corr/KirkpatrickPRVD16.bib},
  bibsource    = {dblp computer science bibliography, https://dblp.org}
}

@inproceedings{rwr,
  author       = {Jan Peters and
                  Stefan Schaal},
  editor       = {Zoubin Ghahramani},
  title        = {Reinforcement learning by reward-weighted regression for operational
                  space control},
  booktitle    = {Machine Learning, Proceedings of the Twenty-Fourth International Conference
                  {(ICML} 2007), Corvallis, Oregon, USA, June 20-24, 2007},
  series       = {{ACM} International Conference Proceeding Series},
  volume       = {227},
  pages        = {745--750},
  publisher    = {{ACM}},
  year         = {2007},
  url          = {https://doi.org/10.1145/1273496.1273590},
  doi          = {10.1145/1273496.1273590},
  timestamp    = {Tue, 06 Nov 2018 16:58:29 +0100},
  biburl       = {https://dblp.org/rec/conf/icml/PetersS07.bib},
  bibsource    = {dblp computer science bibliography, https://dblp.org}
}


@article{awr,
  author       = {Xue Bin Peng and
                  Aviral Kumar and
                  Grace Zhang and
                  Sergey Levine},
  title        = {Advantage-Weighted Regression: Simple and Scalable Off-Policy Reinforcement
                  Learning},
  journal      = {CoRR},
  volume       = {abs/1910.00177},
  year         = {2019},
  url          = {http://arxiv.org/abs/1910.00177},
  eprinttype    = {arXiv},
  eprint       = {1910.00177},
  timestamp    = {Fri, 04 Oct 2019 12:28:06 +0200},
  biburl       = {https://dblp.org/rec/journals/corr/abs-1910-00177.bib},
  bibsource    = {dblp computer science bibliography, https://dblp.org}
}


@inproceedings{trpo,
  author       = {John Schulman and
                  Sergey Levine and
                  Pieter Abbeel and
                  Michael I. Jordan and
                  Philipp Moritz},
  editor       = {Francis R. Bach and
                  David M. Blei},
  title        = {Trust Region Policy Optimization},
  booktitle    = {Proceedings of the 32nd International Conference on Machine Learning,
                  {ICML} 2015, Lille, France, 6-11 July 2015},
  series       = {{JMLR} Workshop and Conference Proceedings},
  volume       = {37},
  pages        = {1889--1897},
  publisher    = {JMLR.org},
  year         = {2015},
  url          = {http://proceedings.mlr.press/v37/schulman15.html},
  timestamp    = {Wed, 29 May 2019 08:41:45 +0200},
  biburl       = {https://dblp.org/rec/conf/icml/SchulmanLAJM15.bib},
  bibsource    = {dblp computer science bibliography, https://dblp.org}
}


@inproceedings{lbc,
  author       = {Jiajun Fan and
                  Yuzheng Zhuang and
                  Yuecheng Liu and
                  Jianye Hao and
                  Bin Wang and
                  Jiangcheng Zhu and
                  Hao Wang and
                  Shu{-}Tao Xia},
  title        = {Learnable Behavior Control: Breaking Atari Human World Records via
                  Sample-Efficient Behavior Selection},
  booktitle    = {The Eleventh International Conference on Learning Representations,
                  {ICLR} 2023, Kigali, Rwanda, May 1-5, 2023},
  publisher    = {OpenReview.net},
  year         = {2023},
  url          = {https://openreview.net/forum?id=FeWvD0L\_a4},
  timestamp    = {Wed, 24 Jul 2024 16:50:33 +0200},
  biburl       = {https://dblp.org/rec/conf/iclr/FanZLH0ZWX23.bib},
  bibsource    = {dblp computer science bibliography, https://dblp.org}
}


@inproceedings{stiennon2020,
  author       = {Nisan Stiennon and
                  Long Ouyang and
                  Jeffrey Wu and
                  Daniel M. Ziegler and
                  Ryan Lowe and
                  Chelsea Voss and
                  Alec Radford and
                  Dario Amodei and
                  Paul F. Christiano},
  editor       = {Hugo Larochelle and
                  Marc'Aurelio Ranzato and
                  Raia Hadsell and
                  Maria{-}Florina Balcan and
                  Hsuan{-}Tien Lin},
  title        = {Learning to summarize with human feedback},
  booktitle    = {Advances in Neural Information Processing Systems 33: Annual Conference
                  on Neural Information Processing Systems 2020, NeurIPS 2020, December
                  6-12, 2020, virtual},
  year         = {2020},
  url          = {https://proceedings.neurips.cc/paper/2020/hash/1f89885d556929e98d3ef9b86448f951-Abstract.html},
  timestamp    = {Tue, 19 Jan 2021 15:57:45 +0100},
  biburl       = {https://dblp.org/rec/conf/nips/StiennonO0ZLVRA20.bib},
  bibsource    = {dblp computer science bibliography, https://dblp.org}
}

@article{zie2020,
  author       = {Daniel M. Ziegler and
                  Nisan Stiennon and
                  Jeffrey Wu and
                  Tom B. Brown and
                  Alec Radford and
                  Dario Amodei and
                  Paul F. Christiano and
                  Geoffrey Irving},
  title        = {Fine-Tuning Language Models from Human Preferences},
  journal      = {CoRR},
  volume       = {abs/1909.08593},
  year         = {2019},
  url          = {http://arxiv.org/abs/1909.08593},
  eprinttype    = {arXiv},
  eprint       = {1909.08593},
  timestamp    = {Thu, 01 Apr 2021 19:06:51 +0200},
  biburl       = {https://dblp.org/rec/journals/corr/abs-1909-08593.bib},
  bibsource    = {dblp computer science bibliography, https://dblp.org}
}


@article{rlsutton,
  author       = {Richard S. Sutton and
                  Andrew G. Barto},
  title        = {Reinforcement Learning: An Introduction},
  journal      = {{IEEE} Trans. Neural Networks},
  volume       = {9},
  number       = {5},
  pages        = {1054--1054},
  year         = {1998},
  url          = {https://doi.org/10.1109/TNN.1998.712192},
  doi          = {10.1109/TNN.1998.712192},
  timestamp    = {Sun, 28 May 2017 13:22:16 +0200},
  biburl       = {https://dblp.org/rec/journals/tnn/SuttonB98.bib},
  bibsource    = {dblp computer science bibliography, https://dblp.org}
}

@inproceedings{ouyang2022,
  author       = {Long Ouyang and
                  Jeffrey Wu and
                  Xu Jiang and
                  Diogo Almeida and
                  Carroll L. Wainwright and
                  Pamela Mishkin and
                  Chong Zhang and
                  Sandhini Agarwal and
                  Katarina Slama and
                  Alex Ray and
                  John Schulman and
                  Jacob Hilton and
                  Fraser Kelton and
                  Luke Miller and
                  Maddie Simens and
                  Amanda Askell and
                  Peter Welinder and
                  Paul F. Christiano and
                  Jan Leike and
                  Ryan Lowe},
  editor       = {Sanmi Koyejo and
                  S. Mohamed and
                  A. Agarwal and
                  Danielle Belgrave and
                  K. Cho and
                  A. Oh},
  title        = {Training language models to follow instructions with human feedback},
  booktitle    = {Advances in Neural Information Processing Systems 35: Annual Conference
                  on Neural Information Processing Systems 2022, NeurIPS 2022, New Orleans,
                  LA, USA, November 28 - December 9, 2022},
  year         = {2022},
  url          = {http://papers.nips.cc/paper\_files/paper/2022/hash/b1efde53be364a73914f58805a001731-Abstract-Conference.html},
  timestamp    = {Mon, 08 Jan 2024 16:31:36 +0100},
  biburl       = {https://dblp.org/rec/conf/nips/Ouyang0JAWMZASR22.bib},
  bibsource    = {dblp computer science bibliography, https://dblp.org}
}


@inproceedings{sac,
  author       = {Tuomas Haarnoja and
                  Aurick Zhou and
                  Pieter Abbeel and
                  Sergey Levine},
  editor       = {Jennifer G. Dy and
                  Andreas Krause},
  title        = {Soft Actor-Critic: Off-Policy Maximum Entropy Deep Reinforcement Learning
                  with a Stochastic Actor},
  booktitle    = {Proceedings of the 35th International Conference on Machine Learning,
                  {ICML} 2018, Stockholmsm{\"{a}}ssan, Stockholm, Sweden, July
                  10-15, 2018},
  series       = {Proceedings of Machine Learning Research},
  volume       = {80},
  pages        = {1856--1865},
  publisher    = {{PMLR}},
  year         = {2018},
  url          = {http://proceedings.mlr.press/v80/haarnoja18b.html},
  timestamp    = {Wed, 03 Apr 2019 18:17:30 +0200},
  biburl       = {https://dblp.org/rec/conf/icml/HaarnojaZAL18.bib},
  bibsource    = {dblp computer science bibliography, https://dblp.org}
}


@inproceedings{torchcfm2,
  author       = {Alexander Tong and
                  Nikolay Malkin and
                  Kilian Fatras and
                  Lazar Atanackovic and
                  Yanlei Zhang and
                  Guillaume Huguet and
                  Guy Wolf and
                  Yoshua Bengio},
  editor       = {Sanjoy Dasgupta and
                  Stephan Mandt and
                  Yingzhen Li},
  title        = {Simulation-Free Schr{\"{o}}dinger Bridges via Score and Flow
                  Matching},
  booktitle    = {International Conference on Artificial Intelligence and Statistics,
                  2-4 May 2024, Palau de Congressos, Valencia, Spain},
  series       = {Proceedings of Machine Learning Research},
  volume       = {238},
  pages        = {1279--1287},
  publisher    = {{PMLR}},
  year         = {2024},
  url          = {https://proceedings.mlr.press/v238/y-tong24a.html},
  timestamp    = {Mon, 13 May 2024 08:44:02 +0200},
  biburl       = {https://dblp.org/rec/conf/aistats/0001MFAZHWB24.bib},
  bibsource    = {dblp computer science bibliography, https://dblp.org}
}

@article{goexplore,
  author       = {Adrien Ecoffet and
                  Joost Huizinga and
                  Joel Lehman and
                  Kenneth O. Stanley and
                  Jeff Clune},
  title        = {First return, then explore},
  journal      = {Nat.},
  volume       = {590},
  number       = {7847},
  pages        = {580--586},
  year         = {2021},
  url          = {https://doi.org/10.1038/s41586-020-03157-9},
  doi          = {10.1038/S41586-020-03157-9},
  timestamp    = {Mon, 28 Aug 2023 21:21:38 +0200},
  biburl       = {https://dblp.org/rec/journals/nature/EcoffetHLSC21.bib},
  bibsource    = {dblp computer science bibliography, https://dblp.org}
}


@Techreport{cifar10,
 author = {Krizhevsky, Alex and Hinton, Geoffrey},
 address = {Toronto, Ontario},
 institution = {University of Toronto},
 number = {0},
 publisher = {Technical report, University of Toronto},
 title = {Learning multiple layers of features from tiny images},
 year = {2009},
 title_with_no_special_chars = {Learning multiple layers of features from tiny images},
 url = {https://www.cs.toronto.edu/~kriz/learning-features-2009-TR.pdf}
}








@article{mnist,
  author       = {Yann LeCun and
                  L{\'{e}}on Bottou and
                  Yoshua Bengio and
                  Patrick Haffner},
  title        = {Gradient-based learning applied to document recognition},
  journal      = {Proc. {IEEE}},
  volume       = {86},
  number       = {11},
  pages        = {2278--2324},
  year         = {1998},
  url          = {https://doi.org/10.1109/5.726791},
  doi          = {10.1109/5.726791},
  timestamp    = {Wed, 16 Mar 2022 23:54:13 +0100},
  biburl       = {https://dblp.org/rec/journals/pieee/LeCunBBH98.bib},
  bibsource    = {dblp computer science bibliography, https://dblp.org}
}

@article{on_off_gap,
  author       = {Yunhao Tang and
                  Zhaohan Daniel Guo and
                  Zeyu Zheng and
                  Daniele Calandriello and
                  Yuan Cao and
                  Eugene Tarassov and
                  R{\'{e}}mi Munos and
                  Bernardo {\'{A}}vila Pires and
                  Michal Valko and
                  Yong Cheng and
                  Will Dabney},
  title        = {Understanding the performance gap between online and offline alignment
                  algorithms},
  journal      = {CoRR},
  volume       = {abs/2405.08448},
  year         = {2024},
  url          = {https://doi.org/10.48550/arXiv.2405.08448},
  doi          = {10.48550/ARXIV.2405.08448},
  eprinttype    = {arXiv},
  eprint       = {2405.08448},
  timestamp    = {Sat, 15 Jun 2024 13:04:54 +0200},
  biburl       = {https://dblp.org/rec/journals/corr/abs-2405-08448.bib},
  bibsource    = {dblp computer science bibliography, https://dblp.org}
}

@article{Rest,
  author       = {{\c{C}}aglar G{\"{u}}l{\c{c}}ehre and
                  Tom Le Paine and
                  Srivatsan Srinivasan and
                  Ksenia Konyushkova and
                  Lotte Weerts and
                  Abhishek Sharma and
                  Aditya Siddhant and
                  Alex Ahern and
                  Miaosen Wang and
                  Chenjie Gu and
                  Wolfgang Macherey and
                  Arnaud Doucet and
                  Orhan Firat and
                  Nando de Freitas},
  title        = {Reinforced Self-Training (ReST) for Language Modeling},
  journal      = {CoRR},
  volume       = {abs/2308.08998},
  year         = {2023},
  url          = {https://doi.org/10.48550/arXiv.2308.08998},
  doi          = {10.48550/ARXIV.2308.08998},
  eprinttype    = {arXiv},
  eprint       = {2308.08998},
  timestamp    = {Tue, 09 Apr 2024 07:28:44 +0200},
  biburl       = {https://dblp.org/rec/journals/corr/abs-2308-08998.bib},
  bibsource    = {dblp computer science bibliography, https://dblp.org}
}


@article{ReFT,
  author       = {Guillaume Huguet and
                  James Vuckovic and
                  Kilian Fatras and
                  Eric Thibodeau{-}Laufer and
                  Pablo Lemos and
                  Riashat Islam and
                  Cheng{-}Hao Liu and
                  Jarrid Rector{-}Brooks and
                  Tara Akhound{-}Sadegh and
                  Michael M. Bronstein and
                  Alexander Tong and
                  Avishek Joey Bose},
  title        = {Sequence-Augmented SE(3)-Flow Matching For Conditional Protein Backbone
                  Generation},
  journal      = {CoRR},
  volume       = {abs/2405.20313},
  year         = {2024},
  url          = {https://doi.org/10.48550/arXiv.2405.20313},
  doi          = {10.48550/ARXIV.2405.20313},
  eprinttype    = {arXiv},
  eprint       = {2405.20313},
  timestamp    = {Mon, 24 Jun 2024 10:16:38 +0200},
  biburl       = {https://dblp.org/rec/journals/corr/abs-2405-20313.bib},
  bibsource    = {dblp computer science bibliography, https://dblp.org}
}

@article{Raft,
  author       = {Hanze Dong and
                  Wei Xiong and
                  Deepanshu Goyal and
                  Yihan Zhang and
                  Winnie Chow and
                  Rui Pan and
                  Shizhe Diao and
                  Jipeng Zhang and
                  Kashun Shum and
                  Tong Zhang},
  title        = {{RAFT:} Reward rAnked FineTuning for Generative Foundation Model Alignment},
  journal      = {Trans. Mach. Learn. Res.},
  volume       = {2023},
  year         = {2023},
  url          = {https://openreview.net/forum?id=m7p5O7zblY},
  timestamp    = {Thu, 01 Aug 2024 15:37:25 +0200},
  biburl       = {https://dblp.org/rec/journals/tmlr/Dong0GZCPDZS023.bib},
  bibsource    = {dblp computer science bibliography, https://dblp.org}
}

@misc{von-platen-etal-2022-diffusers,
  author = {Patrick von Platen and Suraj Patil and Anton Lozhkov and Pedro Cuenca and Nathan Lambert and Kashif Rasul and Mishig Davaadorj and Dhruv Nair and Sayak Paul and William Berman and Yiyi Xu and Steven Liu and Thomas Wolf},
  title = {Diffusers: State-of-the-art diffusion models},
  year = {2022},
  publisher = {GitHub},
  journal = {GitHub repository},
  howpublished = {\url{https://github.com/huggingface/diffusers}}
}

@inproceedings{lora,
  author       = {Edward J. Hu and
                  Yelong Shen and
                  Phillip Wallis and
                  Zeyuan Allen{-}Zhu and
                  Yuanzhi Li and
                  Shean Wang and
                  Lu Wang and
                  Weizhu Chen},
  title        = {LoRA: Low-Rank Adaptation of Large Language Models},
  booktitle    = {The Tenth International Conference on Learning Representations, {ICLR}
                  2022, Virtual Event, April 25-29, 2022},
  publisher    = {OpenReview.net},
  year         = {2022},
  url          = {https://openreview.net/forum?id=nZeVKeeFYf9},
  timestamp    = {Sat, 20 Aug 2022 01:15:42 +0200},
  biburl       = {https://dblp.org/rec/conf/iclr/HuSWALWWC22.bib},
  bibsource    = {dblp computer science bibliography, https://dblp.org}
}


@article{adjoint_matching,
  author       = {Carles Domingo{-}Enrich and
                  Michal Drozdzal and
                  Brian Karrer and
                  Ricky T. Q. Chen},
  title        = {Adjoint Matching: Fine-tuning Flow and Diffusion Generative Models
                  with Memoryless Stochastic Optimal Control},
  journal      = {CoRR},
  volume       = {abs/2409.08861},
  year         = {2024},
  url          = {https://doi.org/10.48550/arXiv.2409.08861},
  doi          = {10.48550/ARXIV.2409.08861},
  eprinttype    = {arXiv},
  eprint       = {2409.08861},
  timestamp    = {Sat, 12 Oct 2024 00:13:25 +0200},
  biburl       = {https://dblp.org/rec/journals/corr/abs-2409-08861.bib},
  bibsource    = {dblp computer science bibliography, https://dblp.org}
}

@article{ai_collapse_nature,
  author       = {Ilia Shumailov and
                  Zakhar Shumaylov and
                  Yiren Zhao and
                  Nicolas Papernot and
                  Ross J. Anderson and
                  Yarin Gal},
  title        = {{AI} models collapse when trained on recursively generated data},
  journal      = {Nat.},
  volume       = {631},
  number       = {8022},
  pages        = {755--759},
  year         = {2024},
  url          = {https://doi.org/10.1038/s41586-024-07566-y},
  doi          = {10.1038/S41586-024-07566-Y},
  timestamp    = {Thu, 22 Aug 2024 20:23:56 +0200},
  biburl       = {https://dblp.org/rec/journals/nature/ShumailovSZPAG24.bib},
  bibsource    = {dblp computer science bibliography, https://dblp.org}
}


@inproceedings{drawbench,
  author       = {Chitwan Saharia and
                  William Chan and
                  Saurabh Saxena and
                  Lala Li and
                  Jay Whang and
                  Emily L. Denton and
                  Seyed Kamyar Seyed Ghasemipour and
                  Raphael Gontijo Lopes and
                  Burcu Karagol Ayan and
                  Tim Salimans and
                  Jonathan Ho and
                  David J. Fleet and
                  Mohammad Norouzi},
  editor       = {Sanmi Koyejo and
                  S. Mohamed and
                  A. Agarwal and
                  Danielle Belgrave and
                  K. Cho and
                  A. Oh},
  title        = {Photorealistic Text-to-Image Diffusion Models with Deep Language Understanding},
  booktitle    = {Advances in Neural Information Processing Systems 35: Annual Conference
                  on Neural Information Processing Systems 2022, NeurIPS 2022, New Orleans,
                  LA, USA, November 28 - December 9, 2022},
  year         = {2022},
  url          = {http://papers.nips.cc/paper\_files/paper/2022/hash/ec795aeadae0b7d230fa35cbaf04c041-Abstract-Conference.html},
  timestamp    = {Mon, 08 Jan 2024 16:31:36 +0100},
  biburl       = {https://dblp.org/rec/conf/nips/SahariaCSLWDGLA22.bib},
  bibsource    = {dblp computer science bibliography, https://dblp.org}
}

@inproceedings{ImageReward,
  author       = {Jiazheng Xu and
                  Xiao Liu and
                  Yuchen Wu and
                  Yuxuan Tong and
                  Qinkai Li and
                  Ming Ding and
                  Jie Tang and
                  Yuxiao Dong},
  editor       = {Alice Oh and
                  Tristan Naumann and
                  Amir Globerson and
                  Kate Saenko and
                  Moritz Hardt and
                  Sergey Levine},
  title        = {ImageReward: Learning and Evaluating Human Preferences for Text-to-Image
                  Generation},
  booktitle    = {Advances in Neural Information Processing Systems 36: Annual Conference
                  on Neural Information Processing Systems 2023, NeurIPS 2023, New Orleans,
                  LA, USA, December 10 - 16, 2023},
  year         = {2023},
  url          = {http://papers.nips.cc/paper\_files/paper/2023/hash/33646ef0ed554145eab65f6250fab0c9-Abstract-Conference.html},
  timestamp    = {Wed, 24 Jul 2024 07:50:48 +0200},
  biburl       = {https://dblp.org/rec/conf/nips/XuLWTLDTD23.bib},
  bibsource    = {dblp computer science bibliography, https://dblp.org}
}

@article{hpsv2,
  author       = {Xiaoshi Wu and
                  Yiming Hao and
                  Keqiang Sun and
                  Yixiong Chen and
                  Feng Zhu and
                  Rui Zhao and
                  Hongsheng Li},
  title        = {Human Preference Score v2: {A} Solid Benchmark for Evaluating Human
                  Preferences of Text-to-Image Synthesis},
  journal      = {CoRR},
  volume       = {abs/2306.09341},
  year         = {2023},
  url          = {https://doi.org/10.48550/arXiv.2306.09341},
  doi          = {10.48550/ARXIV.2306.09341},
  eprinttype    = {arXiv},
  eprint       = {2306.09341},
  timestamp    = {Mon, 22 Jul 2024 08:26:52 +0200},
  biburl       = {https://dblp.org/rec/journals/corr/abs-2306-09341.bib},
  bibsource    = {dblp computer science bibliography, https://dblp.org}
}

@article{blip,
  author       = {Maksim Dzabraev and
                  Alexander Kunitsyn and
                  Andrei Ivaniuta},
  title        = {{VLRM:} Vision-Language Models act as Reward Models for Image Captioning},
  journal      = {CoRR},
  volume       = {abs/2404.01911},
  year         = {2024},
  url          = {https://doi.org/10.48550/arXiv.2404.01911},
  doi          = {10.48550/ARXIV.2404.01911},
  eprinttype    = {arXiv},
  eprint       = {2404.01911},
  timestamp    = {Wed, 08 May 2024 17:22:41 +0200},
  biburl       = {https://dblp.org/rec/journals/corr/abs-2404-01911.bib},
  bibsource    = {dblp computer science bibliography, https://dblp.org}
}


@inproceedings{pic_a_score,
  author       = {Yuval Kirstain and
                  Adam Polyak and
                  Uriel Singer and
                  Shahbuland Matiana and
                  Joe Penna and
                  Omer Levy},
  editor       = {Alice Oh and
                  Tristan Naumann and
                  Amir Globerson and
                  Kate Saenko and
                  Moritz Hardt and
                  Sergey Levine},
  title        = {Pick-a-Pic: An Open Dataset of User Preferences for Text-to-Image
                  Generation},
  booktitle    = {Advances in Neural Information Processing Systems 36: Annual Conference
                  on Neural Information Processing Systems 2023, NeurIPS 2023, New Orleans,
                  LA, USA, December 10 - 16, 2023},
  year         = {2023},
  url          = {http://papers.nips.cc/paper\_files/paper/2023/hash/73aacd8b3b05b4b503d58310b523553c-Abstract-Conference.html},
  timestamp    = {Fri, 01 Mar 2024 16:26:20 +0100},
  biburl       = {https://dblp.org/rec/conf/nips/KirstainPSMPL23.bib},
  bibsource    = {dblp computer science bibliography, https://dblp.org}
}


@inproceedings{Alpha_clip,
  author       = {Zeyi Sun and
                  Ye Fang and
                  Tong Wu and
                  Pan Zhang and
                  Yuhang Zang and
                  Shu Kong and
                  Yuanjun Xiong and
                  Dahua Lin and
                  Jiaqi Wang},
  title        = {Alpha-CLIP: {A} {CLIP} Model Focusing on Wherever you Want},
  booktitle    = {{IEEE/CVF} Conference on Computer Vision and Pattern Recognition,
                  {CVPR} 2024, Seattle, WA, USA, June 16-22, 2024},
  pages        = {13019--13029},
  publisher    = {{IEEE}},
  year         = {2024},
  url          = {https://doi.org/10.1109/CVPR52733.2024.01237},
  doi          = {10.1109/CVPR52733.2024.01237},
  timestamp    = {Wed, 02 Oct 2024 17:33:19 +0200},
  biburl       = {https://dblp.org/rec/conf/cvpr/0002FWZZKXL024.bib},
  bibsource    = {dblp computer science bibliography, https://dblp.org}
}

@inproceedings{wgan,
  author       = {Mart{\'{\i}}n Arjovsky and
                  Soumith Chintala and
                  L{\'{e}}on Bottou},
  editor       = {Doina Precup and
                  Yee Whye Teh},
  title        = {Wasserstein Generative Adversarial Networks},
  booktitle    = {Proceedings of the 34th International Conference on Machine Learning,
                  {ICML} 2017, Sydney, NSW, Australia, 6-11 August 2017},
  series       = {Proceedings of Machine Learning Research},
  volume       = {70},
  pages        = {214--223},
  publisher    = {{PMLR}},
  year         = {2017},
  url          = {http://proceedings.mlr.press/v70/arjovsky17a.html},
  timestamp    = {Wed, 29 May 2019 08:41:45 +0200},
  biburl       = {https://dblp.org/rec/conf/icml/ArjovskyCB17.bib},
  bibsource    = {dblp computer science bibliography, https://dblp.org}
}

@article{otcfm,
  author       = {Alexander Tong and
                  Kilian Fatras and
                  Nikolay Malkin and
                  Guillaume Huguet and
                  Yanlei Zhang and
                  Jarrid Rector{-}Brooks and
                  Guy Wolf and
                  Yoshua Bengio},
  title        = {Improving and generalizing flow-based generative models with minibatch
                  optimal transport},
  journal      = {Trans. Mach. Learn. Res.},
  volume       = {2024},
  year         = {2024},
  url          = {https://openreview.net/forum?id=CD9Snc73AW},
  timestamp    = {Thu, 08 Aug 2024 15:22:39 +0200},
  biburl       = {https://dblp.org/rec/journals/tmlr/0001FMHZRWB24.bib},
  bibsource    = {dblp computer science bibliography, https://dblp.org}
}

@inproceedings{diff_sde,
  author       = {Yang Song and
                  Jascha Sohl{-}Dickstein and
                  Diederik P. Kingma and
                  Abhishek Kumar and
                  Stefano Ermon and
                  Ben Poole},
  title        = {Score-Based Generative Modeling through Stochastic Differential Equations},
  booktitle    = {9th International Conference on Learning Representations, {ICLR} 2021,
                  Virtual Event, Austria, May 3-7, 2021},
  publisher    = {OpenReview.net},
  year         = {2021},
  url          = {https://openreview.net/forum?id=PxTIG12RRHS},
  timestamp    = {Wed, 23 Jun 2021 17:36:39 +0200},
  biburl       = {https://dblp.org/rec/conf/iclr/0011SKKEP21.bib},
  bibsource    = {dblp computer science bibliography, https://dblp.org}
}


@inproceedings{clip_models,
  author       = {Alec Radford and
                  Jong Wook Kim and
                  Chris Hallacy and
                  Aditya Ramesh and
                  Gabriel Goh and
                  Sandhini Agarwal and
                  Girish Sastry and
                  Amanda Askell and
                  Pamela Mishkin and
                  Jack Clark and
                  Gretchen Krueger and
                  Ilya Sutskever},
  editor       = {Marina Meila and
                  Tong Zhang},
  title        = {Learning Transferable Visual Models From Natural Language Supervision},
  booktitle    = {Proceedings of the 38th International Conference on Machine Learning,
                  {ICML} 2021, 18-24 July 2021, Virtual Event},
  series       = {Proceedings of Machine Learning Research},
  volume       = {139},
  pages        = {8748--8763},
  publisher    = {{PMLR}},
  year         = {2021},
  url          = {http://proceedings.mlr.press/v139/radford21a.html},
  timestamp    = {Wed, 25 Aug 2021 17:11:17 +0200},
  biburl       = {https://dblp.org/rec/conf/icml/RadfordKHRGASAM21.bib},
  bibsource    = {dblp computer science bibliography, https://dblp.org}
}

@inproceedings{clip,
  author       = {Alec Radford and
                  Jong Wook Kim and
                  Chris Hallacy and
                  Aditya Ramesh and
                  Gabriel Goh and
                  Sandhini Agarwal and
                  Girish Sastry and
                  Amanda Askell and
                  Pamela Mishkin and
                  Jack Clark and
                  Gretchen Krueger and
                  Ilya Sutskever},
  editor       = {Marina Meila and
                  Tong Zhang},
  title        = {Learning Transferable Visual Models From Natural Language Supervision},
  booktitle    = {Proceedings of the 38th International Conference on Machine Learning,
                  {ICML} 2021, 18-24 July 2021, Virtual Event},
  series       = {Proceedings of Machine Learning Research},
  volume       = {139},
  pages        = {8748--8763},
  publisher    = {{PMLR}},
  year         = {2021},
  url          = {http://proceedings.mlr.press/v139/radford21a.html},
  timestamp    = {Wed, 25 Aug 2021 17:11:17 +0200},
  biburl       = {https://dblp.org/rec/conf/icml/RadfordKHRGASAM21.bib},
  bibsource    = {dblp computer science bibliography, https://dblp.org}
}

@inproceedings{Draft,
  author       = {Kevin Clark and
                  Paul Vicol and
                  Kevin Swersky and
                  David J. Fleet},
  title        = {Directly Fine-Tuning Diffusion Models on Differentiable Rewards},
  booktitle    = {The Twelfth International Conference on Learning Representations,
                  {ICLR} 2024, Vienna, Austria, May 7-11, 2024},
  publisher    = {OpenReview.net},
  year         = {2024},
  url          = {https://openreview.net/forum?id=1vmSEVL19f},
  timestamp    = {Wed, 07 Aug 2024 17:11:53 +0200},
  biburl       = {https://dblp.org/rec/conf/iclr/ClarkVSF24.bib},
  bibsource    = {dblp computer science bibliography, https://dblp.org}
}

@article{offline,
  author       = {Kimin Lee and
                  Hao Liu and
                  Moonkyung Ryu and
                  Olivia Watkins and
                  Yuqing Du and
                  Craig Boutilier and
                  Pieter Abbeel and
                  Mohammad Ghavamzadeh and
                  Shixiang Shane Gu},
  title        = {Aligning Text-to-Image Models using Human Feedback},
  journal      = {CoRR},
  volume       = {abs/2302.12192},
  year         = {2023},
  url          = {https://doi.org/10.48550/arXiv.2302.12192},
  doi          = {10.48550/ARXIV.2302.12192},
  eprinttype    = {arXiv},
  eprint       = {2302.12192},
  timestamp    = {Thu, 20 Apr 2023 09:06:59 +0200},
  biburl       = {https://dblp.org/rec/journals/corr/abs-2302-12192.bib},
  bibsource    = {dblp computer science bibliography, https://dblp.org}
}


@inproceedings{unet,
  author       = {Olaf Ronneberger and
                  Philipp Fischer and
                  Thomas Brox},
  editor       = {Nassir Navab and
                  Joachim Hornegger and
                  William M. Wells III and
                  Alejandro F. Frangi},
  title        = {U-Net: Convolutional Networks for Biomedical Image Segmentation},
  booktitle    = {Medical Image Computing and Computer-Assisted Intervention - {MICCAI}
                  2015 - 18th International Conference Munich, Germany, October 5 -
                  9, 2015, Proceedings, Part {III}},
  series       = {Lecture Notes in Computer Science},
  volume       = {9351},
  pages        = {234--241},
  publisher    = {Springer},
  year         = {2015},
  url          = {https://doi.org/10.1007/978-3-319-24574-4\_28},
  doi          = {10.1007/978-3-319-24574-4\_28},
  timestamp    = {Mon, 03 Jan 2022 22:36:27 +0100},
  biburl       = {https://dblp.org/rec/conf/miccai/RonnebergerFB15.bib},
  bibsource    = {dblp computer science bibliography, https://dblp.org}
}


@inproceedings{sd3,
  author       = {Patrick Esser and
                  Sumith Kulal and
                  Andreas Blattmann and
                  Rahim Entezari and
                  Jonas M{\"{u}}ller and
                  Harry Saini and
                  Yam Levi and
                  Dominik Lorenz and
                  Axel Sauer and
                  Frederic Boesel and
                  Dustin Podell and
                  Tim Dockhorn and
                  Zion English and
                  Robin Rombach},
  title        = {Scaling Rectified Flow Transformers for High-Resolution Image Synthesis},
  booktitle    = {Forty-first International Conference on Machine Learning, {ICML} 2024,
                  Vienna, Austria, July 21-27, 2024},
  publisher    = {OpenReview.net},
  year         = {2024},
  url          = {https://openreview.net/forum?id=FPnUhsQJ5B},
  timestamp    = {Mon, 02 Sep 2024 16:55:25 +0200},
  biburl       = {https://dblp.org/rec/conf/icml/EsserKBEMSLLSBP24.bib},
  bibsource    = {dblp computer science bibliography, https://dblp.org}
}

@inproceedings{instructed_rlhf,
  author       = {Long Ouyang and
                  Jeffrey Wu and
                  Xu Jiang and
                  Diogo Almeida and
                  Carroll L. Wainwright and
                  Pamela Mishkin and
                  Chong Zhang and
                  Sandhini Agarwal and
                  Katarina Slama and
                  Alex Ray and
                  John Schulman and
                  Jacob Hilton and
                  Fraser Kelton and
                  Luke Miller and
                  Maddie Simens and
                  Amanda Askell and
                  Peter Welinder and
                  Paul F. Christiano and
                  Jan Leike and
                  Ryan Lowe},
  editor       = {Sanmi Koyejo and
                  S. Mohamed and
                  A. Agarwal and
                  Danielle Belgrave and
                  K. Cho and
                  A. Oh},
  title        = {Training language models to follow instructions with human feedback},
  booktitle    = {Advances in Neural Information Processing Systems 35: Annual Conference
                  on Neural Information Processing Systems 2022, NeurIPS 2022, New Orleans,
                  LA, USA, November 28 - December 9, 2022},
  year         = {2022},
  url          = {http://papers.nips.cc/paper\_files/paper/2022/hash/b1efde53be364a73914f58805a001731-Abstract-Conference.html},
  timestamp    = {Mon, 08 Jan 2024 16:31:36 +0100},
  biburl       = {https://dblp.org/rec/conf/nips/Ouyang0JAWMZASR22.bib},
  bibsource    = {dblp computer science bibliography, https://dblp.org}
}


@article{hutchinson1989stochastic,
  title={A stochastic estimator of the trace of the influence matrix for Laplacian smoothing splines},
  author={Hutchinson, Michael F},
  journal={Communications in Statistics-Simulation and Computation},
  volume={18},
  number={3},
  pages={1059--1076},
  year={1989},
  publisher={Taylor \& Francis}
}

@article{ho2020denoising,
  title={Denoising diffusion probabilistic models},
  author={Ho, Jonathan and Jain, Ajay and Abbeel, Pieter},
  journal={Advances in neural information processing systems},
  volume={33},
  pages={6840--6851},
  year={2020}
}