@article{ahn2020guiding,
  title={Guiding deep molecular optimization with genetic exploration},
  author={Ahn, Sungsoo and Kim, Junsu and Lee, Hankook and Shin, Jinwoo},
  journal={Advances in neural information processing systems (NeurIPS)},
  year={2020}
}

@article{bai2022constitutional,
  title={Constitutional {AI}: Harmlessness from {AI} feedback},
  author={Bai, Yuntao and Kadavath, Saurav and Kundu, Sandipan and Askell, Amanda and Kernion, Jackson and Jones, Andy and Chen, Anna and Goldie, Anna and Mirhoseini, Azalia and McKinnon, Cameron and others},
  journal={arXiv preprint arXiv:2212.08073},
  year={2022}
}

@article{bello2016neural,
  title={Neural combinatorial optimization with reinforcement learning},
  author={Bello, Irwan and Pham, Hieu and Le, Quoc V and Norouzi, Mohammad and Bengio, Samy},
  journal={arXiv preprint arXiv:1611.09940},
  year={2016}
}

@article{brown2024large,
  title={Large language monkeys: Scaling inference compute with repeated sampling},
  author={Brown, Bradley and Juravsky, Jordan and Ehrlich, Ryan and Clark, Ronald and Le, Quoc V and R{\'e}, Christopher and Mirhoseini, Azalia},
  journal={arXiv preprint arXiv:2407.21787},
  year={2024}
}

@article{chen2023evoprompting,
  title={Evo{P}rompting: Language models for code-level neural architecture search},
  author={Chen, Angelica and Dohan, David and So, David},
  journal={Advances in neural information processing systems},
  volume={36},
  pages={7787--7817},
  year={2023}
}

@inproceedings{choo2022simulation,
 author = {Choo, Jinho and Kwon, Yeong-Dae and Kim, Jihoon and Jae, Jeongwoo and Hottung, Andr\'{e} and Tierney, Kevin and Gwon, Youngjune},
 booktitle = {Advances in Neural Information Processing Systems (NeurIPS)},
 title = {Simulation-guided Beam Search for Neural Combinatorial Optimization},
 year = {2022}
}

@article{dong2024survey,
  title={A Survey on {LLM} Inference-Time Self-Improvement},
  author={Dong, Xiangjue and Teleki, Maria and Caverlee, James},
  journal={arXiv preprint arXiv:2412.14352},
  year={2024}
}

@article{drakulic2024bq,
  title={{BQ-NCO}: Bisimulation quotienting for efficient neural combinatorial optimization},
  author={Drakulic, Darko and Michel, Sofia and Mai, Florian and Sors, Arnaud and Andreoli, Jean-Marc},
  journal={Advances in Neural Information Processing Systems (NeurIPS)},
  year={2024}
}

@inproceedings{fu2022reinforced_ga,
 author = {Fu, Tianfan and Gao, Wenhao and Coley, Connor and Sun, Jimeng},
 booktitle = {Advances in Neural Information Processing Systems},
 pages = {12325--12338},
 title = {Reinforced Genetic Algorithm for Structure-based Drug Design},
 volume = {35},
 year = {2022}
}

@inproceedings{gao2022synnet,
title={Amortized Tree Generation for Bottom-up Synthesis Planning and Synthesizable Molecular Design},
author={Wenhao Gao and Roc{\'\i}o Mercado and Connor W. Coley},
booktitle={International Conference on Learning Representations},
year={2022},
}

@article{gao2024synformer,
  title={Generative artificial intelligence for navigating synthesizable chemical space},
  author={Gao, Wenhao and Luo, Shitong and Coley, Connor W},
  journal={arXiv preprint arXiv:2410.03494},
  year={2024}
}

@inproceedings{guo2024evoprompt,
title={Connecting Large Language Models with Evolutionary Algorithms Yields Powerful Prompt Optimizers},
author={Qingyan Guo and Rui Wang and Junliang Guo and Bei Li and Kaitao Song and Xu Tan and Guoqing Liu and Jiang Bian and Yujiu Yang},
booktitle={The Twelfth International Conference on Learning Representations},
year={2024},
}

@article{jensen2019graph,
  title={A graph-based genetic algorithm and generative model/{Monte Carlo} tree search for the exploration of chemical space},
  author={Jensen, Jan H},
  journal={Chemical Science},
  volume={10},
  number={12},
  pages={3567--3572},
  year={2019},
  publisher={Royal Society of Chemistry}
}

@inproceedings{joshi2021learning,
  title={Learning {TSP} Requires Rethinking Generalization},
  author={Joshi, Chaitanya K and Cappart, Quentin and Rousseau, Louis-Martin and Laurent, Thomas},
  booktitle={International Conference on Principles and Practice of Constraint Programming (CP)},
  year={2021}
}

@article{kim2024ant,
  title={Ant Colony Sampling with {GFlowNets} for Combinatorial Optimization},
  author={Kim, Minsu and Choi, Sanghyeok and Son, Jiwoo and Kim, Hyeonah and Park, Jinkyoo and Bengio, Yoshua},
  journal={International Conference on Artificial Intelligence and Statistics (AISTATS)},
  year={2025}
}

@inproceedings{kim2024genetic,
  title={Genetic-guided {GFlowNets} for sample efficient molecular optimization},
  author={Kim, Hyeonah and Kim, Minsu and Choi, Sanghyeok and Park, Jinkyoo},
  booktitle={Advances in Neural Information Processing Systems (NeurIPS)},
  year={2024}
}

@inproceedings{kool2022deep,
  title={Deep policy dynamic programming for vehicle routing problems},
  author={Kool, Wouter and van Hoof, Herke and Gromicho, Joaquim and Welling, Max},
  booktitle={International Conference on Integration of Constraint Programming, Artificial Intelligence, and Operations Research (CPAIOR)},
  year={2022}
}

@incollection{lehman2023evolution,
  title={Evolution through large models},
  author={Lehman, Joel and Gordon, Jonathan and Jain, Shawn and Ndousse, Kamal and Yeh, Cathy and Stanley, Kenneth O},
  booktitle={Handbook of Evolutionary Machine Learning},
  pages={331--366},
  year={2023},
  publisher={Springer}
}

@inproceedings{liu2024autodan,
title={Auto{DAN}: Generating Stealthy Jailbreak Prompts on Aligned Large Language Models},
author={Xiaogeng Liu and Nan Xu and Muhao Chen and Chaowei Xiao},
booktitle={The Twelfth International Conference on Learning Representations},
year={2024},
url={https://openreview.net/forum?id=7Jwpw4qKkb}
}

@inproceedings{luo2023lehd,
 author = {Luo, Fu and Lin, Xi and Liu, Fei and Zhang, Qingfu and Wang, Zhenkun},
 booktitle = {Advances in Neural Information Processing Systems},
 pages = {8845--8864},
 title = {Neural Combinatorial Optimization with Heavy Decoder: Toward Large Scale Generalization},
 volume = {36},
 year = {2023}
}

@inproceedings{madaan2023self-refine,
 author = {Madaan, Aman and Tandon, Niket and Gupta, Prakhar and Hallinan, Skyler and Gao, Luyu and Wiegreffe, Sarah and Alon, Uri and Dziri, Nouha and Prabhumoye, Shrimai and Yang, Yiming and Gupta, Shashank and Majumder, Bodhisattwa Prasad and Hermann, Katherine and Welleck, Sean and Yazdanbakhsh, Amir and Clark, Peter},
 booktitle = {Advances in Neural Information Processing Systems},
 pages = {46534--46594},
 title = {Self-Refine: Iterative Refinement with Self-Feedback},
 volume = {36},
 year = {2023}
}

@article{meyerson2024language,
  title={Language model crossover: Variation through few-shot prompting},
  author={Meyerson, Elliot and Nelson, Mark J and Bradley, Herbie and Gaier, Adam and Moradi, Arash and Hoover, Amy K and Lehman, Joel},
  journal={ACM Transactions on Evolutionary Learning},
  volume={4},
  number={4},
  pages={1--40},
  year={2024},
  publisher={ACM New York, NY}
}

@inproceedings{qiu2022dimes,
 author = {Qiu, Ruizhong and Sun, Zhiqing and Yang, Yiming},
 booktitle = {Advances in Neural Information Processing Systems (NeurIPS)},
 title = {{DIMES}: A Differentiable Meta Solver for Combinatorial Optimization Problems},
 year = {2022}
}

@article{snell2024scaling,
  title={Scaling llm test-time compute optimally can be more effective than scaling model parameters},
  author={Snell, Charlie and Lee, Jaehoon and Xu, Kelvin and Kumar, Aviral},
  journal={arXiv preprint arXiv:2408.03314},
  year={2024}
}

@inproceedings{son2023meta,
  title={{Meta-SAGE}: scale meta-learning scheduled adaptation with guided exploration for mitigating scale shift on combinatorial optimization},
  author={Son, Jiwoo and Kim, Minsu and Kim, Hyeonah and Park, Jinkyoo},
  booktitle={International Conference on Machine Learning (ICML)},
  year={2023}
}

@article{wang2024molleo,
  title={Efficient evolutionary search over chemical space with large language models},
  author={Wang, Haorui and Skreta, Marta and Ser, Cher-Tian and Gao, Wenhao and Kong, Lingkai and Strieth-Kalthoff, Felix and Duan, Chenru and Zhuang, Yuchen and Yu, Yue and Zhu, Yanqiao and others},
  journal={arXiv preprint arXiv:2406.16976},
  year={2024}
}

@inproceedings{ye2023deepaco,
 author = {Ye, Haoran and Wang, Jiarui and Cao, Zhiguang and Liang, Helan and Li, Yong},
 booktitle = {Advances in Neural Information Processing Systems (NeurIPS)},
 title = {{DeepACO}: Neural-enhanced Ant Systems for Combinatorial Optimization},
 year = {2023}
}

@inproceedings{ye2024reevo,
    title={Re{E}vo: Large Language Models as Hyper-Heuristics with Reflective Evolution}, 
    author={Ye, Haoran and Wang, Jiarui and Cao, Zhiguang and Berto, Federico and Hua, Chuanbo and Kim, Haeyeon and Park, Jinkyoo and Song, Guojie},
    booktitle={Advances in Neural Information Processing Systems (NeurIPS)},
    year={2024},
}

