@inproceedings{ye2023deepaco,
 author = {Ye, Haoran and Wang, Jiarui and Cao, Zhiguang and Liang, Helan and Li, Yong},
 booktitle = {Advances in Neural Information Processing Systems (NeurIPS)},
 title = {{DeepACO}: Neural-enhanced Ant Systems for Combinatorial Optimization},
 year = {2023}
}


@inproceedings{luo2023lehd,
 author = {Luo, Fu and Lin, Xi and Liu, Fei and Zhang, Qingfu and Wang, Zhenkun},
 booktitle = {Advances in Neural Information Processing Systems},
 pages = {8845--8864},
 title = {Neural Combinatorial Optimization with Heavy Decoder: Toward Large Scale Generalization},
 volume = {36},
 year = {2023}
}


@inproceedings{
xia2024position,
title={Position: Rethinking Post-Hoc Search-Based Neural Approaches for Solving Large-Scale Traveling Salesman Problems},
author={Yifan Xia and Xianliang Yang and Zichuan Liu and Zhihao Liu and Lei Song and Jiang Bian},
booktitle={International Conference on Machine Learning (ICML)},
year={2024},
}

@inproceedings{zheng2024udc,
  title={{UDC}: A Unified Neural Divide-and-Conquer Framework for Large-Scale Combinatorial Optimization Problems},
  author={Zheng, Zhi and Zhou, Changliang and Xialiang, Tong and Yuan, Mingxuan and Wang, Zhenkun},
  booktitle={Advances in Neural Information Processing Systems (NeurIPS)},
  year={2024}
}

@ARTICLE{dorigo2006aco,
  author={Dorigo, Marco and Birattari, Mauro and Stutzle, Thomas},
  journal={IEEE Computational Intelligence Magazine}, 
  title={Ant colony optimization}, 
  year={2006},
  volume={1},
  number={4},
  pages={28-39},
  doi={10.1109/MCI.2006.329691}}

@book{dorigo2019ant,
  title={Ant colony optimization: overview and recent advances},
  author={Dorigo, Marco and St{\"u}tzle, Thomas},
  year={2019},
  publisher={Springer}
}

@article{bullnheimer1999new,
  title={A New Rank Based Version of the Ant System--A Computational Study.},
  author={Bullnheimer, Bernd and Hartl, Richard F and Strauss, Christine},
  journal={Central european journal of operations research},
  volume={7},
  number={1},
  year={1999}
}

@article{bengio2021machine,
  title={Machine learning for combinatorial optimization: a methodological tour d’horizon},
  author={Bengio, Yoshua and Lodi, Andrea and Prouvost, Antoine},
  journal={European Journal of Operational Research},
  volume={290},
  number={2},
  pages={405--421},
  year={2021},
  publisher={Elsevier}
}


@inproceedings{zhang2023let,
 author = {Zhang, Dinghuai and Dai, Hanjun and Malkin, Nikolay and Courville, Aaron C and Bengio, Yoshua and Pan, Ling},
 booktitle = {Advances in Neural Information Processing Systems (NeurIPS)},
 title = {Let the Flows Tell: Solving Graph Combinatorial Problems with GFlowNets},
 year = {2023}
}


@inproceedings{zhang2022robust,
  title={Robust Scheduling with {GFlowNets}},
  author={Zhang, David W and Rainone, Corrado and Peschl, Markus and Bondesan, Roberto},
  booktitle={International Conference on Learning Representations (ICLR)},
  year={2022}
}

@inproceedings{kim2023enhancing,
      title={{Symmetric Replay Training}: Enhancing Sample Efficiency in Deep Reinforcement Learning for Combinatorial Optimization}, 
      author={Hyeonah Kim and Minsu Kim and Sungsoo Ahn and Jinkyoo Park},
booktitle={International Conference on Machine Learning (ICML)},
year={2024}
}

@inproceedings{pan2022generative,
  title={Generative Augmented Flow Networks},
  author={Pan, Ling and Zhang, Dinghuai and Courville, Aaron and Huang, Longbo and Bengio, Yoshua},
  booktitle={International Conference on Learning Representations (ICLR)},
  year={2022}
}


@inproceedings{kim2023local,
  title={Local Search {GFlowNets}},
  author={Kim, Minsu and Yun, Taeyoung and Bengio, Emmanuel and Zhang, Dinghuai and Bengio, Yoshua and Ahn, Sungsoo and Park, Jinkyoo},
  booktitle={International Conference on Learning Representations (ICLR)},
  year={2024},
}

@inproceedings{malkin2022trajectory,
  title={Trajectory balance: Improved credit assignment in {GFlowNets}},
  author={Malkin, Nikolay and Jain, Moksh and Bengio, Emmanuel and Sun, Chen and Bengio, Yoshua},
  booktitle={Advances in Neural Information Processing Systems (NeurIPS)},
  year={2022}
}

@article{bengio2023gflownet,
  title={Gflownet foundations},
  author={Bengio, Yoshua and Lahlou, Salem and Deleu, Tristan and Hu, Edward J and Tiwari, Mo and Bengio, Emmanuel},
  journal={Journal of Machine Learning Research},
  volume={24},
  number={210},
  pages={1--55},
  year={2023}
}

@inproceedings{bengio2021flow,
  title={Flow network based generative models for non-iterative diverse candidate generation},
  author={Bengio, Emmanuel and Jain, Moksh and Korablyov, Maksym and Precup, Doina and Bengio, Yoshua},
  booktitle ={Advances in Neural Information Processing Systems (NeurIPS)},
  year={2021}
}

@inproceedings{zhang2022generative,
  title={Generative flow networks for discrete probabilistic modeling},
  author={Zhang, Dinghuai and Malkin, Nikolay and Liu, Zhen and Volokhova, Alexandra and Courville, Aaron and Bengio, Yoshua},
  booktitle={International Conference on Machine Learning (ICML)},
  year={2022}
}



@article{schulman2017proximal,
  title={Proximal policy optimization algorithms},
  author={Schulman, John and Wolski, Filip and Dhariwal, Prafulla and Radford, Alec and Klimov, Oleg},
  journal={arXiv preprint arXiv:1707.06347},
  year={2017}
}

@inproceedings{kwon2020pomo,
  title={{POMO}: Policy optimization with multiple optima for reinforcement learning},
  author={Kwon, Yeong-Dae and Choo, Jinho and Kim, Byoungjip and Yoon, Iljoo and Gwon, Youngjune and Min, Seungjai},
  booktitle={Advances in Neural Information Processing Systems (NeurIPS)},
  year={2020}
}

@inproceedings{xin2021multi,
  title={Multi-decoder attention model with embedding glimpse for solving vehicle routing problems},
  author={Xin, Liang and Song, Wen and Cao, Zhiguang and Zhang, Jie},
  booktitle={AAAI Conference on Artificial Intelligence (AAAI)},
  year={2021}
}

@article{williams1992simple,
  title={Simple statistical gradient-following algorithms for connectionist reinforcement learning},
  author={Williams, Ronald J},
  journal={Machine learning},
  volume={8},
  pages={229--256},
  year={1992},
  publisher={Springer}
}

@article{mnih2013playing,
  title={Playing atari with deep reinforcement learning},
  author={Mnih, Volodymyr and Kavukcuoglu, Koray and Silver, David and Graves, Alex and Antonoglou, Ioannis and Wierstra, Daan and Riedmiller, Martin},
  journal={arXiv preprint arXiv:1312.5602},
  year={2013}
}

@article{sutton1999policy,
  title={Policy gradient methods for reinforcement learning with function approximation},
  author={Sutton, Richard S and McAllester, David and Singh, Satinder and Mansour, Yishay},
  journal={Advances in neural information processing systems (NIPS)},
  year={1999}
}

@InProceedings{pan2023better,
  title = 	 {Better Training of {GF}low{N}ets with Local Credit and Incomplete Trajectories},
  author =       {Pan, Ling and Malkin, Nikolay and Zhang, Dinghuai and Bengio, Yoshua},
  booktitle = 	 {International Conference on Machine Learning (ICML)},
  year = 	 {2023}
}


@inproceedings{luo2023neural,
 author = {Luo, Fu and Lin, Xi and Liu, Fei and Zhang, Qingfu and Wang, Zhenkun},
 booktitle = {Advances in Neural Information Processing Systems (NeurIPS)},
 title = {Neural Combinatorial Optimization with Heavy Decoder: Toward Large Scale Generalization},
 year = {2023}
}


@inproceedings{
kool2018attention,
title={Attention, Learn to Solve Routing Problems!},
author={Wouter Kool and Herke van Hoof and Max Welling},
booktitle={International Conference on Learning Representations (ICLR)},
year={2019},
}

@inproceedings{khalil2017learning,
  title={Learning combinatorial optimization algorithms over graphs},
  author={Khalil, Elias and Dai, Hanjun and Zhang, Yuyu and Dilkina, Bistra and Song, Le},
  booktitle = {Advances in Neural Information Processing Systems (NIPS)},
  year={2017}
}

@inproceedings{vinyals2015pointer,
 author = {Vinyals, Oriol and Fortunato, Meire and Jaitly, Navdeep},
 booktitle = {Advances in Neural Information Processing Systems (NIPS)},
 title = {Pointer Networks},
 year = {2015}
}


@article{bello2016neural,
  title={Neural combinatorial optimization with reinforcement learning},
  author={Bello, Irwan and Pham, Hieu and Le, Quoc V and Norouzi, Mohammad and Bengio, Samy},
  journal={arXiv preprint arXiv:1611.09940},
  year={2016}
}

@inproceedings{ahn2020learning,
  title={Learning what to defer for maximum independent sets},
  author={Ahn, Sungsoo and Seo, Younggyo and Shin, Jinwoo},
  booktitle={International Conference on Machine Learning (ICML)},
  year={2020}
}

@inproceedings{kim2021learning,
 author = {Kim, Minsu and Park, Jinkyoo and Kim, joungho},
 booktitle = {Advances in Neural Information Processing Systems (NeurIPS)},
 title = {Learning Collaborative Policies to Solve NP-hard Routing Problems},
 year = {2021}
}


@inproceedings{kim2022sym,
  title={{Sym-NCO}: Leveraging symmetricity for neural combinatorial optimization},
  author={Kim, Minsu and Park, Junyoung and Park, Jinkyoo},
  booktitle={Advances in Neural Information Processing Systems (NeurIPS)},
  year={2022}
}

@inproceedings{
hottung2021efficient,
title={Efficient Active Search for Combinatorial Optimization Problems},
author={Andr{\'e} Hottung and Yeong-Dae Kwon and Kevin Tierney},
booktitle={International Conference on Learning Representations (ICLR)},
year={2022},
}

@inproceedings{son2023meta,
  title={{Meta-SAGE}: scale meta-learning scheduled adaptation with guided exploration for mitigating scale shift on combinatorial optimization},
  author={Son, Jiwoo and Kim, Minsu and Kim, Hyeonah and Park, Jinkyoo},
  booktitle={International Conference on Machine Learning (ICML)},
  year={2023}
}


@inproceedings{son2023solving,
  title={{Equity-Transformer}: Solving NP-Hard Min-Max Routing Problems as Sequential Generation with Equity Context},
  author={Son, Jiwoo and Kim, Minsu and Choi, Sanghyeok and Kim, Hyeonah and Park, Jinkyoo},
  booktitle={AAAI Conference on Artificial Intelligence (AAAI)},
  year={2024}
}

@inproceedings{
kim2022neuro,
title={Learning to {CROSS} exchange to solve min-max vehicle routing problems},
author={Minjun Kim and Junyoung Park and Jinkyoo Park},
booktitle={International Conference on Learning Representations (ICLR)},
year={2023},
}


@inproceedings{choo2022simulation,
 author = {Choo, Jinho and Kwon, Yeong-Dae and Kim, Jihoon and Jae, Jeongwoo and Hottung, Andr\'{e} and Tierney, Kevin and Gwon, Youngjune},
 booktitle = {Advances in Neural Information Processing Systems (NeurIPS)},
 title = {Simulation-guided Beam Search for Neural Combinatorial Optimization},
 year = {2022}
}

@inproceedings{
hou2022generalize,
title={Generalize Learned Heuristics to Solve Large-scale Vehicle Routing Problems in Real-time},
author={Qingchun Hou and Jingwei Yang and Yiqiang Su and Xiaoqing Wang and Yuming Deng},
booktitle={International Conference on Learning Representations (ICLR)},
year={2023},
}

@inproceedings{pan2023h,
  title={{H-TSP}: Hierarchically solving the large-scale traveling salesman problem},
  author={Pan, Xuanhao and Jin, Yan and Ding, Yuandong and Feng, Mingxiao and Zhao, Li and Song, Lei and Bian, Jiang},
  booktitle={AAAI Conference on Artificial Intelligence (AAAI)},
  year={2023}
}

@inproceedings{jin2023pointerformer,
  title={Pointerformer: Deep reinforced multi-pointer transformer for the traveling salesman problem},
  author={Jin, Yan and Ding, Yuandong and Pan, Xuanhao and He, Kun and Zhao, Li and Qin, Tao and Song, Lei and Bian, Jiang},
  booktitle={AAAI Conference on Artificial Intelligence (AAAI)},
  year={2023}
}

@inproceedings{shen2023towards,
  title={Towards understanding and improving {GFlowNet} training},
  author={Shen, Max W and Bengio, Emmanuel and Hajiramezanali, Ehsan and Loukas, Andreas and Cho, Kyunghyun and Biancalani, Tommaso},
  booktitle={International Conference on Machine Learning (ICML)},
  year={2023}
}

@inproceedings{pmlr-v206-cheng23a,
  title = 	 {Select and Optimize: Learning to solve large-scale TSP instances},
  author =       {Cheng, Hanni and Zheng, Haosi and Cong, Ya and Jiang, Weihao and Pu, Shiliang},
  booktitle = 	 {International Conference on Artificial Intelligence and Statistics (AISTATS)},
  year = 	 {2023}
  
}

@inproceedings{richter2020vargrad,
 author = {Richter, Lorenz and Boustati, Ayman and N\"{u}sken, Nikolas and Ruiz, Francisco and Akyildiz, Omer Deniz},
 booktitle = {Advances in Neural Information Processing Systems (NeurIPS)},
 title = {VarGrad: A Low-Variance Gradient Estimator for Variational Inference},
 year = {2020}
}


@inproceedings{kool2022deep,
  title={Deep policy dynamic programming for vehicle routing problems},
  author={Kool, Wouter and van Hoof, Herke and Gromicho, Joaquim and Welling, Max},
  booktitle={International Conference on Integration of Constraint Programming, Artificial Intelligence, and Operations Research (CPAIOR)},
  year={2022}
}

@InProceedings{pmlr-v202-sun23c,
  title = 	 {Revisiting Sampling for Combinatorial Optimization},
  author =       {Sun, Haoran and Goshvadi, Katayoon and Nova, Azade and Schuurmans, Dale and Dai, Hanjun},
  booktitle = 	 {International Conference on Machine Learning (ICML)},
  year = 	 {2023}
}


@inproceedings{sun2023difusco,
 author = {Sun, Zhiqing and Yang, Yiming},
 booktitle = {Advances in Neural Information Processing Systems (NeurIPS)},
 title = {{DIFUSCO}: Graph-based Diffusion Solvers for Combinatorial Optimization},
 year = {2023}
}



@inproceedings{joshi2021learning,
  title={Learning {TSP} Requires Rethinking Generalization},
  author={Joshi, Chaitanya K and Cappart, Quentin and Rousseau, Louis-Martin and Laurent, Thomas},
  booktitle={International Conference on Principles and Practice of Constraint Programming (CP)},
  year={2021}
}

@inproceedings{qiu2022dimes,
 author = {Qiu, Ruizhong and Sun, Zhiqing and Yang, Yiming},
 booktitle = {Advances in Neural Information Processing Systems (NeurIPS)},
 title = {{DIMES}: A Differentiable Meta Solver for Combinatorial Optimization Problems},
 year = {2022}
}


@inproceedings{fu2021generalize,
  title={Generalize a small pre-trained model to arbitrarily large TSP instances},
  author={Fu, Zhang-Hua and Qiu, Kai-Bin and Zha, Hongyuan},
  booktitle={AAAI Conference on Artificial Intelligence (AAAI)},
  year={2021}
}

@inproceedings{kim2023devformer,
  title={{Devformer}: A symmetric transformer for context-aware device placement},
  author={Kim, Haeyeon and Kim, Minsu and Berto, Federico and Kim, Joungho and Park, Jinkyoo},
  booktitle={International Conference on Machine Learning (ICML)},
  year={2023}
}

@inproceedings{ye2024glop,
  title={{GLOP}: Learning Global Partition and Local Construction for Solving Large-scale Routing Problems in Real-time},
  author={Ye, Haoran and Wang, Jiarui and Liang, Helan and Cao, Zhiguang and Li, Yong and Li, Fanzhang},
  booktitle={AAAI Conference on Artificial Intelligence (AAAI)},
  year={2024}
}

@article{rectorbrooks2023ts,
    title={Thompson sampling for improved exploration in {GFlowNets}},
    author={Jarrid Rector-Brooks and Kanika Madan and Moksh Jain and Maksym Korablyov and Cheng-Hao Liu and Sarath Chandar and Nikolay Malkin and Yoshua Bengio},
    journal={arXiv preprint arXiv:2306.17693},
    year={2023},
}

@inproceedings{kim2023learning,
  title={Learning to Scale Logits for Temperature-Conditional {GFlowNets}},
  author={Kim, Minsu and Ko, Joohwan and Yun, Taeyoung and Zhang, Dinghuai and Pan, Ling and Kim, Woochang and Park, Jinkyoo and Bengio, Emmanuel and Bengio, Yoshua},
  booktitle={International Conference on Machine Learning (ICML)},
  year={2024}
}



@article{jang2023learning,
      title={Learning Energy Decompositions for Partial Inference of {GFlowNets}}, 
      author={Hyosoon Jang and Minsu Kim and Sungsoo Ahn},
      year={2024},
    journal={International Conference on Learning Representations (ICLR)},
}

@inproceedings{madan2022learning,
title={Learning {GFlowNets} from partial episodes for improved convergence and stability},
author={Kanika Madan and Jarrid Rector-Brooks and Maksym Korablyov and Emmanuel Bengio and Moksh Jain and Andrei Nica and Tom Bosc and Yoshua Bengio and Nikolay Malkin},
booktitle={International Conference on Machine Learning (ICML)},
year = 	 {2023}
}

@article{karalias2020erdos,
  title={Erdos goes neural: an unsupervised learning framework for combinatorial optimization on graphs},
  author={Karalias, Nikolaos and Loukas, Andreas},
  journal={Advances in Neural Information Processing Systems (NeurIPS)},
  year={2020}
}

@article{Zhang2023DistributionalGW,
  title={Distributional {GFlowNets} with Quantile Flows},
  author={Dinghuai Zhang and L. Pan and Ricky T. Q. Chen and Aaron C. Courville and Yoshua Bengio},
  journal={Transactions on Machine Learning Research},
  year={2024},
}




@article{ahn2020guiding,
  title={Guiding deep molecular optimization with genetic exploration},
  author={Ahn, Sungsoo and Kim, Junsu and Lee, Hankook and Shin, Jinwoo},
  journal={Advances in neural information processing systems (NeurIPS)},
  year={2020}
}


@article{xin2021neurolkh,
  title={{NeuroLKH}: Combining deep learning model with {Lin-Kernighan-Helsgaun} heuristic for solving the traveling salesman problem},
  author={Xin, Liang and Song, Wen and Cao, Zhiguang and Zhang, Jie},
  journal={Advances in Neural Information Processing Systems (NeurIPS)},
  year={2021}
}

@inproceedings{ma2021learning,
 author = {Ma, Yining and Li, Jingwen and Cao, Zhiguang and Song, Wen and Zhang, Le and Chen, Zhenghua and Tang, Jing},
 booktitle = {Advances in Neural Information Processing Systems (NeurIPS)},
 title = {Learning to Iteratively Solve Routing Problems with Dual-Aspect Collaborative {Transformer}},
 year = {2021}
}


@inproceedings{jiang2022learning,
  title={Learning to solve routing problems via distributionally robust optimization},
  author={Jiang, Yuan and Wu, Yaoxin and Cao, Zhiguang and Zhang, Jie},
  booktitle={AAAI Conference on Artificial Intelligence (AAAI)},
  year={2022}
}


@inproceedings{ma2022efficient,
  title={Efficient neural neighborhood search for pickup and delivery problems.},
  author={Ma, Yining and Li, Jingwen and Cao, Zhiguang and Song, Wen and Guo, Hongliang and Gong, Yuejiao and Chee, Meng Chee},
  booktitle={International Joint Conference on Artificial Intelligence (IJCAI)},
  year={2022}
}

@article{bi2022learning,
  title={Learning generalizable models for vehicle routing problems via knowledge distillation},
  author={Bi, Jieyi and Ma, Yining and Wang, Jiahai and Cao, Zhiguang and Chen, Jinbiao and Sun, Yuan and Chee, Yeow Meng},
  journal={Advances in Neural Information Processing Systems (NeurIPS)},
  year={2022}
}

@article{zhou2023towards,
  title={Towards Omni-generalizable Neural Methods for Vehicle Routing Problems},
  author={Zhou, Jianan and Wu, Yaoxin and Song, Wen and Cao, Zhiguang and Zhang, Jie},
  journal={arXiv preprint arXiv:2305.19587},
  year={2023}
}

@inproceedings{jiang2023ensemble,
  title={Ensemble-based Deep Reinforcement Learning for Vehicle Routing Problems under Distribution Shift},
  author={Jiang, Yuan and Cao, Zhiguang and Wu, Yaoxin and Song, Wen and Zhang, Jie},
  booktitle={Advances in Neural Information Processing Systems (NeurIPS)},
  year={2023}
}

@inproceedings{ma2023learning,
 author = {Ma, Yining and Cao, Zhiguang and Chee, Yeow Meng},
 booktitle = {Advances in Neural Information Processing Systems (NeurIPS)},
 title = {Learning to Search Feasible and Infeasible Regions of Routing Problems with Flexible Neural k-Opt},
 year = {2023}
}


@inproceedings{wu2023collaborative,
  title={Collaborative Deep Reinforcement Learning for Solving Multi-Objective Vehicle Routing Problems},
  author={Wu, Yaoxin and Fan, Mingfeng and Cao, Zhiguang and Gao, Ruobin and Hou, Yaqing and Sartoretti, Guillaume},
  booktitle={International Conference on Autonomous Agents and Multi-Agent Systems (AAMAS)},
  year={2023}
}


@inproceedings{d2020learning,
  title={Learning 2-opt heuristics for the traveling salesman problem via deep reinforcement learning},
  author={d O Costa, Paulo R and Rhuggenaath, Jason and Zhang, Yingqian and Akcay, Alp},
  booktitle={Asian Conference on Machine Learning (ACML)},
  year={2020}
}


@inproceedings{NLNS,
  title={Neural Large Neighborhood Search for the Capacitated Vehicle Routing Problem},
  author={Hottung, Andr{\'e} and Tierney, Kevin},
  booktitle={European Conference on Artificial Intelligence (ECAI)},
  year={2020}
}



@article{Croes58,
  added-at = {2008-08-12T13:46:30.000+0200},
  author = {Croes, A.},
  biburl = {https://www.bibsonomy.org/bibtex/2ba6ebabb44a999c285348b9e9ebd89ba/apo},
  interhash = {9d73f125dd4309fa85191cdb925a885f},
  intrahash = {ba6ebabb44a999c285348b9e9ebd89ba},
  journal = {Operations Research},
  keywords = {da2 tsp vrp},
  pages = {791-812},
  timestamp = {2008-08-12T13:46:31.000+0200},
  title = {A method for solving traveling salesman problems},
  volume = 5,
  year = 1958
}

@inproceedings{barrett2020exploratory,
  title={Exploratory combinatorial optimization with reinforcement learning},
  author={Barrett, Thomas and Clements, William and Foerster, Jakob and Lvovsky, Alex},
  booktitle={AAAI Conference on Artificial Intelligence (AAAI)},
  year={2020}
}

@article{barrett2022learning,
  title={Learning to Solve Combinatorial Graph Partitioning Problems via Efficient Exploration},
  author={Barrett, Thomas D and Parsonson, Christopher WF and Laterre, Alexandre},
  journal={arXiv preprint arXiv:2205.14105},
  year={2022}
}

@inproceedings{zhang2020learning,
 author = {Zhang, Cong and Song, Wen and Cao, Zhiguang and Zhang, Jie and Tan, Puay Siew and Chi, Xu},
 booktitle = {Advances in Neural Information Processing Systems (NeurIPS)},
 title = {Learning to Dispatch for Job Shop Scheduling via Deep Reinforcement Learning},
 year = {2020}
}


@article{li2018combinatorial,
  title={Combinatorial optimization with graph convolutional networks and guided tree search},
  author={Li, Zhuwen and Chen, Qifeng and Koltun, Vladlen},
  journal={Advances in neural information processing systems (NeurIPS)},
  year={2018}
}

@software{ortools,
  title = {OR-Tools},
  version = {7.2},
  author = {Laurent Perron and Vincent Furnon},
  year = {2019},
  organization = {Google},
  url = {https://developers.google.com/optimization/},
  date = {2019-7-19}
}

@inproceedings{Nazari,
 author = {Nazari, MohammadReza and Oroojlooy, Afshin and Snyder, Lawrence and Takac, Martin},
 booktitle = {Advances in Neural Information Processing Systems (NeurIPS)},
 title = {Reinforcement Learning for Solving the Vehicle Routing Problem},
 year = {2018}
}


@inproceedings{adam,
  author    = {Diederik P. Kingma and
               Jimmy Ba},
  title     = {Adam: {A} Method for Stochastic Optimization},
  booktitle = {International Conference on Learning Representations (ICLR)},
  year      = {2015}
}

@article{papadimitriou1977euclidean,
  title={The Euclidean travelling salesman problem is NP-complete},
  author={Papadimitriou, Christos H},
  journal={Theoretical computer science},
  volume={4},
  number={3},
  pages={237--244},
  year={1977},
  publisher={Elsevier}
}

@article{lkh2017,
author = {Helsgaun, Keld},
year = {2017},
month = {12},
pages = {966--980},
title = {An Extension of the {Lin-Kernighan-Helsgaun TSP} Solver for Constrained Traveling Salesman and Vehicle Routing Problems},
doi = {10.13140/RG.2.2.25569.40807},
journal= {Roskilde: Roskilde University}
}

@article{lecun2015deep,
  title={Deep learning},
  author={LeCun, Yann and Bengio, Yoshua and Hinton, Geoffrey},
  journal={nature},
  volume={521},
  number={7553},
  pages={436--444},
  year={2015},
  publisher={Nature Publishing Group UK London}
}



@misc{concorde,
  title={Concorde {TSP} solver},
  author={Applegate, David and Bixby, Robert and Chvatal, Vasek and Cook, William},
  year={2006},
  url={https://www.math.uwaterloo.ca/tsp/concorde/}
}


@article{Wouda_Lan_Kool_PyVRP_2024,
  doi = {10.1287/ijoc.2023.0055},
  url = {https://doi.org/10.1287/ijoc.2023.0055},
  year = {2024},
  publisher = {INFORMS},
  author = {Niels A. Wouda and Leon Lan and Wouter Kool},
  title = {{PyVRP}: a high-performance {VRP} solver package},
  journal = {INFORMS Journal on Computing},
}

@inproceedings{transformer,
 author = {Vaswani, Ashish and Shazeer, Noam and Parmar, Niki and Uszkoreit, Jakob and Jones, Llion and Gomez, Aidan N and Kaiser, \L ukasz and Polosukhin, Illia},
 booktitle = {Advances in Neural Information Processing Systems (NIPS)},
 title = {Attention is All you Need},
 year = {2017}
}




@ARTICLE{ant-sys,
  author={Dorigo, M. and Maniezzo, V. and Colorni, A.},
  journal={IEEE Transactions on Systems, Man, and Cybernetics, Part B (Cybernetics)}, 
  title={Ant system: optimization by a colony of cooperating agents}, 
  year={1996},
  volume={26},
  number={1},
  pages={29-41},
  doi={10.1109/3477.484436}}

@article{max-min-ant,
title = {{MAX–MIN} Ant System},
journal = {Future Generation Computer Systems},
volume = {16},
number = {8},
pages = {889-914},
year = {2000},
issn = {0167-739X},
doi = {https://doi.org/10.1016/S0167-739X(00)00043-1},
url = {https://www.sciencedirect.com/science/article/pii/S0167739X00000431},
author = {Thomas Stützle and Holger H. Hoos},
keywords = {Ant Colony Optimization, Search space analysis, Traveling Salesman Problem, Quadratic Assignment Problem, Combinatorial optimization},

}

@article{miller1960integer,
  title={Integer programming formulation of traveling salesman problems},
  author={Miller, Clair E and Tucker, Albert W and Zemlin, Richard A},
  journal={Journal of the ACM (JACM)},
  volume={7},
  number={4},
  pages={326--329},
  year={1960},
  publisher={ACM New York, NY, USA}
}


@InProceedings{pmlr-vR0-chickering95a,
  title = 	 {Learning Bayesian Networks: Search Methods and Experimental Results},
  author =       {Chickering, David Maxwell and Geiger, Dan and Heckerman, David},
  booktitle = 	 {Artificial Intelligence and Statistics (AISTATS)},
  year = 	 {1995}
}

@article{zhang2019review,
  title={Review of job shop scheduling research and its new perspectives under Industry 4.0},
  author={Zhang, Jian and Ding, Guofu and Zou, Yisheng and Qin, Shengfeng and Fu, Jianlin},
  journal={Journal of intelligent manufacturing},
  volume={30},
  pages={1809--1830},
  year={2019},
  publisher={Springer}
}

@article{chickering2004large,
  title={Large-sample learning of Bayesian networks is NP-hard},
  author={Chickering, Max and Heckerman, David and Meek, Chris},
  journal={Journal of Machine Learning Research},
  volume={5},
  pages={1287--1330},
  year={2004}
}

@article{naseri2020application,
  title={Application of combinatorial optimization strategies in synthetic biology},
  author={Naseri, Gita and Koffas, Mattheos AG},
  journal={Nature communications},
  volume={11},
  number={1},
  pages={2446},
  year={2020},
  publisher={Nature Publishing Group UK London}
}

@article{ml-aco,
title = {Boosting ant colony optimization via solution prediction and machine learning},
journal = {Computers and Operations Research},
volume = {143},
pages = {105769},
year = {2022},
issn = {0305-0548},
doi = {https://doi.org/10.1016/j.cor.2022.105769},
url = {https://www.sciencedirect.com/science/article/pii/S0305054822000636},
author = {Yuan Sun and Sheng Wang and Yunzhuang Shen and Xiaodong Li and Andreas T. Ernst and Michael Kirley},
keywords = {Meta-heuristic, Machine learning, Combinatorial optimization, Ant colony optimization, Optimal solution prediction},

}

@inproceedings{
berto2023rl4co,
title={{RL}4{CO}: a Unified Reinforcement Learning for Combinatorial Optimization Library},
author={Federico Berto and Chuanbo Hua and Junyoung Park and Minsu Kim and Hyeonah Kim and Jiwoo Son and Haeyeon Kim and Joungho Kim and Jinkyoo Park},
booktitle={NeurIPS 2023 Workshop: New Frontiers in Graph Learning},
year={2023},
}


@article{grinsztajn2022poppy,
  author    = {Grinsztajn, Nathan and Furelos-Blanco, Daniel and Barrett, Thomas D.},
  title     = {Winner Takes It All: Training Performant RL Populations for Combinatorial Optimization
},
  journal   = {Advances in Neural Information Processing Systems (NeurIPS)},
  year      = {2023}
}

@inproceedings{cheng2023select,
  title={Select and Optimize: Learning to aolve large-scale TSP instances},
  author={Cheng, Hanni and Zheng, Haosi and Cong, Ya and Jiang, Weihao and Pu, Shiliang},
  booktitle={International Conference on Artificial Intelligence and Statistics (AISTATS)},
  year={2023}
}

@Article{Rein91,
  author      = {Gerhard Reinelt},
  journal     = {ORSA Journal on Computing},
  title       = {{TSPLIB}--A Traveling Salesman Problem Library},
  year        = {1991},
  number      = {4},
  pages       = {376--384},
  volume      = {3},
  optabstract = {This paper contains the description of a traveling salesman problem library (TSPLIB) which is meant to provide researchers with a broad set of test problems from various sources and with various properties. For every problem a short description is given along with known lower and upper bounds. Several references to computational tests on some of the problems are given. INFORMS Journal on Computing, ISSN 1091-9856, was published as ORSA Journal on Computing from 1989 to 1995 under ISSN 0899-1499.},
  optdoi      = {10.1287/ijoc.3.4.376},
  opteprint   = {https://doi.org/10.1287/ijoc.3.4.376},
  opturl      = {https://doi.org/10.1287/ijoc.3.4.376},
}

@article{vidal2022hybrid,
  title={Hybrid genetic search for the CVRP: Open-source implementation and SWAP* neighborhood},
  author={Vidal, Thibaut},
  journal={Computers \& Operations Research},
  volume={140},
  pages={105643},
  year={2022},
  publisher={Elsevier}
}

@inproceedings{velivckovic2018graph,
  title={Graph Attention Networks},
  author={Veli{\v{c}}kovi{\'c}, Petar and Cucurull, Guillem and Casanova, Arantxa and Romero, Adriana and Li{\`o}, Pietro and Bengio, Yoshua},
  booktitle={International Conference on Learning Representations (ICLR)},
  year={2018}
}

@article{kipf2016semi,
  title={Semi-supervised classification with graph convolutional networks},
  author={Kipf, Thomas N and Welling, Max},
  journal={International Conference on Learning Representations (ICLR)},
  year={2017}
}

@inproceedings{ioffe2015batch,
  title={Batch normalization: Accelerating deep network training by reducing internal covariate shift},
  author={Ioffe, Sergey and Szegedy, Christian},
  booktitle={International Conference on Machine Learning (ICML)},
  year={2015}
}

@article{elfwing2018sigmoid,
  title={Sigmoid-weighted linear units for neural network function approximation in reinforcement learning},
  author={Elfwing, Stefan and Uchibe, Eiji and Doya, Kenji},
  journal={Neural Networks},
  volume={107},
  pages={3--11},
  year={2018},
  publisher={Elsevier}
}

@article{loshchilov2017decoupled,
  title={Decoupled weight decay regularization},
  author={Loshchilov, Ilya and Hutter, Frank},
  journal={arXiv preprint arXiv:1711.05101},
  year={2017}
}

@inproceedings{
loshchilov2016sgdr,
title={{SGDR}: Stochastic Gradient Descent with Warm Restarts},
author={Ilya Loshchilov and Frank Hutter},
booktitle={International Conference on Learning Representations (ICLR)},
year={2017},
}

@article{lin1973effective,
  title={An effective heuristic algorithm for the traveling-salesman problem},
  author={Lin, Shen and Kernighan, Brian W},
  journal={Operations research},
  volume={21},
  number={2},
  pages={498--516},
  year={1973},
  publisher={Informs}
}

@inproceedings{mohammadpour2023maximum,
  title={Maximum entropy {GFlowNets} with soft {Q}-learning},
  author={Mohammadpour, Sobhan and Bengio, Emmanuel and Frejinger, Emma and Bacon, Pierre-Luc},
  booktitle={International Conference on Artificial Intelligence and Statistics (AISTATS)},
  year={2024}
}

@article{deleu2024discrete,
  title={Discrete Probabilistic Inference as Control in Multi-path Environments},
  author={Deleu, Tristan and Nouri, Padideh and Malkin, Nikolay and Precup, Doina and Bengio, Yoshua},
  journal={Uncertainty in Artificial Intelligence (UAI)},
  year={2024}
}

@inproceedings{malkin2022gflownets,
  title={{GFlowNets} and variational inference},
  author={Malkin, Nikolay and Lahlou, Salem and Deleu, Tristan and Ji, Xu and Hu, Edward and Everett, Katie and Zhang, Dinghuai and Bengio, Yoshua},
  booktitle={International Conference on Learning Representations (ICLR)},
  year={2023},
}

@article{fischetti1998solving,
  title={Solving the orienteering problem through branch-and-cut},
  author={Fischetti, Matteo and Gonzalez, Juan Jose Salazar and Toth, Paolo},
  journal={INFORMS Journal on Computing},
  volume={10},
  number={2},
  pages={133--148},
  year={1998},
  publisher={INFORMS}
}

@article{minsky1961steps,
  title={Steps toward artificial intelligence},
  author={Minsky, Marvin},
  journal={Proceedings of the IRE},
  volume={49},
  number={1},
  pages={8--30},
  year={1961},
  publisher={IEEE}
}

@inproceedings{zhou2024mvmoe,
title       ={{MVMoE}: Multi-Task Vehicle Routing Solver with Mixture-of-Experts},
author      ={Jianan Zhou and Zhiguang Cao and Yaoxin Wu and Wen Song and Yining Ma and Jie Zhang and Chi Xu},
booktitle   ={International Conference on Machine Learning (ICML)},
year        ={2024}
}

@inproceedings{jiang2023ensemblebased,
 author = {JIANG, YUAN and Cao, Zhiguang and Wu, Yaoxin and Song, Wen and Zhang, Jie},
 booktitle = {Advances in Neural Information Processing Systems (NeurIPS)},
 title = {Ensemble-based Deep Reinforcement Learning for Vehicle Routing Problems under Distribution Shift},
 year = {2023}
}


@inproceedings{chalumeau2023combinatorial,
 author = {Chalumeau, Felix and Surana, Shikha and Bonnet, Cl\'{e}ment and Grinsztajn, Nathan and Pretorius, Arnu and Laterre, Alexandre and Barrett, Tom},
 booktitle = {Advances in Neural Information Processing Systems (NeurIPS)},
 title = {Combinatorial Optimization with Policy Adaptation using Latent Space Search},
 year = {2023}
}


@inproceedings{
li2023from,
title={From Distribution Learning in Training to Gradient Search in Testing for Combinatorial Optimization},
author={Yang Li and Jinpei Guo and Runzhong Wang and Junchi Yan},
booktitle={Advances in Neural Information Processing Systems (NeurIPS)},
year={2023}
}

@article{pisinger2019large,
  title={Large neighborhood search},
  author={Pisinger, David and Ropke, Stefan},
  journal={Handbook of metaheuristics},
  pages={99--127},
  year={2019},
  publisher={Springer}
}

@INPROCEEDINGS{falkenauer1992bpp,
  author={Falkenauer, E. and Delchambre, A.},
  booktitle={IEEE International Conference on Robotics and Automation}, 
  title={A genetic algorithm for bin packing and line balancing}, 
  year={1992},
  volume={2},
  number={},
  pages={1186-1192},
  keywords={Genetic algorithms;Cost function;Workstations;Polynomials;EMTP;Electrical capacitance tomography;Production;Assembly;Ear},
  doi={10.1109/ROBOT.1992.220088}
}

@inproceedings{
min2023unsupervised,
 author = {Min, Yimeng and Bai, Yiwei and Gomes, Carla P},
 booktitle = {Advances in Neural Information Processing Systems (NeurIPS)},
 title = {Unsupervised Learning for Solving the Travelling Salesman Problem},
 year = {2023}
}

@article{reinelt1991tsplib,
  title={{TSPLIB—A} traveling salesman problem library},
  author={Reinelt, Gerhard},
  journal={ORSA journal on computing},
  volume={3},
  number={4},
  pages={376--384},
  year={1991},
  publisher={INFORMS}
}

@article{uchoa2017new,
  title={New benchmark instances for the capacitated vehicle routing problem},
  author={Uchoa, Eduardo and Pecin, Diego and Pessoa, Artur and Poggi, Marcus and Vidal, Thibaut and Subramanian, Anand},
  journal={European Journal of Operational Research},
  volume={257},
  number={3},
  pages={845--858},
  year={2017},
  publisher={Elsevier}
}


@article{christofides1976worst,
  title={Worst-case analysis of a new heuristic for the traveling salesman problem},
  author={Christofides, Nicos},
  journal={Report 388, Graduate School of Industrial Administration, Carnegie Mellon University},
  year={1976}
}

@article{dorigo2005ant,
  title={Ant colony optimization theory: A survey},
  author={Dorigo, Marco and Blum, Christian},
  journal={Theoretical computer science},
  volume={344},
  number={2-3},
  pages={243--278},
  year={2005},
  publisher={Elsevier}
}

@article{dorigo1997ant,
  title={Ant colony system: a cooperative learning approach to the traveling salesman problem},
  author={Dorigo, Marco and Gambardella, Luca Maria},
  journal={IEEE Transactions on evolutionary computation},
  volume={1},
  number={1},
  pages={53--66},
  year={1997},
  publisher={IEEE}
}

@article{nagata2013eax,
  title={A powerful genetic algorithm using edge assembly crossover for the traveling salesman problem},
  author={Nagata, Yuichi and Kobayashi, Shigenobu},
  journal={INFORMS Journal on Computing},
  volume={25},
  number={2},
  pages={346--363},
  year={2013},
  publisher={INFORMS}
}

@article{vidal2012hybrid,
	author = {Vidal, Thibaut and Crainic, Teodor Gabriel and Gendreau, Michel and Lahrichi, Nadia and Rei, Walter},
	journal = {Operations Research},
	number = {3},
	pages = {611--624},
	publisher = {INFORMS},
	title = {A hybrid genetic algorithm for multidepot and periodic vehicle routing problems},
	volume = {60},
	year = {2012}}


@article{kim2024ant,
  title={Ant Colony Sampling with {GFlowNets} for Combinatorial Optimization},
  author={Kim, Minsu and Choi, Sanghyeok and Son, Jiwoo and Kim, Hyeonah and Park, Jinkyoo and Bengio, Yoshua},
  journal={International Conference on Artificial Intelligence and Statistics (AISTATS)},
  year={2025}
}

@article{weininger1988smiles,
  title={{SMILES}, a chemical language and information system. 1. Introduction to methodology and encoding rules},
  author={Weininger, David},
  journal={Journal of chemical information and computer sciences},
  volume={28},
  number={1},
  pages={31--36},
  year={1988},
  publisher={ACS Publications}
}

@article{olivecrona2017molecular,
  title={Molecular de-novo design through deep reinforcement learning},
  author={Olivecrona, Marcus and Blaschke, Thomas and Engkvist, Ola and Chen, Hongming},
  journal={Journal of Cheminformatics},
  volume={9},
  number={1},
  pages={1--14},
  year={2017},
  publisher={BioMed Central}
}




@book{holland1992ga,
  title={Adaptation in natural and artificial systems: an introductory analysis with applications to biology, control, and artificial intelligence},
  author={Holland, John H},
  year={1992},
  publisher={MIT press}
}

@article{goldberg1989genetic,
  title={Genetic algorithms in search, optimization and machine learning},
  author={Goldberg, David E},
  journal={Addison-Wesley google schola},
  volume={2},
  pages={17--26},
  year={1989}
}

@article{storn1997differential,
  title={Differential evolution--a simple and efficient heuristic for global optimization over continuous spaces},
  author={Storn, Rainer and Price, Kenneth},
  journal={Journal of global optimization},
  volume={11},
  pages={341--359},
  year={1997},
  publisher={Springer}
}


@article{OMARA2010ga,
title = {Genetic algorithms for task scheduling problem},
journal = {Journal of Parallel and Distributed Computing},
volume = {70},
number = {1},
pages = {13-22},
year = {2010},
issn = {0743-7315},
doi = {https://doi.org/10.1016/j.jpdc.2009.09.009},
url = {https://www.sciencedirect.com/science/article/pii/S0743731509001804},
author = {Fatma A. Omara and Mona M. Arafa},
keywords = {Evolutionary computing, Genetic algorithms, Scheduling, Task partitioning, Graph algorithms, Parallel processing},
}

@article{willett1995genetic,
  title={Genetic algorithms in molecular recognition and design},
  author={Willett, Peter},
  journal={Trends in Biotechnology},
  volume={13},
  number={12},
  pages={516--521},
  year={1995},
  publisher={Elsevier}
}

@article{jensen2019graph,
  title={A graph-based genetic algorithm and generative model/{Monte Carlo} tree search for the exploration of chemical space},
  author={Jensen, Jan H},
  journal={Chemical Science},
  volume={10},
  number={12},
  pages={3567--3572},
  year={2019},
  publisher={Royal Society of Chemistry}
}

@article{brown2019guacamol,
  title={{GuacaMol}: benchmarking models for de novo molecular design},
  author={Brown, Nathan and Fiscato, Marco and Segler, Marwin HS and Vaucher, Alain C},
  journal={Journal of Chemical Information and Modeling},
  volume={59},
  number={3},
  pages={1096--1108},
  year={2019},
  publisher={ACS Publications}
}


@article{nigam2021stoned,
  title={Beyond generative models: superfast traversal, optimization, novelty, exploration and discovery {(STONED)} algorithm for molecules using {SELFIES}},
  author={Nigam, AkshatKumar and Pollice, Robert and Krenn, Mario and dos Passos Gomes, Gabriel and Aspuru-Guzik, Alan},
  journal={Chemical Science},
  volume={12},
  number={20},
  pages={7079--7090},
  year={2021},
  publisher={Royal Society of Chemistry}
}

@inproceedings{gao2022synnet,
title={Amortized Tree Generation for Bottom-up Synthesis Planning and Synthesizable Molecular Design},
author={Wenhao Gao and Roc{\'\i}o Mercado and Connor W. Coley},
booktitle={International Conference on Learning Representations},
year={2022},
}

@article{gao2022sample,
  title={Sample efficiency matters: a benchmark for practical molecular optimization},
  author={Gao, Wenhao and Fu, Tianfan and Sun, Jimeng and Coley, Connor},
  journal={Advances in Neural Information Processing Systems},
  volume={35},
  pages={21342--21357},
  year={2022}
}


@article{krenn2020selfies,
  title={Self-referencing embedded strings ({SELFIES}): A 100\% robust molecular string representation},
  author={Krenn, Mario and H{\"a}se, Florian and Nigam, AkshatKumar and Friederich, Pascal and Aspuru-Guzik, Alan},
  journal={Machine Learning: Science and Technology},
  volume={1},
  number={4},
  pages={045024},
  year={2020},
  publisher={IOP Publishing}
}

@article{morris1998lamarckian,
  title={Automated docking using a Lamarckian genetic algorithm and an empirical binding free energy function},
  author={Morris, Garrett M and Goodsell, David S and Halliday, Robert S and Huey, Ruth and Hart, William E and Belew, Richard K and Olson, Arthur J},
  journal={Journal of computational chemistry},
  volume={19},
  number={14},
  pages={1639--1662},
  year={1998},
  publisher={Wiley Online Library}
}

@article{kerstjens2022leadd,
  title={{LEADD}: Lamarckian evolutionary algorithm for de novo drug design},
  author={Kerstjens, Alan and De Winter, Hans},
  journal={Journal of Cheminformatics},
  volume={14},
  number={1},
  pages={3},
  year={2022},
  publisher={Springer}
}

@article{GONCALVES200577,
title = {A hybrid genetic algorithm for the job shop scheduling problem},
journal = {European Journal of Operational Research},
volume = {167},
number = {1},
pages = {77-95},
year = {2005},
issn = {0377-2217},
doi = {https://doi.org/10.1016/j.ejor.2004.03.012},
url = {https://www.sciencedirect.com/science/article/pii/S0377221704002656},
author = {José Fernando Gonçalves and Jorge José {de Magalhães Mendes} and Maurı́cio G.C. Resende},
}

@article{MURATA19961061,
title = {Genetic algorithms for flowshop scheduling problems},
journal = {Computers \& Industrial Engineering},
volume = {30},
number = {4},
pages = {1061-1071},
year = {1996},
issn = {0360-8352},
doi = {https://doi.org/10.1016/0360-8352(96)00053-8},
url = {https://www.sciencedirect.com/science/article/pii/0360835296000538},
author = {Tadahiko Murata and Hisao Ishibuchi and Hideo Tanaka},
}

@article{lamini2018genetic,
  title={Genetic algorithm based approach for autonomous mobile robot path planning},
  author={Lamini, Chaymaa and Benhlima, Said and Elbekri, Ali},
  journal={Procedia Computer Science},
  volume={127},
  pages={180--189},
  year={2018},
  publisher={Elsevier}
}

@book{davidor1991genetic,
  title={Genetic Algorithms and Robotics: A heuristic strategy for optimization},
  author={Davidor, Yuval},
  volume={1},
  year={1991},
  publisher={World Scientific Publishing Company}
}

@article{ismail2008mobile,
  title={A mobile robot path planning using genetic algorithm in static environment},
  author={Ismail, AT and Sheta, Alaa and Al-Weshah, Mohammed},
  journal={Journal of Computer Science},
  volume={4},
  number={4},
  pages={341--344},
  year={2008}
}


@inproceedings{juang2021modified,
  title={A modified genetic algorithm for the selection of decoupling capacitors in pdn design},
  author={Juang, Jack and Zhang, Ling and Kiguradze, Zurab and Pu, Bo and Jin, Shuai and Hwang, Chulsoon},
  booktitle={2021 IEEE International Joint EMC/SI/PI and EMC Europe Symposium},
  pages={712--717},
  year={2021},
  organization={IEEE}
}

@article{erdin2019multi,
  title={Multi-objective optimization of decoupling capacitors for placement and component value},
  author={Erdin, Ihsan and Achar, Ramachandra},
  journal={IEEE Transactions on Components, Packaging and Manufacturing Technology},
  volume={9},
  number={10},
  pages={1976--1983},
  year={2019},
  publisher={IEEE}
}

@inproceedings{de2020genetic,
  title={Genetic algorithm {PDN} optimization based on minimum number of decoupling capacitors applied to arbitrary target impedance},
  author={de Paulis, Francesco and Cecchetti, Riccardo and Olivieri, Carlo and Buecker, Markus},
  booktitle={2020 IEEE International Symposium on Electromagnetic Compatibility \& Signal/Power Integrity (EMCSI)},
  pages={428--433},
  year={2020},
  organization={IEEE}
}

@article{compass,
title = {An efficient evolutionary algorithm for the orienteering problem},
journal = {Computers \& Operations Research},
volume = {90},
pages = {42-59},
year = {2018},
issn = {0305-0548},
doi = {https://doi.org/10.1016/j.cor.2017.09.003},
url = {https://www.sciencedirect.com/science/article/pii/S0305054817302241},
author = {Gorka Kobeaga and María Merino and Jose A. Lozano},
keywords = {Orienteering problem, Travelling salesperson problem, Evolutionary algorithm, Combinatorial optimization},
}

@article{tripp2020rank,
  title={Sample-efficient optimization in the latent space of deep generative models via weighted retraining},
  author={Tripp, Austin and Daxberger, Erik and Hern{\'a}ndez-Lobato, Jos{\'e} Miguel},
  journal={Advances in Neural Information Processing Systems (NeurIPS)},
  year={2020}
}


@inproceedings{kim2024bootgen,
 author = {Kim, Minsu and Berto, Federico and Ahn, Sungsoo and Park, Jinkyoo},
 booktitle = {Advances in Neural Information Processing Systems},
 pages = {67643--67661},
 title = {Bootstrapped Training of Score-Conditioned Generator for Offline Design of Biological Sequences},
 url = {https://proceedings.neurips.cc/paper_files/paper/2023/file/d601a9b708cacfad167f6c6c45647a18-Paper-Conference.pdf},
 volume = {36},
 year = {2023}
}


@inproceedings{kim2024genetic,
  title={Genetic-guided {GFlowNets} for sample efficient molecular optimization},
  author={Kim, Hyeonah and Kim, Minsu and Choi, Sanghyeok and Park, Jinkyoo},
  booktitle={Advances in Neural Information Processing Systems (NeurIPS)},
  year={2024}
}

@article{mahmoudinazlou2024hybrid,
  title={A hybrid genetic algorithm for the min--max Multiple Traveling Salesman Problem},
  author={Mahmoudinazlou, Sasan and Kwon, Changhyun},
  journal={Computers \& Operations Research},
  volume={162},
  pages={106455},
  year={2024},
  publisher={Elsevier}
}



@article{snell2024scaling,
  title={Scaling llm test-time compute optimally can be more effective than scaling model parameters},
  author={Snell, Charlie and Lee, Jaehoon and Xu, Kelvin and Kumar, Aviral},
  journal={arXiv preprint arXiv:2408.03314},
  year={2024}
}

@inproceedings{yao2023tree-of-thoughts,
 author = {Yao, Shunyu and Yu, Dian and Zhao, Jeffrey and Shafran, Izhak and Griffiths, Tom and Cao, Yuan and Narasimhan, Karthik},
 booktitle = {Advances in Neural Information Processing Systems},
 pages = {11809--11822},
 title = {Tree of Thoughts: Deliberate Problem Solving with Large Language Models},
 volume = {36},
 year = {2023}
}

@inproceedings{madaan2023self-refine,
 author = {Madaan, Aman and Tandon, Niket and Gupta, Prakhar and Hallinan, Skyler and Gao, Luyu and Wiegreffe, Sarah and Alon, Uri and Dziri, Nouha and Prabhumoye, Shrimai and Yang, Yiming and Gupta, Shashank and Majumder, Bodhisattwa Prasad and Hermann, Katherine and Welleck, Sean and Yazdanbakhsh, Amir and Clark, Peter},
 booktitle = {Advances in Neural Information Processing Systems},
 pages = {46534--46594},
 title = {Self-Refine: Iterative Refinement with Self-Feedback},
 volume = {36},
 year = {2023}
}

@article{bai2022constitutional,
  title={Constitutional {AI}: Harmlessness from {AI} feedback},
  author={Bai, Yuntao and Kadavath, Saurav and Kundu, Sandipan and Askell, Amanda and Kernion, Jackson and Jones, Andy and Chen, Anna and Goldie, Anna and Mirhoseini, Azalia and McKinnon, Cameron and others},
  journal={arXiv preprint arXiv:2212.08073},
  year={2022}
}

@article{william2022self-critiquing,
  publtype={informal},
  author={William Saunders and Catherine Yeh and Jeff Wu and Steven Bills and Long Ouyang and Jonathan Ward and Jan Leike},
  title={Self-critiquing models for assisting human evaluators},
  year={2022},
  cdate={1640995200000},
  journal={CoRR},
  volume={abs/2206.05802},
  url={https://doi.org/10.48550/arXiv.2206.05802}
}

@inproceedings{liu2024autodan,
title={Auto{DAN}: Generating Stealthy Jailbreak Prompts on Aligned Large Language Models},
author={Xiaogeng Liu and Nan Xu and Muhao Chen and Chaowei Xiao},
booktitle={The Twelfth International Conference on Learning Representations},
year={2024},
url={https://openreview.net/forum?id=7Jwpw4qKkb}
}



@inproceedings{guo2024evoprompt,
title={Connecting Large Language Models with Evolutionary Algorithms Yields Powerful Prompt Optimizers},
author={Qingyan Guo and Rui Wang and Junliang Guo and Bei Li and Kaitao Song and Xu Tan and Guoqing Liu and Jiang Bian and Yujiu Yang},
booktitle={The Twelfth International Conference on Learning Representations},
year={2024},
}

@article{wang2024molleo,
  title={Efficient evolutionary search over chemical space with large language models},
  author={Wang, Haorui and Skreta, Marta and Ser, Cher-Tian and Gao, Wenhao and Kong, Lingkai and Strieth-Kalthoff, Felix and Duan, Chenru and Zhuang, Yuchen and Yu, Yue and Zhu, Yanqiao and others},
  journal={arXiv preprint arXiv:2406.16976},
  year={2024}
}


@inproceedings{fu2022reinforced_ga,
 author = {Fu, Tianfan and Gao, Wenhao and Coley, Connor and Sun, Jimeng},
 booktitle = {Advances in Neural Information Processing Systems},
 pages = {12325--12338},
 title = {Reinforced Genetic Algorithm for Structure-based Drug Design},
 volume = {35},
 year = {2022}
}

@article{gao2024synformer,
  title={Generative artificial intelligence for navigating synthesizable chemical space},
  author={Gao, Wenhao and Luo, Shitong and Coley, Connor W},
  journal={arXiv preprint arXiv:2410.03494},
  year={2024}
}


@article{nigam2022janus,
  title={Parallel tempered genetic algorithm guided by deep neural networks for inverse molecular design},
  author={Nigam, AkshatKumar and Pollice, Robert and Aspuru-Guzik, Al{\'a}n},
  journal={Digital Discovery},
  volume={1},
  number={4},
  pages={390--404},
  year={2022},
  publisher={Royal Society of Chemistry}
}

@inproceedings{ye2024reevo,
    title={Re{E}vo: Large Language Models as Hyper-Heuristics with Reflective Evolution}, 
    author={Ye, Haoran and Wang, Jiarui and Cao, Zhiguang and Berto, Federico and Hua, Chuanbo and Kim, Haeyeon and Park, Jinkyoo and Song, Guojie},
    booktitle={Advances in Neural Information Processing Systems (NeurIPS)},
    year={2024},
}

@inproceedings{lee2024molecule,
    title={Molecule Generation with Fragment Retrieval Augmentation},
    author={Seul Lee and Karsten Kreis and Srimukh Prasad Veccham and Meng Liu and Danny Reidenbach and Saee Gopal Paliwal and Arash Vahdat and Weili Nie},
    booktitle={Advances in Neural Information Processing Systems (NeurIPS)},
    year={2024},
}

@incollection{lehman2023evolution,
  title={Evolution through large models},
  author={Lehman, Joel and Gordon, Jonathan and Jain, Shawn and Ndousse, Kamal and Yeh, Cathy and Stanley, Kenneth O},
  booktitle={Handbook of Evolutionary Machine Learning},
  pages={331--366},
  year={2023},
  publisher={Springer}
}


@article{chen2023evoprompting,
  title={Evo{P}rompting: Language models for code-level neural architecture search},
  author={Chen, Angelica and Dohan, David and So, David},
  journal={Advances in neural information processing systems},
  volume={36},
  pages={7787--7817},
  year={2023}
}

@article{meyerson2024language,
  title={Language model crossover: Variation through few-shot prompting},
  author={Meyerson, Elliot and Nelson, Mark J and Bradley, Herbie and Gaier, Adam and Moradi, Arash and Hoover, Amy K and Lehman, Joel},
  journal={ACM Transactions on Evolutionary Learning},
  volume={4},
  number={4},
  pages={1--40},
  year={2024},
  publisher={ACM New York, NY}
}


@article{brown2024large,
  title={Large language monkeys: Scaling inference compute with repeated sampling},
  author={Brown, Bradley and Juravsky, Jordan and Ehrlich, Ryan and Clark, Ronald and Le, Quoc V and R{\'e}, Christopher and Mirhoseini, Azalia},
  journal={arXiv preprint arXiv:2407.21787},
  year={2024}
}

@article{dong2024survey,
  title={A Survey on {LLM} Inference-Time Self-Improvement},
  author={Dong, Xiangjue and Teleki, Maria and Caverlee, James},
  journal={arXiv preprint arXiv:2412.14352},
  year={2024}
}

@article{drakulic2024bq,
  title={{BQ-NCO}: Bisimulation quotienting for efficient neural combinatorial optimization},
  author={Drakulic, Darko and Michel, Sofia and Mai, Florian and Sors, Arnaud and Andreoli, Jean-Marc},
  journal={Advances in Neural Information Processing Systems (NeurIPS)},
  year={2024}
}

@inproceedings{perez2022red,
  title={Red Teaming Language Models with Language Models},
  author={Perez, Ethan and Huang, Saffron and Song, Francis and Cai, Trevor and Ring, Roman and Aslanides, John and Glaese, Amelia and McAleese, Nat and Irving, Geoffrey},
  booktitle={Proceedings of the 2022 Conference on Empirical Methods in Natural Language Processing},
  pages={3419--3448},
  year={2022}
}

@article{lee2024learning,
  title={Learning diverse attacks on large language models for robust red-teaming and safety tuning},
  author={Lee, Seanie and Kim, Minsu and Cherif, Lynn and Dobre, David and Lee, Juho and Hwang, Sung Ju and Kawaguchi, Kenji and Gidel, Gauthier and Bengio, Yoshua and Malkin, Nikolay and others},
  journal={arXiv preprint arXiv:2405.18540},
  year={2024}
}



@article{dantzig1959truck,
	author = {Dantzig, George B and Ramser, John H},
	date-modified = {2022-09-28 11:04:34 -0400},
	journal = {Management Science},
	number = {1},
	pages = {80--91},
	publisher = {Informs},
	title = {The truck dispatching problem},
	volume = {6},
	year = {1959}}


@article{balas1989prize,
  title={The prize collecting traveling salesman problem},
  author={Balas, Egon},
  journal={Networks},
  volume={19},
  number={6},
  pages={621--636},
  year={1989},
  publisher={Wiley Online Library}
}

@article{golden1987orienteering,
  title={The orienteering problem},
  author={Golden, Bruce L and Levy, Larry and Vohra, Rakesh},
  journal={Naval Research Logistics (NRL)},
  volume={34},
  number={3},
  pages={307--318},
  year={1987},
  publisher={Wiley Online Library}
}

@misc{dubey2024llama3herdmodels,
  title =         {The Llama 3 Herd of Models},
  author =        {Llama Team, AI @ Meta},
  year =          {2024},
  eprint =        {2407.21783},
  archivePrefix = {arXiv},
  primaryClass =  {cs.AI},
  url =           {https://arxiv.org/abs/2407.21783}
}

@article{radford2019language,
  title={Language models are unsupervised multitask learners},
  author={Radford, Alec and Wu, Jeffrey and Child, Rewon and Luan, David and Amodei, Dario and Sutskever, Ilya and others},
  journal={OpenAI blog},
  volume={1},
  number={8},
  pages={9},
  year={2019}
}

@article{team2024gemma,
  title={Gemma 2: Improving open language models at a practical size},
  author={Team, Gemma and Riviere, Morgane and Pathak, Shreya and Sessa, Pier Giuseppe and Hardin, Cassidy and Bhupatiraju, Surya and Hussenot, L{\'e}onard and Mesnard, Thomas and Shahriari, Bobak and Ram{\'e}, Alexandre and others},
  journal={arXiv preprint arXiv:2408.00118},
  year={2024}
}

@article{qwen2,
      title={Qwen2 Technical Report}, 
      author={An Yang and Baosong Yang and Binyuan Hui and Bo Zheng and Bowen Yu and Chang Zhou and Chengpeng Li and Chengyuan Li and Dayiheng Liu and Fei Huang and Guanting Dong and Haoran Wei and Huan Lin and Jialong Tang and Jialin Wang and Jian Yang and Jianhong Tu and Jianwei Zhang and Jianxin Ma and Jin Xu and Jingren Zhou and Jinze Bai and Jinzheng He and Junyang Lin and Kai Dang and Keming Lu and Keqin Chen and Kexin Yang and Mei Li and Mingfeng Xue and Na Ni and Pei Zhang and Peng Wang and Ru Peng and Rui Men and Ruize Gao and Runji Lin and Shijie Wang and Shuai Bai and Sinan Tan and Tianhang Zhu and Tianhao Li and Tianyu Liu and Wenbin Ge and Xiaodong Deng and Xiaohuan Zhou and Xingzhang Ren and Xinyu Zhang and Xipin Wei and Xuancheng Ren and Yang Fan and Yang Yao and Yichang Zhang and Yu Wan and Yunfei Chu and Yuqiong Liu and Zeyu Cui and Zhenru Zhang and Zhihao Fan},
      journal={arXiv preprint arXiv:2407.10671},
      year={2024}
}

@article{abdin2024phi,
  title={Phi-4 technical report},
  author={Abdin, Marah and Aneja, Jyoti and Behl, Harkirat and Bubeck, S{\'e}bastien and Eldan, Ronen and Gunasekar, Suriya and Harrison, Michael and Hewett, Russell J and Javaheripi, Mojan and Kauffmann, Piero and others},
  journal={arXiv preprint arXiv:2412.08905},
  year={2024}
}

@inproceedings{
Holtzman2020The,
title={The Curious Case of Neural Text Degeneration},
author={Ari Holtzman and Jan Buys and Li Du and Maxwell Forbes and Yejin Choi},
booktitle={International Conference on Learning Representations},
year={2020},
url={https://openreview.net/forum?id=rygGQyrFvH}
}

@inproceedings{wang2021minilmv2,
  title={MiniLMv2: Multi-Head Self-Attention Relation Distillation for Compressing Pretrained Transformers},
  author={Wang, Wenhui and Bao, Hangbo and Huang, Shaohan and Dong, Li and Wei, Furu},
  booktitle={Findings of the Association for Computational Linguistics: ACL-IJCNLP 2021},
  pages={2140--2151},
  year={2021}
}

@article{sobhanan2024genetic,
  title={Genetic algorithms with neural cost predictor for solving hierarchical vehicle routing problems},
  author={Sobhanan, Abhay and Park, Junyoung and Park, Jinkyoo and Kwon, Changhyun},
  journal={Transportation Science},
  year={2024},
  publisher={INFORMS}
}

@article{gao2024generative,
  title={Generative artificial intelligence for navigating synthesizable chemical space},
  author={Gao, Wenhao and Luo, Shitong and Coley, Connor W},
  journal={arXiv preprint arXiv:2410.03494},
  year={2024}
}

@article{fu2022reinforced,
  title={Reinforced genetic algorithm for structure-based drug design},
  author={Fu, Tianfan and Gao, Wenhao and Coley, Connor and Sun, Jimeng},
  journal={Advances in Neural Information Processing Systems},
  volume={35},
  pages={12325--12338},
  year={2022}
}