@inproceedings{agarwal2009regression,
  title={Regression-based latent factor models},
  author={Agarwal, Deepak and Chen, Bee-Chung},
  booktitle={Proceedings of the 15th ACM SIGKDD international conference on Knowledge discovery and data mining},
  pages={19--28},
  year={2009}
}

@article{auer2002finite,
  title={Finite-time analysis of the multiarmed bandit problem},
  author={Auer, Peter and Cesa-Bianchi, Nicolo and Fischer, Paul},
  journal={Machine learning},
  volume={47},
  pages={235--256},
  year={2002},
  publisher={Springer}
}

@article{auer2002using,
  title={Using confidence bounds for exploitation-exploration trade-offs},
  author={Auer, Peter},
  journal={Journal of Machine Learning Research},
  volume={3},
  number={Nov},
  pages={397--422},
  year={2002}
}

@article{chapelle2011empirical,
  title={An empirical evaluation of thompson sampling},
  author={Chapelle, Olivier and Li, Lihong},
  journal={Advances in neural information processing systems},
  volume={24},
  year={2011}
}

@inproceedings{cheng2016wide,
  title={Wide \& deep learning for recommender systems},
  author={Cheng, Heng-Tze and Koc, Levent and Harmsen, Jeremiah and Shaked, Tal and Chandra, Tushar and Aradhye, Hrishi and Anderson, Glen and Corrado, Greg and Chai, Wei and Ispir, Mustafa and others},
  booktitle={Proceedings of the 1st workshop on deep learning for recommender systems},
  pages={7--10},
  year={2016}
}

@book{chuklin2022click,
  title={Click models for web search},
  author={Chuklin, Aleksandr and Markov, Ilya and De Rijke, Maarten},
  year={2022},
  publisher={Springer Nature}
}

@inproceedings{feng2023improved,
  title={Improved online learning algorithms for CTR prediction in ad auctions},
  author={Feng, Zhe and Liaw, Christopher and Zhou, Zixin},
  booktitle={International Conference on Machine Learning},
  pages={9921--9937},
  year={2023},
  organization={PMLR}
}

@article{guo2017deepfm,
  title={DeepFM: a factorization-machine based neural network for CTR prediction},
  author={Guo, Huifeng and Tang, Ruiming and Ye, Yunming and Li, Zhenguo and He, Xiuqiang},
  journal={arXiv preprint arXiv:1703.04247},
  year={2017}
}

@inproceedings{joachims2017accurately,
  title={Accurately interpreting clickthrough data as implicit feedback},
  author={Joachims, Thorsten and Granka, Laura and Pan, Bing and Hembrooke, Helene and Gay, Geri},
  booktitle={Acm Sigir Forum},
  volume={51},
  pages={4--11},
  year={2017},
  organization={Acm New York, NY, USA}
}

@inproceedings{koren2008factorization,
  title={Factorization meets the neighborhood: a multifaceted collaborative filtering model},
  author={Koren, Yehuda},
  booktitle={Proceedings of the 14th ACM SIGKDD international conference on Knowledge discovery and data mining},
  pages={426--434},
  year={2008}
}

@article{lagree2016multiple,
  title={Multiple-play bandits in the position-based model},
  author={Lagr{\'e}e, Paul and Vernade, Claire and Cappe, Olivier},
  journal={Advances in Neural Information Processing Systems},
  volume={29},
  year={2016}
}

@article{lops2011content,
  title={Content-based recommender systems: State of the art and trends},
  author={Lops, Pasquale and De Gemmis, Marco and Semeraro, Giovanni},
  journal={Recommender systems handbook},
  pages={73--105},
  year={2011},
  publisher={Springer}
}

@article{panda2022approaches,
  title={Approaches and algorithms to mitigate cold start problems in recommender systems: a systematic literature review},
  author={Panda, Deepak Kumar and Ray, Sanjog},
  journal={Journal of Intelligent Information Systems},
  volume={59},
  number={2},
  pages={341--366},
  year={2022},
  publisher={Springer}
}

@article{slivkins2019introduction,
  title={Introduction to multi-armed bandits},
  author={Slivkins, Aleksandrs and others},
  journal={Foundations and Trends{\textregistered} in Machine Learning},
  volume={12},
  number={1-2},
  pages={1--286},
  year={2019},
  publisher={Now Publishers, Inc.}
}

@article{vartak2017meta,
  title={A meta-learning perspective on cold-start recommendations for items},
  author={Vartak, Manasi and Thiagarajan, Arvind and Miranda, Conrado and Bratman, Jeshua and Larochelle, Hugo},
  journal={Advances in neural information processing systems},
  volume={30},
  year={2017}
}

@article{vilalta2002perspective,
  title={A perspective view and survey of meta-learning},
  author={Vilalta, Ricardo and Drissi, Youssef},
  journal={Artificial intelligence review},
  volume={18},
  pages={77--95},
  year={2002},
  publisher={Springer}
}

@incollection{wang2017deep,
  title={Deep \& cross network for ad click predictions},
  author={Wang, Ruoxi and Fu, Bin and Fu, Gang and Wang, Mingliang},
  booktitle={Proceedings of the ADKDD'17},
  pages={1--7},
  year={2017}
}

@inproceedings{wei2016collaborative,
  title={Collaborative filtering and deep learning based hybrid recommendation for cold start problem},
  author={Wei, Jian and He, Jianhua and Chen, Kai and Zhou, Yi and Tang, Zuoyin},
  booktitle={2016 IEEE 14th Intl Conf on Dependable, Autonomic and Secure Computing, 14th Intl Conf on Pervasive Intelligence and Computing, 2nd Intl Conf on Big Data Intelligence and Computing and Cyber Science and Technology Congress (DASC/PiCom/DataCom/CyberSciTech)},
  pages={874--877},
  year={2016},
  organization={IEEE}
}

@inproceedings{zheng2021cold,
  title={Cold-start sequential recommendation via meta learner},
  author={Zheng, Yujia and Liu, Siyi and Li, Zekun and Wu, Shu},
  booktitle={Proceedings of the AAAI Conference on Artificial Intelligence},
  volume={35},
  pages={4706--4713},
  year={2021}
}

@inproceedings{zhou2018deep,
  title={Deep interest network for click-through rate prediction},
  author={Zhou, Guorui and Zhu, Xiaoqiang and Song, Chenru and Fan, Ying and Zhu, Han and Ma, Xiao and Yan, Yanghui and Jin, Junqi and Li, Han and Gai, Kun},
  booktitle={Proceedings of the 24th ACM SIGKDD international conference on knowledge discovery \& data mining},
  pages={1059--1068},
  year={2018}
}

@article{zhou2023bandit,
  title={Bandit learning to rank with position-based click models: Personalized and equal treatments},
  author={Zhou, Tianchen and Liu, Jia and Jiao, Yang and Dong, Chaosheng and Chen, Yetian and Gao, Yan and Sun, Yi},
  journal={arXiv preprint arXiv:2311.04528},
  year={2023}
}

