
% Journals

% First the Full Name is given, then the abbreviation used in the AMS Math
% Reviews, with an indication if it could not be found there.
% Note the 2nd overwrites the 1st, so swap them if you want the full name.

 %{AMS}
 @String{AMSTrans = "American Mathematical Society Translations" }
 @String{AMSTrans = "Amer. Math. Soc. Transl." }
 @String{BullAMS = "Bulletin of the American Mathematical Society" }
 @String{BullAMS = "Bull. Amer. Math. Soc." }
 @String{ProcAMS = "Proceedings of the American Mathematical Society" }
 @String{ProcAMS = "Proc. Amer. Math. Soc." }
 @String{TransAMS = "Transactions of the American Mathematical Society" }
 @String{TransAMS = "Trans. Amer. Math. Soc." }

 %ACM
 @String{CACM = "Communications of the {ACM}" }
 @String{CACM = "Commun. {ACM}" }
 @String{CompServ = "Comput. Surveys" }
 @String{JACM = "J. ACM" }
 @String{ACMMathSoft = "{ACM} Transactions on Mathematical Software" }
 @String{ACMMathSoft = "{ACM} Trans. Math. Software" }
 @String{SIGNUM = "{ACM} {SIGNUM} Newsletter" }
 @String{SIGNUM = "{ACM} {SIGNUM} Newslett." }

 @String{AmerSocio = "American Journal of Sociology" }
 @String{AmerStatAssoc = "Journal of the American Statistical Association" }
 @String{AmerStatAssoc = "J. Amer. Statist. Assoc." }
 @String{ApplMathComp = "Applied Mathematics and Computation" }
 @String{ApplMathComp = "Appl. Math. Comput." }
 @String{AmerMathMonthly = "American Mathematical Monthly" }
 @String{AmerMathMonthly = "Amer. Math. Monthly" }
 @String{BIT = "{BIT}" }
 @String{BritStatPsych = "British Journal of Mathematical and Statistical
          Psychology" }
 @String{BritStatPsych = "Brit. J. Math. Statist. Psych." }
 @String{CanMathBull = "Canadian Mathematical Bulletin" }
 @String{CanMathBull = "Canad. Math. Bull." }
 @String{CompApplMath = "Journal of Computational and Applied Mathematics" }
 @String{CompApplMath = "J. Comput. Appl. Math." }
 @String{CompPhys = "Journal of Computational Physics" }
 @String{CompPhys = "J. Comput. Phys." }
 @String{CompStruct = "Computers and Structures" }
 @String{CompStruct = "Comput. \& Structures" }
 @String{CompJour = "The Computer Journal" }
 @String{CompJour = "Comput. J." }
 @String{CompSysSci = "Journal of Computer and System Sciences" }
 @String{CompSysSci = "J. Comput. System Sci." }
 @String{Computing = "Computing" }
 @String{ContempMath = "Contemporary Mathematics" }
 @String{ContempMath = "Contemp. Math." }
 @String{Crelle = "Crelle's Journal" }
 @String{GiornaleMath = "Giornale di Mathematiche" }
 @String{GiornaleMath = "Giorn. Mat." } % didn't find in AMS MR., ibid.

 %IEEE
 @String{Computer = "{IEEE} Computer" }
 @String{IEEETransComp = "{IEEE} Transactions on Computers" }
 @String{IEEETransComp = "{IEEE} Trans. Comput." }
 @String{IEEETransAC = "{IEEE} Transactions on Automatic Control" }
 @String{IEEETransAC = "{IEEE} Trans. Automat. Control" }
 @String{IEEESpec = "{IEEE} Spectrum" } % didn't find in AMS MR
 @String{ProcIEEE = "Proceedings of the {IEEE}" }
 @String{ProcIEEE = "Proc. {IEEE}" } % didn't find in AMS MR
 @String{IEEETransAeroElec = "{IEEE} Transactions on Aerospace and Electronic
     Systems" }
 @String{IEEETransAeroElec = "{IEEE} Trans. Aerospace Electron. Systems" }

 @String{IMANumerAna = "{IMA} Journal of Numerical Analysis" }
 @String{IMANumerAna = "{IMA} J. Numer. Anal." }
 @String{InfProcLet = "Information Processing Letters" }
 @String{InfProcLet = "Inform. Process. Lett." }
 @String{InstMathApp = "Journal of the Institute of Mathematics and
     its Applications" }
 @String{InstMathApp = "J. Inst. Math. Appl." }
 @String{IntControl = "International Journal of Control" }
 @String{IntControl = "Internat. J. Control" }
 @String{IntNumerEng = "International Journal for Numerical Methods in
     Engineering" }
 @String{IntNumerEng = "Internat. J. Numer. Methods Engrg." }
 @String{IntSuper = "International Journal of Supercomputing Applications" }
 @String{IntSuper = "Internat. J. Supercomputing Applic." } % didn't find
%% in AMS MR
 @String{Kibernetika = "Kibernetika" }
 @String{JResNatBurStand = "Journal of Research of the National Bureau
     of Standards" }
 @String{JResNatBurStand = "J. Res. Nat. Bur. Standards" }
 @String{LinAlgApp = "Linear Algebra and its Applications" }
 @String{LinAlgApp = "Linear Algebra Appl." }
 @String{MathAnaAppl = "Journal of Mathematical Analysis and Applications" }
 @String{MathAnaAppl = "J. Math. Anal. Appl." }
 @String{MathAnnalen = "Mathematische Annalen" }
 @String{MathAnnalen = "Math. Ann." }
 @String{MathPhys = "Journal of Mathematical Physics" }
 @String{MathPhys = "J. Math. Phys." }
 @String{MathComp = "Mathematics of Computation" }
 @String{MathComp = "Math. Comp." }
 @String{MathScand = "Mathematica Scandinavica" }
 @String{MathScand = "Math. Scand." }
 @String{TablesAidsComp = "Mathematical Tables and Other Aids to Computation" }
 @String{TablesAidsComp = "Math. Tables Aids Comput." }
 @String{NumerMath = "Numerische Mathematik" }
 @String{NumerMath = "Numer. Math." }
 @String{PacificMath = "Pacific Journal of Mathematics" }
 @String{PacificMath = "Pacific J. Math." }
 @String{ParDistComp = "Journal of Parallel and Distributed Computing" }
 @String{ParDistComp = "J. Parallel and Distrib. Comput." } % didn't find
%% in AMS MR
 @String{ParComputing = "Parallel Computing" }
 @String{ParComputing = "Parallel Comput." }
 @String{PhilMag = "Philosophical Magazine" }
 @String{PhilMag = "Philos. Mag." }
 @String{ProcNAS = "Proceedings of the National Academy of Sciences
                    of the USA" }
 @String{ProcNAS = "Proc. Nat. Acad. Sci. U. S. A." }
 @String{Psychometrika = "Psychometrika" }
 @String{QuartMath = "Quarterly Journal of Mathematics, Oxford, Series (2)" }
 @String{QuartMath = "Quart. J. Math. Oxford Ser. (2)" }
 @String{QuartApplMath = "Quarterly of Applied Mathematics" }
 @String{QuartApplMath = "Quart. Appl. Math." }
 @String{RevueInstStat = "Review of the International Statisical Institute" }
 @String{RevueInstStat = "Rev. Inst. Internat. Statist." }

 %SIAM
 @String{JSIAM = "Journal of the Society for Industrial and Applied
     Mathematics" }
 @String{JSIAM = "J. Soc. Indust. Appl. Math." }
 @String{JSIAMB = "Journal of the Society for Industrial and Applied
     Mathematics, Series B, Numerical Analysis" }
 @String{JSIAMB = "J. Soc. Indust. Appl. Math. Ser. B Numer. Anal." }
 @String{SIAMAlgMeth = "{SIAM} Journal on Algebraic and Discrete Methods" }
 @String{SIAMAlgMeth = "{SIAM} J. Algebraic Discrete Methods" }
 @String{SIAMAppMath = "{SIAM} Journal on Applied Mathematics" }
 @String{SIAMAppMath = "{SIAM} J. Appl. Math." }
 @String{SIAMComp = "{SIAM} Journal on Computing" }
 @String{SIAMComp = "{SIAM} J. Comput." }
 @String{SIAMMatrix = "{SIAM} Journal on Matrix Analysis and Applications" }
 @String{SIAMMatrix = "{SIAM} J. Matrix Anal. Appl." }
 @String{SIAMNumAnal = "{SIAM} Journal on Numerical Analysis" }
 @String{SIAMNumAnal = "{SIAM} J. Numer. Anal." }
 @String{SIAMReview = "{SIAM} Review" }
 @String{SIAMReview = "{SIAM} Rev." }
 @String{SIAMSciStat = "{SIAM} Journal on Scientific and Statistical
     Computing" }
 @String{SIAMSciStat = "{SIAM} J. Sci. Statist. Comput." }

 @String{SoftPracExp = "Software Practice and Experience" }
 @String{SoftPracExp = "Software Prac. Experience" } % didn't find in AMS MR
 @String{StatScience = "Statistical Science" }
 @String{StatScience = "Statist. Sci." }
 @String{Techno = "Technometrics" }
 @String{USSRCompMathPhys = "{USSR} Computational Mathematics and Mathematical
     Physics" }
 @String{USSRCompMathPhys = "{U. S. S. R.} Comput. Math. and Math. Phys." }
 @String{VLSICompSys = "Journal of {VLSI} and Computer Systems" }
 @String{VLSICompSys = "J. {VLSI} Comput. Syst." }
 @String{ZAngewMathMech = "Zeitschrift fur Angewandte Mathematik und
     Mechanik" }
 @String{ZAngewMathMech = "Z. Angew. Math. Mech." }
 @String{ZAngewMathPhys = "Zeitschrift fur Angewandte Mathematik und Physik" }
 @String{ZAngewMathPhys = "Z. Angew. Math. Phys." }

% Publishers % ================================================= |

 @String{Academic = "Academic Press" }
 @String{ACMPress = "{ACM} Press" }
 @String{AdamHilger = "Adam Hilger" }
 @String{AddisonWesley = "Addison-Wesley" }
 @String{AllynBacon = "Allyn and Bacon" }
 @String{AMS = "American Mathematical Society" }
 @String{Birkhauser = "Birkha{\"u}ser" }
 @String{CambridgePress = "Cambridge University Press" }
 @String{Chelsea = "Chelsea" }
 @String{ClaredonPress = "Claredon Press" }
 @String{DoverPub = "Dover Publications" }
 @String{Eyolles = "Eyolles" }
 @String{HoltRinehartWinston = "Holt, Rinehart and Winston" }
 @String{Interscience = "Interscience" }
 @String{JohnsHopkinsPress = "The Johns Hopkins University Press" }
 @String{JohnWileySons = "John Wiley and Sons" }
 @String{Macmillan = "Macmillan" }
 @String{MathWorks = "The Math Works Inc." }
 @String{McGrawHill = "McGraw-Hill" }
 @String{NatBurStd = "National Bureau of Standards" }
 @String{NorthHolland = "North-Holland" }
 @String{OxfordPress = "Oxford University Press" }  %address Oxford or London?
 @String{PergamonPress = "Pergamon Press" }
 @String{PlenumPress = "Plenum Press" }
 @String{PrenticeHall = "Prentice-Hall" }
 @String{SIAMPub = "{SIAM} Publications" }
 @String{Springer = "Springer-Verlag" }
 @String{TexasPress = "University of Texas Press" }
 @String{VanNostrand = "Van Nostrand" }
 @String{WHFreeman = "W. H. Freeman and Co." }

%Entries
@book{em:86,
  editor  = "Engelmore, Robert and Morgan, Anthony",
  title   = "Blackboard Systems",
  year    = 1986,
  address = "Reading, Mass.",
  publisher = "Addison-Wesley",
}

@inproceedings{c:83,
  author  = "Clancey, William J.",
  year    = 1983,
  title   = "{Communication, Simulation, and Intelligent
Agents: Implications of Personal Intelligent Machines
for Medical Education}",
  booktitle="Proceedings of the Eighth International Joint Conference on Artificial Intelligence {(IJCAI-83)}", 
  pages   = "556-560",
  address = "Menlo Park, Calif",
  publisher = "{IJCAI Organization}",
}
@inproceedings{c:84,
  author  = "Clancey, William J.",
  year    = 1984,
  title   = "{Classification Problem Solving}",
  booktitle = "Proceedings of the Fourth National 
              Conference on Artificial Intelligence",
  pages   = "45-54",
  address = "Menlo Park, Calif.",
  publisher="AAAI Press",
}
@article{r:80,
  author = {Robinson, Arthur L.},
  title = {New Ways to Make Microcircuits Smaller},
  volume = {208},
  number = {4447},
  pages = {1019--1022},
  year = {1980},
  doi = {10.1126/science.208.4447.1019},
  publisher = {American Association for the Advancement of Science},
  issn = {0036-8075},
  URL = {https://science.sciencemag.org/content/208/4447/1019},
  eprint = {https://science.sciencemag.org/content/208/4447/1019.full.pdf},
  journal = {Science},
}
@article{r:80x,
  author  = "Robinson, Arthur L.",
  year    = 1980,
  title   = "{New Ways to Make Microcircuits Smaller---Duplicate Entry}",
  journal = "Science",
  volume  =  208,
  pages   = "1019-1026",
}
@article{hcr:83,
title = {Strategic explanations for a diagnostic consultation system},
journal = {International Journal of Man-Machine Studies},
volume = {20},
number = {1},
pages = {3-19},
year = {1984},
issn = {0020-7373},
doi = {https://doi.org/10.1016/S0020-7373(84)80003-6},
url = {https://www.sciencedirect.com/science/article/pii/S0020737384800036},
author = {Diane Warner Hasling and William J. Clancey and Glenn Rennels},
abstract = {This article examines the problem of automatte explanation of reasoning, especially as it relates to expert systems. By explanation we mean the ability of a program to discuss what it is doing in some understandable way. We first present a general framework in which to view explanation and review some of the research done in this area. We then focus on the explanation system for NEOMYCIN, a medical consultation program. A consultation program interactively helps a user to solve a problem. Our goal is to have NEOMYCIN explain its problem-solving strategies. An explanation of strategy describes the plan the program is using to reach a solution. Such an explanation is usually concrete, referring to aspects of the current problem situation. Abstract explanations articulate a general principle, which can be applied in different situations; such explanations are useful in teaching and in explaining by analogy. We describe the aspects of NEOMYCIN that make abstract strategic explanations possible—the representation of strategic knowledge explicitly and separately from domain knowledge— and demonstrate how this representation can be used to generate explanations.}
}
@article{hcrt:83,
  author  = "Hasling, Diane Warner and Clancey, William J. and Rennels, Glenn R. and Test, Thomas",
  year    = 1983,
  title   = "{Strategic Explanations in Consultation---Duplicate}",
  journal = "The International Journal of Man-Machine Studies",
  volume  = 20,
  number  = 1,
  pages   = "3-19",
}
@techreport{r:86,
  author  = "Rice, James",
  year    = 1986,
  title   = "{Poligon: A System for Parallel Problem Solving}",
  type    = "Technical Report", 
  number  = "KSL-86-19", 
  institution = "Dept.\ of Computer Science, Stanford Univ.",
}
@phdthesis{c:79,
  author  = "Clancey, William J.",
  year    = 1979,
  title   = "{Transfer of Rule-Based Expertise
through a Tutorial Dialogue}",
  type    = "{Ph.D.} diss.",
  school  = "Dept.\ of Computer Science, Stanford Univ.",
  address = "Stanford, Calif.",
}
@unpublished{c:21,
  author  = "Clancey, William J.",
  title   = "{The Engineering of Qualitative Models}",
  year    = 2021,
  note    = "Forthcoming",
}
@misc{c:22,
      title={Attention Is All You Need}, 
      author={Ashish Vaswani and Noam Shazeer and Niki Parmar and Jakob Uszkoreit and Llion Jones and Aidan N. Gomez and Lukasz Kaiser and Illia Polosukhin},
      year={2017},
      eprint={1706.03762},
      archivePrefix={arXiv},
      primaryClass={cs.CL}
}
@misc{c:23,
  title        = "Pluto: The 'Other' Red Planet",
  author       = "{NASA}",
  howpublished = "\url{https://www.nasa.gov/nh/pluto-the-other-red-planet}",
  year         = 2015,
  note         = "Accessed: 2018-12-06"
}

@inproceedings{zhang2024online,
  title={Online learning in contextual second-price pay-per-click auctions},
  author={Zhang, Mengxiao and Luo, Haipeng},
  booktitle={International Conference on Artificial Intelligence and Statistics},
  pages={2395--2403},
  year={2024},
  organization={PMLR}
}

@inproceedings{devanur2009price,
  title={The price of truthfulness for pay-per-click auctions},
  author={Devanur, Nikhil R and Kakade, Sham M},
  booktitle={Proceedings of the 10th ACM conference on Electronic commerce},
  pages={99--106},
  year={2009}
}
@article{buening2023bandits,
  title={Bandits meet mechanism design to combat clickbait in online recommendation},
  author={Buening, Thomas Kleine and Saha, Aadirupa and Dimitrakakis, Christos and Xu, Haifeng},
  journal={arXiv preprint arXiv:2311.15647},
  year={2023}
}

@inproceedings{babaioff2009characterizing,
  title={Characterizing truthful multi-armed bandit mechanisms},
  author={Babaioff, Moshe and Sharma, Yogeshwer and Slivkins, Aleksandrs},
  booktitle={Proceedings of the 10th ACM conference on Electronic commerce},
  pages={79--88},
  year={2009}
}

@article{babaioff2015truthful,
  title={Truthful mechanisms with implicit payment computation},
  author={Babaioff, Moshe and Kleinberg, Robert D and Slivkins, Aleksandrs},
  journal={Journal of the ACM (JACM)},
  volume={62},
  number={2},
  pages={1--37},
  year={2015},
  publisher={ACM New York, NY, USA}
}

@article{edelman2007internet,
  title={Internet advertising and the generalized second-price auction: Selling billions of dollars worth of keywords},
  author={Edelman, Benjamin and Ostrovsky, Michael and Schwarz, Michael},
  journal={American economic review},
  volume={97},
  number={1},
  pages={242--259},
  year={2007},
  publisher={American Economic Association}
}

@article{VARIAN20071163,
title = {Position auctions},
journal = {International Journal of Industrial Organization},
volume = {25},
number = {6},
pages = {1163-1178},
year = {2007},
issn = {0167-7187},
doi = {https://doi.org/10.1016/j.ijindorg.2006.10.002},
url = {https://www.sciencedirect.com/science/article/pii/S0167718706001317},
author = {Hal R. Varian},
keywords = {Auctions, Online advertising, Two-sided matching},
abstract = {I analyze the equilibria of a game based on the ad auction used by Google and Yahoo. This auction is closely related to the assignment game studied by Shapley–Shubik, Demange–Gale–Sotomayer and Roth–Sotomayer. However, due to the special structure of preferences, the equilibria of the ad auction can be calculated explicitly and some known results can be sharpened. I provide some empirical evidence that the Nash equilibria of the position auction describe the basic properties of the prices observed in Google's ad auction reasonably accurately.}
}

@article{slivkins2019introduction,
  title={Introduction to multi-armed bandits},
  author={Slivkins, Aleksandrs and others},
  journal={Foundations and Trends{\textregistered} in Machine Learning},
  volume={12},
  number={1-2},
  pages={1--286},
  year={2019},
  publisher={Now Publishers, Inc.}
}

@inproceedings{feng2023improved,
  title={Improved online learning algorithms for CTR prediction in ad auctions},
  author={Feng, Zhe and Liaw, Christopher and Zhou, Zixin},
  booktitle={International Conference on Machine Learning},
  pages={9921--9937},
  year={2023},
  organization={PMLR}
}

@article{langford2007epoch,
  title={The epoch-greedy algorithm for multi-armed bandits with side information},
  author={Langford, John and Zhang, Tong},
  journal={Advances in neural information processing systems},
  volume={20},
  year={2007}
}

@article{lu2010contextual,
author = {Lu, Tyler and Pál, Dávid and Pal, Martin},
year = {2010},
month = {01},
pages = {485-492},
title = {Contextual Multi-Armed Bandits.},
volume = {9},
journal = {Journal of Machine Learning Research - Proceedings Track}
}

@article{zhou2015survey,
  title={A survey on contextual multi-armed bandits},
  author={Zhou, Li},
  journal={arXiv preprint arXiv:1508.03326},
  year={2015}
}

@article{slivkins2013dynamic,
  title={Dynamic ad allocation: Bandits with budgets},
  author={Slivkins, Aleksandrs},
  journal={arXiv preprint arXiv:1306.0155},
  year={2013}
}

@inproceedings{badanidiyuru2014resourceful,
  title={Resourceful contextual bandits},
  author={Badanidiyuru, Ashwinkumar and Langford, John and Slivkins, Aleksandrs},
  booktitle={Conference on Learning Theory},
  pages={1109--1134},
  year={2014},
  organization={PMLR}
}

@inproceedings{yang2020hierarchical,
  title={Hierarchical adaptive contextual bandits for resource constraint based recommendation},
  author={Yang, Mengyue and Li, Qingyang and Qin, Zhiwei and Ye, Jieping},
  booktitle={Proceedings of the web conference 2020},
  pages={292--302},
  year={2020}
}



%Для доказательства теоремы
@article{lagree2016multiple,
  title={Multiple-play bandits in the position-based model},
  author={Lagr{\'e}e, Paul and Vernade, Claire and Cappe, Olivier},
  journal={Advances in Neural Information Processing Systems},
  volume={29},
  year={2016}
}

@article{combes2015combinatorial,
  title={Combinatorial bandits revisited},
  author={Combes, Richard and Talebi Mazraeh Shahi, Mohammad Sadegh and Proutiere, Alexandre and others},
  journal={Advances in neural information processing systems},
  volume={28},
  year={2015}
}

@inproceedings{kveton2015tight,
  title={Tight regret bounds for stochastic combinatorial semi-bandits},
  author={Kveton, Branislav and Wen, Zheng and Ashkan, Azin and Szepesvari, Csaba},
  booktitle={Artificial Intelligence and Statistics},
  pages={535--543},
  year={2015},
  organization={PMLR}
}

%%%%%%%%%%%%%%%%%%%%%%%%%%%%%
%Setting MAB
@article{auer2002finite,
  title={Finite-time analysis of the multiarmed bandit problem},
  author={Auer, Peter and Cesa-Bianchi, Nicolo and Fischer, Paul},
  journal={Machine learning},
  volume={47},
  pages={235--256},
  year={2002},
  publisher={Springer}
}

@inproceedings{gupta2011thompson,
  title={Thompson sampling for dynamic multi-armed bandits},
  author={Gupta, Neha and Granmo, Ole-Christoffer and Agrawala, Ashok},
  booktitle={2011 10th International Conference on Machine Learning and Applications and Workshops},
  volume={1},
  pages={484--489},
  year={2011},
  organization={IEEE}
}
%%%%%%%%%%%%%%%%%%%%%%%%%%%
%Setting MAB in online advertising

%Setting MAB in reccomendation
@inproceedings{mary2015bandits,
  title={Bandits and recommender systems},
  author={Mary, J{\'e}r{\'e}mie and Gaudel, Romaric and Preux, Philippe},
  booktitle={Machine Learning, Optimization, and Big Data: First International Workshop, MOD 2015, Taormina, Sicily, Italy, July 21-23, 2015, Revised Selected Papers 1},
  pages={325--336},
  year={2015},
  organization={Springer}
}

@article{silva2022multi,
  title={Multi-armed bandits in recommendation systems: A survey of the state-of-the-art and future directions},
  author={Silva, N{\'\i}collas and Werneck, Heitor and Silva, Thiago and Pereira, Adriano CM and Rocha, Leonardo},
  journal={Expert Systems with Applications},
  volume={197},
  pages={116669},
  year={2022},
  publisher={Elsevier}
}

%Setting MAB in Social Network
@article{sankararaman2019social,
  title={Social learning in multi agent multi armed bandits},
  author={Sankararaman, Abishek and Ganesh, Ayalvadi and Shakkottai, Sanjay},
  journal={Proceedings of the ACM on Measurement and Analysis of Computing Systems},
  volume={3},
  number={3},
  pages={1--35},
  year={2019},
  publisher={ACM New York, NY, USA}
}

%Cамые близкие работы
@article{zhou2023bandit,
  title={Bandit learning to rank with position-based click models: Personalized and equal treatments},
  author={Zhou, Tianchen and Liu, Jia and Jiao, Yang and Dong, Chaosheng and Chen, Yetian and Gao, Yan and Sun, Yi},
  journal={arXiv preprint arXiv:2311.04528},
  year={2023}
}
%%%%%%%%%%%%%%%%%%%%%%%%%
%Deep learning
@article{vartak2017meta,
  title={A meta-learning perspective on cold-start recommendations for items},
  author={Vartak, Manasi and Thiagarajan, Arvind and Miranda, Conrado and Bratman, Jeshua and Larochelle, Hugo},
  journal={Advances in neural information processing systems},
  volume={30},
  year={2017}
}

@inproceedings{zhou2018deep,
  title={Deep interest network for click-through rate prediction},
  author={Zhou, Guorui and Zhu, Xiaoqiang and Song, Chenru and Fan, Ying and Zhu, Han and Ma, Xiao and Yan, Yanghui and Jin, Junqi and Li, Han and Gai, Kun},
  booktitle={Proceedings of the 24th ACM SIGKDD international conference on knowledge discovery \& data mining},
  pages={1059--1068},
  year={2018}
}

@inproceedings{zhao2022improving,
  title={Improving item cold-start recommendation via model-agnostic conditional variational autoencoder},
  author={Zhao, Xu and Ren, Yi and Du, Ying and Zhang, Shenzheng and Wang, Nian},
  booktitle={Proceedings of the 45th International ACM SIGIR Conference on Research and Development in Information Retrieval},
  pages={2595--2600},
  year={2022}
}
%%%%%%%%%%%%%%%%%%%%%%%%%%%%
%cold start problem
@article{lika2014facing,
  title={Facing the cold start problem in recommender systems},
  author={Lika, Blerina and Kolomvatsos, Kostas and Hadjiefthymiades, Stathes},
  journal={Expert systems with applications},
  volume={41},
  number={4},
  pages={2065--2073},
  year={2014},
  publisher={Elsevier}
}

@article{ye2023cold,
  title={Cold Start to Improve Market Thickness on Online Advertising Platforms: Data-Driven Algorithms and Field Experiments},
  author={Ye, Zikun and Zhang, Dennis J and Zhang, Heng and Zhang, Renyu and Chen, Xin and Xu, Zhiwei},
  journal={Management Science},
  volume={69},
  number={7},
  pages={3838--3860},
  year={2023},
  publisher={INFORMS Inst. for Operations Res. and the Management Sciences}
}

@inproceedings{pan2019warm,
  title={Warm up cold-start advertisements: Improving ctr predictions via learning to learn id embeddings},
  author={Pan, Feiyang and Li, Shuokai and Ao, Xiang and Tang, Pingzhong and He, Qing},
  booktitle={Proceedings of the 42nd International ACM SIGIR Conference on Research and Development in Information Retrieval},
  pages={695--704},
  year={2019}
}

@article{zhu2019addressing,
  title={Addressing the item cold-start problem by attribute-driven active learning},
  author={Zhu, Yu and Lin, Jinghao and He, Shibi and Wang, Beidou and Guan, Ziyu and Liu, Haifeng and Cai, Deng},
  journal={IEEE Transactions on Knowledge and Data Engineering},
  volume={32},
  number={4},
  pages={631--644},
  year={2019},
  publisher={IEEE}
}

@inproceedings{han2022addressing,
  title={Addressing cold start in product search via empirical bayes},
  author={Han, Cuize and Castells, Pablo and Gupta, Parth and Xu, Xu and Salaka, Vamsi},
  booktitle={Proceedings of the 31st ACM International Conference on Information \& Knowledge Management},
  pages={3141--3151},
  year={2022}
}
%%%%%%%%%%%%%%%%%%%%%%%%%%%%%%
%PBM
@inproceedings{craswell2008experimental,
  title={An experimental comparison of click position-bias models},
  author={Craswell, Nick and Zoeter, Onno and Taylor, Michael and Ramsey, Bill},
  booktitle={Proceedings of the 2008 international conference on web search and data mining},
  pages={87--94},
  year={2008}
}

@inproceedings{richardson2007predicting,
  title={Predicting clicks: estimating the click-through rate for new ads},
  author={Richardson, Matthew and Dominowska, Ewa and Ragno, Robert},
  booktitle={Proceedings of the 16th international conference on World Wide Web},
  pages={521--530},
  year={2007}
}

@book{chuklin2022click,
  title={Click models for web search},
  author={Chuklin, Aleksandr and Markov, Ilya and De Rijke, Maarten},
  year={2022},
  publisher={Springer Nature}
}
%%%%%%use PBM in Bandits 
@inproceedings{komiyama2015optimal,
  title={Optimal regret analysis of thompson sampling in stochastic multi-armed bandit problem with multiple plays},
  author={Komiyama, Junpei and Honda, Junya and Nakagawa, Hiroshi},
  booktitle={International Conference on Machine Learning},
  pages={1152--1161},
  year={2015},
  organization={PMLR}
}


@article{komiyama2017position,
  title={Position-based multiple-play bandit problem with unknown position bias},
  author={Komiyama, Junpei and Honda, Junya and Takeda, Akiko},
  journal={Advances in Neural Information Processing Systems},
  volume={30},
  year={2017}
}

@article{gauthier2020position,
  title={Position-based multiple-play bandits with thompson sampling},
  author={Gauthier, Camille-Sovanneary and Gaudel, Romaric and Fromont, Elisa},
  journal={arXiv preprint arXiv:2009.13181},
  year={2020}
}

@inproceedings{chen2022simultaneously,
  title={Simultaneously learning stochastic and adversarial bandits under the position-based model},
  author={Chen, Cheng and Zhao, Canzhe and Li, Shuai},
  booktitle={Proceedings of the AAAI Conference on Artificial Intelligence},
  volume={36},
  number={6},
  pages={6202--6210},
  year={2022}
}

%%%%Chernoff, Hoeffding
@article{hoeffding1994probability,
  title={Probability inequalities for sums of bounded random variables},
  author={Hoeffding, Wassily},
  journal={The collected works of Wassily Hoeffding},
  pages={409--426},
  year={1994},
  publisher={Springer}
}

@article{chernoff1952measure,
  title={A measure of asymptotic efficiency for tests of a hypothesis based on the sum of observations},
  author={Chernoff, Herman},
  journal={The Annals of Mathematical Statistics},
  pages={493--507},
  year={1952},
  publisher={JSTOR}
}

%%%%%%%%%%%%%%%%%%%% Deep Learning for CTR prediction%%%%%%%%%%%%%%%%%%%%%%%%%%%%%%

@inproceedings{cheng2016wide,
  title={Wide \& deep learning for recommender systems},
  author={Cheng, Heng-Tze and Koc, Levent and Harmsen, Jeremiah and Shaked, Tal and Chandra, Tushar and Aradhye, Hrishi and Anderson, Glen and Corrado, Greg and Chai, Wei and Ispir, Mustafa and others},
  booktitle={Proceedings of the 1st workshop on deep learning for recommender systems},
  pages={7--10},
  year={2016}
}

@incollection{wang2017deep,
  title={Deep \& cross network for ad click predictions},
  author={Wang, Ruoxi and Fu, Bin and Fu, Gang and Wang, Mingliang},
  booktitle={Proceedings of the ADKDD'17},
  pages={1--7},
  year={2017}
}



@article{guo2017deepfm,
  title={DeepFM: a factorization-machine based neural network for CTR prediction},
  author={Guo, Huifeng and Tang, Ruiming and Ye, Yunming and Li, Zhenguo and He, Xiuqiang},
  journal={arXiv preprint arXiv:1703.04247},
  year={2017}
}


%%% MF
@article{yu2017attributes,
  title={Attributes coupling based matrix factorization for item recommendation},
  author={Yu, Yonghong and Wang, Can and Wang, Hao and Gao, Yang},
  journal={Applied Intelligence},
  volume={46},
  pages={521--533},
  year={2017},
  publisher={Springer}
}

@inproceedings{agarwal2009regression,
  title={Regression-based latent factor models},
  author={Agarwal, Deepak and Chen, Bee-Chung},
  booktitle={Proceedings of the 15th ACM SIGKDD international conference on Knowledge discovery and data mining},
  pages={19--28},
  year={2009}
}

@inproceedings{koren2008factorization,
  title={Factorization meets the neighborhood: a multifaceted collaborative filtering model},
  author={Koren, Yehuda},
  booktitle={Proceedings of the 14th ACM SIGKDD international conference on Knowledge discovery and data mining},
  pages={426--434},
  year={2008}
}

%%% CBF

@article{lops2011content,
  title={Content-based recommender systems: State of the art and trends},
  author={Lops, Pasquale and De Gemmis, Marco and Semeraro, Giovanni},
  journal={Recommender systems handbook},
  pages={73--105},
  year={2011},
  publisher={Springer}
}

%%% Meta-learning 

@article{vilalta2002perspective,
  title={A perspective view and survey of meta-learning},
  author={Vilalta, Ricardo and Drissi, Youssef},
  journal={Artificial intelligence review},
  volume={18},
  pages={77--95},
  year={2002},
  publisher={Springer}
}

@inproceedings{zheng2021cold,
  title={Cold-start sequential recommendation via meta learner},
  author={Zheng, Yujia and Liu, Siyi and Li, Zekun and Wu, Shu},
  booktitle={Proceedings of the AAAI Conference on Artificial Intelligence},
  volume={35},
  pages={4706--4713},
  year={2021}
}

%%% hybrid systems
@inproceedings{wei2016collaborative,
  title={Collaborative filtering and deep learning based hybrid recommendation for cold start problem},
  author={Wei, Jian and He, Jianhua and Chen, Kai and Zhou, Yi and Tang, Zuoyin},
  booktitle={2016 IEEE 14th Intl Conf on Dependable, Autonomic and Secure Computing, 14th Intl Conf on Pervasive Intelligence and Computing, 2nd Intl Conf on Big Data Intelligence and Computing and Cyber Science and Technology Congress (DASC/PiCom/DataCom/CyberSciTech)},
  pages={874--877},
  year={2016},
  organization={IEEE}
}

%подробный разбор методов предсказания CTR\ColdStart
@article{panda2022approaches,
  title={Approaches and algorithms to mitigate cold start problems in recommender systems: a systematic literature review},
  author={Panda, Deepak Kumar and Ray, Sanjog},
  journal={Journal of Intelligent Information Systems},
  volume={59},
  number={2},
  pages={341--366},
  year={2022},
  publisher={Springer}
}
% payment strat BANDITS
@inproceedings{gao2021auction,
  title={Auction-based combinatorial multi-armed bandit mechanisms with strategic arms},
  author={Gao, Guoju and Huang, He and Xiao, Mingjun and Wu, Jie and Sun, Yu-E and Zhang, Sheng},
  booktitle={IEEE INFOCOM 2021-IEEE Conference on Computer Communications},
  pages={1--10},
  year={2021},
  organization={IEEE}
}




@article{chapelle2011empirical,
  title={An empirical evaluation of thompson sampling},
  author={Chapelle, Olivier and Li, Lihong},
  journal={Advances in neural information processing systems},
  volume={24},
  year={2011}
}

@article{auer2002using,
  title={Using confidence bounds for exploitation-exploration trade-offs},
  author={Auer, Peter},
  journal={Journal of Machine Learning Research},
  volume={3},
  number={Nov},
  pages={397--422},
  year={2002}
}

%MAB in online advertising


%Conservative Bandits
@article{kazerouni2017conservative,
  title={Conservative contextual linear bandits},
  author={Kazerouni, Abbas and Ghavamzadeh, Mohammad and Abbasi Yadkori, Yasin and Van Roy, Benjamin},
  journal={Advances in Neural Information Processing Systems},
  volume={30},
  year={2017}
}

@inproceedings{wu2016conservative,
  title={Conservative bandits},
  author={Wu, Yifan and Shariff, Roshan and Lattimore, Tor and Szepesv{\'a}ri, Csaba},
  booktitle={International Conference on Machine Learning},
  pages={1254--1262},
  year={2016},
  organization={PMLR}
}

@inproceedings{garcelon2020improved,
  title={Improved algorithms for conservative exploration in bandits},
  author={Garcelon, Evrard and Ghavamzadeh, Mohammad and Lazaric, Alessandro and Pirotta, Matteo},
  booktitle={Proceedings of the AAAI Conference on Artificial Intelligence},
  volume={34},
  number={04},
  pages={3962--3969},
  year={2020}
}

@article{zhang2019contextual,
  title={Contextual combinatorial conservative bandits},
  author={Zhang, Xiaojin and Li, Shuai and Liu, Weiwen and Zhang, Shengyu},
  journal={arXiv preprint arXiv:1911.11337},
  year={2019}
}
%User's model

@inproceedings{joachims2017accurately,
  title={Accurately interpreting clickthrough data as implicit feedback},
  author={Joachims, Thorsten and Granka, Laura and Pan, Bing and Hembrooke, Helene and Gay, Geri},
  booktitle={Acm Sigir Forum},
  volume={51},
  pages={4--11},
  year={2017},
  organization={Acm New York, NY, USA}
}




