@article{su2019one,
	title={One pixel attack for fooling deep neural networks},
	author={Su, Jiawei and Vargas, Danilo Vasconcellos and Sakurai, Kouichi},
	journal={IEEE Transactions on Evolutionary Computation},
	volume={23},
	number={5},
	pages={828--841},
	year={2019},
	publisher={IEEE}
}

@article{frosst2017distilling,
	title={Distilling a neural network into a soft decision tree},
	author={Frosst, Nicholas and Hinton, Geoffrey},
	journal={arXiv preprint arXiv:1711.09784},
	year={2017}
}

@article{Zhang2018InterpretingCV,
	title={Interpreting CNNs via Decision Trees},
	author={Quanshi Zhang and Yu Yang and Ying Nian Wu and Song-Chun Zhu},
	journal={2019 IEEE/CVF Conference on Computer Vision and Pattern Recognition (CVPR)},
	year={2018},
	pages={6254-6263},
	
}

@inproceedings{tomsett2020sanity,
	title={Sanity checks for saliency metrics},
	author={Tomsett, Richard and Harborne, Dan and Chakraborty, Supriyo and Gurram, Prudhvi and Preece, Alun},
	booktitle={Proceedings of the AAAI conference on artificial intelligence},
	volume={34},
	number={04},
	pages={6021--6029},
	year={2020}
}
@inproceedings{byrne2023good,
	title={Good Explanations in Explainable Artificial Intelligence (XAI): Evidence from Human Explanatory Reasoning},
	author={Byrne, Ruth MJ},
	booktitle={Proceedings of the Thirty-Second International Joint Conference on Artificial Intelligence. International Joint Conferences on Artificial Intelligence Organization, Macau, SAR China},
	pages={6536--6544},
	year={2023}
}

@article{AlcalFdez2011AFA,
	title={A Fuzzy Association Rule-Based Classification Model for High-Dimensional Problems With Genetic Rule Selection and Lateral Tuning},
	author={Jes{\'u}s Alcal{\'a}-Fdez and Rafael Alcal{\'a} and Francisco Herrera},
	journal={IEEE Transactions on Fuzzy Systems},
	year={2011},
	volume={19},
	pages={857-872},
	url={https://api.semanticscholar.org/CorpusID:6709766}
}
@article{wang2017bayesian,
	title={A bayesian framework for learning rule sets for interpretable classification},
	author={Wang, Tong and Rudin, Cynthia and Doshi-Velez, Finale and Liu, Yimin and Klampfl, Erica and MacNeille, Perry},
	journal={Journal of Machine Learning Research},
	volume={18},
	number={70},
	pages={1--37},
	year={2017}
}

@article{friedman2002stochastic,
	title={Stochastic gradient boosting},
	author={Friedman, Jerome H},
	journal={Computational statistics \& data analysis},
	volume={38},
	number={4},
	pages={367--378},
	year={2002},
	publisher={Elsevier}
}
@article{breiman2001random,
	title={Random forests},
	author={Breiman, Leo},
	journal={Machine learning},
	volume={45},
	pages={5--32},
	year={2001},
	publisher={Springer}
}

@book{molnar2020interpretable,
	title={Interpretable machine learning},
	author={Molnar, Christoph},
	year={2020}
}

@article{arrieta2020explainable,
	title={Explainable Artificial Intelligence (XAI): Concepts, taxonomies, opportunities and challenges toward responsible AI},
	author={Arrieta, Alejandro Barredo and D{\'\i}az-Rodr{\'\i}guez, Natalia and Del Ser, Javier and Bennetot, Adrien and Tabik, Siham and Barbado, Alberto and Garc{\'\i}a, Salvador and Gil-L{\'o}pez, Sergio and Molina, Daniel and Benjamins, Richard and others},
	journal={Information fusion},
	volume={58},
	pages={82--115},
	year={2020},
	publisher={Elsevier}
}

@inproceedings{cortez2020smart,
	title={A smart home control prototype using a P300-based brain--computer interface for post-stroke patients},
	author={Cortez, Sergio A and Flores, Christian and Andreu-Perez, Javier},
	booktitle={Proceedings of the 5th Brazilian Technology Symposium: Emerging Trends, Issues, and Challenges in the Brazilian Technology, Volume 2},
	pages={131--139},
	year={2020},
	organization={Springer}
}

@inproceedings{razak2021designing,
	title={Designing the hierarchical fuzzy systems via FuzzyR toolbox},
	author={Razak, Tajul Rosli and Chen, Chao and Garibaldi, Jonathan M and Wagner, Christian},
	booktitle={2021 IEEE International Conference on Fuzzy Systems (FUZZ-IEEE)},
	pages={1--6},
	year={2021},
	organization={IEEE}
}

@article{andreu2021single,
	title={Single-trial recognition of video gamer’s expertise from brain haemodynamic and facial emotion responses},
	author={Andreu-Perez, Ana R and Kiani, Mehrin and Andreu-Perez, Javier and Reddy, Pratusha and Andreu-Abela, Jaime and Pinto, Maria and Izzetoglu, Kurtulus},
	journal={Brain Sciences},
	volume={11},
	number={1},
	pages={106},
	year={2021},
	publisher={Mdpi}
}

@article{vega2022fuzzy,
	title={Fuzzy temporal convolutional neural networks in P300-based Brain--computer interface for smart home interaction},
	author={Vega, Christian Flores and Quevedo, Jonathan and Escand{\'o}n, Elmer and Kiani, Mehrin and Ding, Weiping and Andreu-Perez, Javier},
	journal={Applied Soft Computing},
	volume={117},
	pages={108359},
	year={2022},
	publisher={Elsevier}
}

@article{andreu2021explainable,
	title={Explainable artificial intelligence based analysis for interpreting infant fNIRS data in developmental cognitive neuroscience},
	author={Andreu-Perez, Javier and Emberson, Lauren L and Kiani, Mehrin and Filippetti, Maria Laura and Hagras, Hani and Rigato, Silvia},
	journal={Communications biology},
	volume={4},
	number={1},
	pages={1077},
	year={2021},
	publisher={Nature Publishing Group UK London}
}

@inproceedings{al2020deep,
	title={Deep learning towards intelligent vehicle fault diagnosis},
	author={Al-Zeyadi, Mohammed and Andreu-Perez, Javier and Hagras, Hani and Royce, Chris and Smith, Darren and Rzonsowski, Piotr and Malik, Ali},
	booktitle={2020 International Joint Conference on Neural Networks (IJCNN)},
	pages={1--7},
	year={2020},
	organization={IEEE}
}

@article{atakishiyev2021explainable,
	title={Explainable artificial intelligence for autonomous driving: A comprehensive overview and field guide for future research directions},
	author={Atakishiyev, Shahin and Salameh, Mohammad and Yao, Hengshuai and Goebel, Randy},
	journal={arXiv preprint arXiv:2112.11561},
	year={2021}
}

@inproceedings{jin2022evaluating,
	title={Evaluating explainable AI on a multi-modal medical imaging task: Can existing algorithms fulfill clinical requirements?},
	author={Jin, Weina and Li, Xiaoxiao and Hamarneh, Ghassan},
	booktitle={Proceedings of the AAAI Conference on Artificial Intelligence},
	volume={36},
	number={11},
	pages={11945--11953},
	year={2022}
}
@article{bengio2013estimating,
	title={Estimating or propagating gradients through stochastic neurons for conditional computation},
	author={Bengio, Yoshua and L{\'e}onard, Nicholas and Courville, Aaron},
	journal={arXiv preprint arXiv:1308.3432},
	year={2013}
}
@article{courbariaux2015binaryconnect,
	title={Binaryconnect: Training deep neural networks with binary weights during propagations},
	author={Courbariaux, Matthieu and Bengio, Yoshua and David, Jean-Pierre},
	journal={Advances in neural information processing systems},
	volume={28},
	year={2015}
}

@article{bai2018proxquant,
  title={Proxquant: Quantized neural networks via proximal operators},
  author={Bai, Yu and Wang, Yu-Xiang and Liberty, Edo},
  journal={arXiv preprint arXiv:1810.00861},
  year={2018}
}

@article{li2024interpreting,
  title={Interpreting unsupervised anomaly detection in security via rule extraction},
  author={Li, Ruoyu and Li, Qing and Zhang, Yu and Zhao, Dan and Jiang, Yong and Yang, Yong},
  journal={Advances in Neural Information Processing Systems},
  volume={36},
  year={2024}
}

@article{scikit-learn,
  title={Scikit-learn: Machine Learning in {P}ython},
  author={Pedregosa, F. and Varoquaux, G. and Gramfort, A. and Michel, V.
          and Thirion, B. and Grisel, O. and Blondel, M. and Prettenhofer, P.
          and Weiss, R. and Dubourg, V. and Vanderplas, J. and Passos, A. and
          Cournapeau, D. and Brucher, M. and Perrot, M. and Duchesnay, E.},
  journal={Journal of Machine Learning Research},
  volume={12},
  pages={2825--2830},
  year={2011}
}

@article{moro2014data,
  title={A data-driven approach to predict the success of bank telemarketing},
  author={Moro, S{\'e}rgio and Cortez, Paulo and Rita, Paulo},
  journal={Decision Support Systems},
  volume={62},
  pages={22--31},
  year={2014},
  publisher={Elsevier}
}

@inproceedings{panda2021bayesian,
	title={Bayesian pruned random rule foams for XAI},
	author={Panda, Akash Kumar and Kosko, Bart},
	booktitle={2021 IEEE International Conference on Fuzzy Systems (FUZZ-IEEE)},
	pages={1--6},
	year={2021},
	organization={IEEE}
}

@article{kaplun2022knowledge,
	title={Knowledge distillation: Bad models can be good role models},
	author={Kaplun, Gal and Malach, Eran and Nakkiran, Preetum and Shalev-Shwartz, Shai},
	journal={Advances in Neural Information Processing Systems},
	volume={35},
	pages={28683--28694},
	year={2022}
}
@inproceedings{wang2020transparent,
	title={Transparent classification with multilayer logical perceptrons and random binarization},
	author={Wang, Zhuo and Zhang, Wei and Ning, LIU and Wang, Jianyong},
	booktitle={Proceedings of the AAAI conference on artificial intelligence},
	volume={34},
	number={04},
	pages={6331--6339},
	year={2020}
}


@inproceedings{smith1988using,
  title={Using the ADAP learning algorithm to forecast the onset of diabetes mellitus},
  author={Smith, J.W. and Everhart, J.E. and Dickson, W.C. and Knowler, W.C. and Johannes, R.S.},
  booktitle={Proceedings of the Symposium on Computer Applications and Medical Care},
  pages={261--265},
  year={1988},
  organization={IEEE Computer Society Press}
}

@inproceedings{he2016deep,
  title={Deep residual learning for image recognition},
  author={He, Kaiming and Zhang, Xiangyu and Ren, Shaoqing and Sun, Jian},
  booktitle={Proceedings of the IEEE conference on computer vision and pattern recognition},
  pages={770--778},
  year={2016}
}

@article{loshchilov2016sgdr,
  title={Sgdr: Stochastic gradient descent with warm restarts},
  author={Loshchilov, Ilya and Hutter, Frank},
  journal={arXiv preprint arXiv:1608.03983},
  year={2016}
}


@article{chua2023tackling,
  title={Tackling prediction uncertainty in machine learning for healthcare},
  author={Chua, Michelle and Kim, Doyun and Choi, Jongmun and Lee, Nahyoung G and Deshpande, Vikram and Schwab, Joseph and Lev, Michael H and Gonzalez, Ramon G and Gee, Michael S and Do, Synho},
  journal={Nature Biomedical Engineering},
  volume={7},
  number={6},
  pages={711--718},
  year={2023},
  publisher={Nature Publishing Group UK London}
}
@inproceedings{klas2018uncertainty,
  title={Uncertainty in machine learning applications: A practice-driven classification of uncertainty},
  author={Kl{\"a}s, Michael and Vollmer, Anna Maria},
  booktitle={Computer Safety, Reliability, and Security: SAFECOMP 2018 Workshops, ASSURE, DECSoS, SASSUR, STRIVE, and WAISE, V{\"a}ster{\aa}s, Sweden, September 18, 2018, Proceedings 37},
  pages={431--438},
  year={2018},
  organization={Springer}
}
@inproceedings{vemuri2024enhancing,
	title={Enhancing Concept-based Learning with Logic},
author={Deepika Vemuri and Gautham Bellamkonda and Vineeth N. Balasubramanian},
booktitle={ICML 2024 Workshop on Differentiable Almost Everything: Differentiable Relaxations, Algorithms, Operators, and Simulators},
year={2024}
}

@article{klambauer2017self,
  title={Self-normalizing neural networks},
  author={Klambauer, G{\"u}nter and Unterthiner, Thomas and Mayr, Andreas and Hochreiter, Sepp},
  journal={Advances in neural information processing systems},
  volume={30},
  year={2017}
}

@inproceedings{petersen2022,
	author = {Petersen, Felix and Borgelt, Christian and Kuehne, Hilde and Deussen, Oliver},
	booktitle = {Advances in Neural Information Processing Systems},
	editor = {S. Koyejo and S. Mohamed and A. Agarwal and D. Belgrave and K. Cho and A. Oh},
	pages = {2006--2018},
	publisher = {Curran Associates, Inc.},
	title = {Deep Differentiable Logic Gate Networks},
	volume = {35},
	year = {2022}
}


@inproceedings{barbiero2023interpretable,
	title={Interpretable neural-symbolic concept reasoning},
	author={Barbiero, Pietro and Ciravegna, Gabriele and Giannini, Francesco and Zarlenga, Mateo Espinosa and Magister, Lucie Charlotte and Tonda, Alberto and Li{\'o}, Pietro and Precioso, Frederic and Jamnik, Mateja and Marra, Giuseppe},
	booktitle={International Conference on Machine Learning},
	pages={1801--1825},
	year={2023},
	organization={PMLR}
}

@book{hajek2013metamathematics,
	title={Metamathematics of fuzzy logic},
	author={H{\'a}jek, Petr},
	volume={4},
	year={2013},
	publisher={Springer Science \& Business Media}
}


@book{mendel2023explainable,
	title={Explainable Uncertain Rule-Based Fuzzy Systems},
	author={Mendel, Jerry M},
	year={2023},
	publisher={Springer}
}
@article{mendel2021critical,
	title={Critical thinking about explainable AI (XAI) for rule-based fuzzy systems},
	author={Mendel, Jerry M and Bonissone, Piero P},
	journal={IEEE Transactions on Fuzzy Systems},
	volume={29},
	number={12},
	pages={3579--3593},
	year={2021},
	publisher={IEEE}
}
@article{lundberg2020local,
	title={From local explanations to global understanding with explainable AI for trees},
	author={Lundberg, Scott M and Erion, Gabriel and Chen, Hugh and DeGrave, Alex and Prutkin, Jordan M and Nair, Bala and Katz, Ronit and Himmelfarb, Jonathan and Bansal, Nisha and Lee, Su-In},
	journal={Nature machine intelligence},
	volume={2},
	number={1},
	pages={56--67},
	year={2020},
	publisher={Nature Publishing Group}
}
@article{lecun2015deep,
	title={Deep learning},
	author={LeCun, Yann and Bengio, Yoshua and Hinton, Geoffrey},
	journal={{N}ature},
	volume={521},
	number={7553},
	pages={436--444},
	year={2015},
	publisher={Nature Publishing Group UK London}
}
@article{gutierrez2024toward,
	title={Toward assessment of human voice biomarkers of brain lesions through explainable deep learning},
	author={Guti{\'e}rrez-Seraf{\'\i}n, Benjam{\'\i}n and Andreu-Perez, Javier and P{\'e}rez-Espinosa, Humberto and Paulmann, Silke and Ding, Weiping},
	journal={Biomedical Signal Processing and Control},
	volume={87},
	pages={105457},
	year={2024},
	publisher={Elsevier}
}

@inproceedings{goodfellow2013,
    author = {Goodfellow, Ian J. and Warde-Farley, David and Mirza, Mehdi and Courville, Aaron and Bengio, Yoshua},
    title = {Maxout networks},
    year = {2013},
    booktitle = {Proceedings of the 30th International Conference on International Conference on Machine Learning - Volume 28},
    pages = {III–1319–III–1327},
    series = {ICML'13}
}

@misc{schoenbauer2024,
      title={Custom Gradient Estimators are Straight-Through Estimators in Disguise}, 
      author={Matt Schoenbauer and Daniele Moro and Lukasz Lew and Andrew Howard},
      year={2024},
      eprint={2405.05171},
      archivePrefix={arXiv},
      primaryClass={cs.LG},
      url={https://arxiv.org/abs/2405.05171} 
}


@inproceedings{wei2019generalized,
	title={Generalized linear rule models},
	author={Wei, Dennis and Dash, Sanjeeb and Gao, Tian and Gunluk, Oktay},
	booktitle={International conference on machine learning},
	pages={6687--6696},
	year={2019},
	organization={PMLR}
}

@article{zadeh1975concept,
  title={The concept of a linguistic variable and its application to approximate reasoning—I},
  author={Zadeh, Lotfi Asker},
  journal={Information sciences},
  volume={8},
  number={3},
  pages={199--249},
  year={1975},
  publisher={Elsevier}
}

@book{quinlan1993c4,
  title={C4.5: Programs for Machine Learning},
  author={Quinlan, J. Ross},
  year={1993},
  publisher={Morgan Kaufmann}
}


@inproceedings{zhang2023learning,
	title={Learning to binarize continuous features for neuro-rule networks},
	author={Zhang, Wei and Liu, Yongxiang and Wang, Zhuo and Wang, Jianyong},
	booktitle={Proceedings of the Thirty-Second International Joint Conference on Artificial Intelligence},
	pages={4584--4592},
	year={2023}
}

@book{hackeling2017mastering,
	title={Mastering Machine Learning with scikit-learn},
	author={Hackeling, Gavin},
	year={2017},
	publisher={Packt Publishing Ltd}
}
@article{friedman2001greedy,
	title={Greedy function approximation: a gradient boosting machine},
	author={Friedman, Jerome H},
	journal={Annals of statistics},
	pages={1189--1232},
	year={2001},
	publisher={JSTOR}
}
@inproceedings{ho1995random,
	title={Random decision forests},
	author={Ho, Tin Kam},
	booktitle={Proceedings of 3rd international conference on document analysis and recognition},
	volume={1},
	pages={278--282},
	year={1995},
	organization={IEEE}
}

@article{wang2021scalable,
	title={Scalable rule-based representation learning for interpretable classification},
	author={Wang, Zhuo and Zhang, Wei and Liu, Ning and Wang, Jianyong},
	journal={Advances in Neural Information Processing Systems},
	volume={34},
	pages={30479--30491},
	year={2021}
}

@article{fumanalex,
	title={Ex-Fuzzy: A Library for Symbolic Explainable AI Through Fuzzy Logic Programming},
	author={Fumanal-Idocin, Javier and Andreu-Perez, Javier},
	journal={SSNR}
}

@article{timofeev2004classification,
	title={Classification and regression trees (CART) theory and applications},
	author={Timofeev, Roman},
	journal={Humboldt University, Berlin},
	volume={54},
	year={2004}
}

@article{wang2023learning,
	title={Learning interpretable rules for scalable data representation and classification},
	author={Wang, Zhuo and Zhang, Wei and Liu, Ning and Wang, Jianyong},
	journal={IEEE Transactions on Pattern Analysis and Machine Intelligence},
	year={2024},
	publisher={IEEE}
}

@inproceedings{nguyen2021evaluation,
	title={Evaluation of explainable artificial intelligence: Shap, lime, and cam},
	author={Nguyen, Hung Truong Thanh and Cao, Hung Quoc and Nguyen, Khang Vo Thanh and Pham, Nguyen Dinh Khoi},
	booktitle={Proceedings of the FPT AI Conference},
	pages={1--6},
	year={2021}
}

@article{kokhlikyan2020captum,
	title={Captum: A unified and generic model interpretability library for pytorch},
	author={Kokhlikyan, Narine and Miglani, Vivek and Martin, Miguel and Wang, Edward and Alsallakh, Bilal and Reynolds, Jonathan and Melnikov, Alexander and Kliushkina, Natalia and Araya, Carlos and Yan, Siqi and others},
	journal={arXiv preprint arXiv:2009.07896},
	year={2020}
}

@article{mkhitaryan2022fcmpy,
	title={FCMpy: a python module for constructing and analyzing fuzzy cognitive maps},
	author={Mkhitaryan, Samvel and Giabbanelli, Philippe and Wozniak, Maciej K and N{\'a}poles, Gonzalo and De Vries, Nanne and Crutzen, Rik},
	journal={PeerJ Computer Science},
	volume={8},
	pages={e1078},
	year={2022},
	publisher={PeerJ Inc.}
}

@article{kosko1986fuzzy,
	title={Fuzzy cognitive maps},
	author={Kosko, Bart},
	journal={International journal of man-machine studies},
	volume={24},
	number={1},
	pages={65--75},
	year={1986},
	publisher={Elsevier}
}

@article{fumanal2023artxai,
	title={Artxai: Explainable artificial intelligence curates deep representation learning for artistic images using fuzzy techniques},
	author={Fumanal-Idocin, Javier and Andreu-Perez, Javier and Cord, Oscar and Hagras, Hani and Bustince, Humberto and others},
	journal={IEEE Transactions on Fuzzy Systems},
	year={2023},
	publisher={IEEE}
}


@article{fernandez2022factual,
	title={Factual and counterfactual explanations in fuzzy classification trees},
	author={Fern{\'a}ndez, Guillermo and Aledo, Juan A and Gamez, Jos{\'e} Antonio and Puerta, Jose M},
	journal={IEEE Transactions on Fuzzy Systems},
	volume={30},
	number={12},
	pages={5484--5495},
	year={2022},
	publisher={IEEE}
}
@article{wilcox2015fnirs,
	title={fNIRS in the developmental sciences},
	author={Wilcox, Teresa and Biondi, Marisa},
	journal={Wiley Interdisciplinary Reviews: Cognitive Science},
	volume={6},
	number={3},
	pages={263--283},
	year={2015},
	publisher={Wiley Online Library}
}

@article{wilcox2015fnirs,
	title={fNIRS in the developmental sciences},
	author={Wilcox, Teresa and Biondi, Marisa},
	journal={Wiley Interdisciplinary Reviews: Cognitive Science},
	volume={6},
	number={3},
	pages={263--283},
	year={2015},
	publisher={Wiley Online Library}
}
@inproceedings{fumanal2023stability,
	title={On the Stability of Fuzzy Classifiers to Noise Induction},
	author={Fumanal-Idocin, Javier and Bustince, Humberto and Andreu-Perez, Javier and Hagras, Hani},
	booktitle={2023 IEEE International Conference on Fuzzy Systems (FUZZ)},
	pages={1--6},
	year={2023},
	organization={IEEE}
}

@article{fumanal2023krypteia,
	title={The Krypteia ensemble: Designing classifier ensembles using an ancient Spartan military tradition},
	author={Fumanal-Idocin, J and Cord{\'o}n, O and Bustince, H},
	journal={Information Fusion},
	volume={90},
	pages={283--297},
	year={2023},
	publisher={Elsevier}
}

@article{kowsari2019text,
	title={Text classification algorithms: A survey},
	author={Kowsari, Kamran and Jafari Meimandi, Kiana and Heidarysafa, Mojtaba and Mendu, Sanjana and Barnes, Laura and Brown, Donald},
	journal={Information},
	volume={10},
	number={4},
	pages={150},
	year={2019},
	publisher={MDPI}
}

@article{larranaga2006machine,
	title={Machine learning in bioinformatics},
	author={Larranaga, Pedro and Calvo, Borja and Santana, Roberto and Bielza, Concha and Galdiano, Josu and Inza, Inaki and Lozano, Jos{\'e} A and Armananzas, Rub{\'e}n and Santaf{\'e}, Guzm{\'a}n and P{\'e}rez, Aritz and others},
	journal={Briefings in bioinformatics},
	volume={7},
	number={1},
	pages={86--112},
	year={2006},
	publisher={Oxford University Press}
}

@article{krizhevsky2017imagenet,
	title={Imagenet classification with deep convolutional neural networks},
	author={Krizhevsky, Alex and Sutskever, Ilya and Hinton, Geoffrey E},
	journal={Communications of the ACM},
	volume={60},
	number={6},
	pages={84--90},
	year={2017},
	publisher={AcM New York, NY, USA}
}

@article{kotsiantis2007supervised,
	title={Supervised machine learning: A review of classification techniques},
	author={Kotsiantis, Sotiris B and Zaharakis, Ioannis and Pintelas, P and others},
	journal={Emerging artificial intelligence applications in computer engineering},
	volume={160},
	number={1},
	pages={3--24},
	year={2007},
	publisher={Amsterdam}
}

@inproceedings{agrawal2018comparison,
	title={Comparison of fuzzy integral-fuzzy measure based ensemble algorithms with the state-of-the-art ensemble algorithms},
	author={Agrawal, Utkarsh and Pinar, Anthony J and Wagner, Christian and Havens, Timothy C and Soria, Daniele and Garibaldi, Jonathan M},
	booktitle={International Conference on Information Processing and Management of Uncertainty in Knowledge-Based Systems},
	pages={329--341},
	year={2018},
	organization={Springer}
}

@article{sanz2013ivturs,
	title={IVTURS: A linguistic fuzzy rule-based classification system based on a new interval-valued fuzzy reasoning method with tuning and rule selection},
	author={Sanz, Jos{\'e} Antonio and Fern{\'a}ndez, Alberto and Bustince, Humberto and Herrera, Francisco},
	journal={IEEE Transactions on Fuzzy Systems},
	volume={21},
	number={3},
	pages={399--411},
	year={2013},
	publisher={IEEE}
}

@inproceedings{wang2006classification,
	title={Classification of imbalanced data by using the SMOTE algorithm and locally linear embedding},
	author={Wang, Juanjuan and Xu, Mantao and Wang, Hui and Zhang, Jiwu},
	booktitle={2006 8th international Conference on Signal Processing},
	volume={3},
	year={2006},
	organization={IEEE}
}

@article{porebski2022evaluation,
	title={Evaluation of fuzzy membership functions for linguistic rule-based classifier focused on explainability, interpretability and reliability},
	author={Porebski, Sebastian},
	journal={Expert Systems with Applications},
	volume={199},
	pages={117116},
	year={2022},
	publisher={Elsevier}
}

@inproceedings{mishra2017local,
	title={Local interpretable model-agnostic explanations for music content analysis.},
	author={Mishra, Saumitra and Sturm, Bob L and Dixon, Simon},
	booktitle={ISMIR},
	volume={53},
	pages={537--543},
	year={2017}
}

@article{angelov2008evolving,
	title={Evolving fuzzy-rule-based classifiers from data streams},
	author={Angelov, Plamen P and Zhou, Xiaowei},
	journal={Ieee transactions on fuzzy systems},
	volume={16},
	number={6},
	pages={1462--1475},
	year={2008},
	publisher={IEEE}
}

@article{pereira2020mltl,
	title={MLTL: A multi-label approach for the Tomek Link undersampling algorithm},
	author={Pereira, Rodolfo M and Costa, Yandre MG and Silla Jr, Carlos N},
	journal={Neurocomputing},
	volume={383},
	pages={95--105},
	year={2020},
	publisher={Elsevier}
}

@article{gagne2020machine,
	title={Machine learning for stochastic parameterization: Generative adversarial networks in the Lorenz'96 model},
	author={Gagne, David John and Christensen, Hannah M and Subramanian, Aneesh C and Monahan, Adam H},
	journal={Journal of Advances in Modeling Earth Systems},
	volume={12},
	number={3},
	pages={e2019MS001896},
	year={2020},
	publisher={Wiley Online Library}
}


@article{cortes1995support,
	title={Support-vector networks},
	author={Cortes, Corinna and Vapnik, Vladimir},
	journal={Machine learning},
	volume={20},
	number={3},
	pages={273--297},
	year={1995},
	publisher={Springer}
}

@article{archer1991fuzzy,
	title={Fuzzy set representation of neural network classification boundaries},
	author={Archer, Norman P and Wang, Shouhong},
	journal={IEEE transactions on systems, man, and cybernetics},
	volume={21},
	number={4},
	pages={735--742},
	year={1991},
	publisher={IEEE}
}

@article{rodriguez2012assessment,
	title={An assessment of the effectiveness of a random forest classifier for land-cover classification},
	author={Rodriguez-Galiano, Victor Francisco and Ghimire, Bardan and Rogan, John and Chica-Olmo, Mario and Rigol-Sanchez, Juan Pedro},
	journal={ISPRS journal of photogrammetry and remote sensing},
	volume={67},
	pages={93--104},
	year={2012},
	publisher={Elsevier}
}

@article{freund1997decision,
	title={A decision-theoretic generalization of on-line learning and an application to boosting},
	author={Freund, Yoav and Schapire, Robert E},
	journal={Journal of computer and system sciences},
	volume={55},
	number={1},
	pages={119--139},
	year={1997},
	publisher={Elsevier}
}

@article{wang2019invisible,
	title={Invisible adversarial attack against deep neural networks: An adaptive penalization approach},
	author={Wang, Zhibo and Song, Mengkai and Zheng, Siyan and Zhang, Zhifei and Song, Yang and Wang, Qian},
	journal={IEEE Transactions on Dependable and Secure Computing},
	volume={18},
	number={3},
	pages={1474--1488},
	year={2019},
	publisher={IEEE}
}

@article{candanedo2016accurate,
	title={Accurate occupancy detection of an office room from light, temperature, humidity and CO2 measurements using statistical learning models},
	author={Candanedo, Luis M and Feldheim, V{\'e}ronique},
	journal={Energy and Buildings},
	volume={112},
	pages={28--39},
	year={2016},
	publisher={Elsevier}
}

@article{mendel2017uncertain,
	title={Uncertain rule-based fuzzy systems},
	author={Mendel, Jerry M},
	journal={Introduction and new directions},
	pages={684},
	year={2017},
	publisher={Springer}
}

@article{mendel2015comments,
	title={Comments on “Interval type-2 fuzzy sets are generalization of interval-valued fuzzy sets: Towards a wide view on their relationship”},
	author={Mendel, Jerry M and Hagras, Hani and Bustince, Humberto and Herrera, Francisco},
	journal={IEEE Transactions on Fuzzy Systems},
	volume={24},
	number={1},
	pages={249--250},
	year={2015},
	publisher={IEEE}
}

@article{hagras2004hierarchical,
	title={Novel Levenberg--Marquardt based learning algorithm for unmanned aerial vehicles},
	author={Sarabakha, Andriy and Imanberdiyev, Nursultan and Kayacan, Erdal and Khanesar, Mojtaba Ahmadieh and Hagras, Hani},
	journal={Information Sciences},
	volume={417},
	pages={361--380},
	year={2017},
	publisher={Elsevier}
}

@article{mendel2000uncertainty,
	title={Uncertainty, fuzzy logic, and signal processing},
	author={Mendel, Jerry M},
	journal={Signal Processing},
	volume={80},
	number={6},
	pages={913--933},
	year={2000},
	publisher={Elsevier}
}

@inproceedings{sharma2021python,
	title={A python software library for computing with words and perceptions},
	author={Sharma, Deepak and Gupta, Prashant K and Andreu-Perez, Javier and Mendel, Jerry M and L{\'o}pez, Luis Mart{\'\i}nez},
	booktitle={2021 IEEE International Conference on Fuzzy Systems (FUZZ-IEEE)},
	pages={1--6},
	year={2021},
	organization={IEEE}
}

@inproceedings{d2020juzzy,
	title={Juzzy constrained: Software for constrained interval type-2 fuzzy sets and systems in Java},
	author={D’Alterio, Pasquale and Garibaldi, Jonathan M and John, Robert I and Wagner, Christian},
	booktitle={2020 IEEE International Conference on Fuzzy Systems (FUZZ-IEEE)},
	pages={1--8},
	year={2020},
	organization={IEEE}
}


@inproceedings{wagner2013juzzy,
	title={Juzzy-a java based toolkit for type-2 fuzzy logic},
	author={Wagner, Christian},
	booktitle={2013 IEEE Symposium on Advances in Type-2 Fuzzy Logic Systems (T2FUZZ)},
	pages={45--52},
	year={2013},
	organization={IEEE}
}

@inproceedings{nayak2015fuzzy,
	title={Fuzzy C-means (FCM) clustering algorithm: a decade review from 2000 to 2014},
	author={Nayak, Janmenjoy and Naik, Bighnaraj and Behera, HSr},
	booktitle={Computational Intelligence in Data Mining-Volume 2: Proceedings of the International Conference on CIDM, 20-21 December 2014},
	pages={133--149},
	year={2015},
	organization={Springer}
}

@techreport{hagberg2008exploring,
	title={Exploring network structure, dynamics, and function using NetworkX},
	author={Hagberg, Aric and Swart, Pieter and S Chult, Daniel},
	year={2008},
	institution={Los Alamos National Lab.(LANL), Los Alamos, NM (United States)}
}


@article{harris2020array,
	title={Array programming with NumPy},
	author={Harris, Charles R and Millman, K Jarrod and Van Der Walt, St{\'e}fan J and Gommers, Ralf and Virtanen, Pauli and Cournapeau, David and Wieser, Eric and Taylor, Julian and Berg, Sebastian and Smith, Nathaniel J and others},
	journal={Nature},
	volume={585},
	number={7825},
	pages={357--362},
	year={2020},
	publisher={Nature Publishing Group UK London}
}

@inproceedings{bastian2009gephi,
	title={Gephi: an open source software for exploring and manipulating networks},
	author={Bastian, Mathieu and Heymann, Sebastien and Jacomy, Mathieu},
	booktitle={Proceedings of the international AAAI conference on web and social media},
	volume={3},
	number={1},
	pages={361--362},
	year={2009}
}

@ARTICLE{pymoo,
	author={J. {Blank} and K. {Deb}},
	journal={IEEE Access},
	title={pymoo: Multi-Objective Optimization in Python},
	year={2020},
	volume={8},
	number={},
	pages={89497-89509},
}


@software{josh_warner_2019_3541386,
	author       = {Josh Warner and
	Jason Sexauer and
	Aishwarya Unnikrishnan and
	Guilherme Castelão and
	Felipe Arruda Pontes and
	Tobias Uelwer and
	laurazh and
	Fernando Batista and
	alexbuy and
	Wouter Van den Broeck and
	William Song and
	The Gitter Badger and
	Roberto Abdelkader Martínez Pérez and
	James F. Power and
	Himanshu Mishra and
	Guillem Orellana Trullols and
	Axel Hörteborn},
	title        = {JDWarner/scikit-fuzzy: Scikit-Fuzzy version 0.4.2},
	month        = nov,
	year         = 2019,
	publisher    = {Zenodo},
	version      = {v0.4.2},
	
}

@article{alcala2011fuzzy,
	title={A fuzzy association rule-based classification model for high-dimensional problems with genetic rule selection and lateral tuning},
	author={Alcal{\'a}-Fdez, Jes{\'u}s and Alcala, Rafael and Herrera, Francisco},
	journal={IEEE Transactions on Fuzzy systems},
	volume={19},
	number={5},
	pages={857--872},
	year={2011},
	publisher={IEEE}
}

@inproceedings{yuan2017improved,
	title={An improved Apriori algorithm for mining association rules},
	author={Yuan, Xiuli},
	booktitle={AIP conference proceedings},
	volume={1820},
	number={1},
	year={2017},
	organization={AIP Publishing}
}

@article{rudolph1994convergence,
	title={Convergence analysis of canonical genetic algorithms},
	author={Rudolph, G{\"u}nter},
	journal={IEEE transactions on neural networks},
	volume={5},
	number={1},
	pages={96--101},
	year={1994},
	publisher={IEEE}
}




@article{huhn2009furia,
	title={FURIA: an algorithm for unordered fuzzy rule induction},
	author={H{\"u}hn, Jens and H{\"u}llermeier, Eyke},
	journal={Data Mining and Knowledge Discovery},
	volume={19},
	pages={293--319},
	year={2009},
	publisher={Springer}
}


@ARTICLE{6450073,
	author={Pancho, David P. and Alonso, Jose M. and Cordón, Oscar and Quirin, Arnaud and Magdalena, Luis},
	journal={IEEE Transactions on Fuzzy Systems}, 
	title={FINGRAMS: Visual Representations of Fuzzy Rule-Based Inference for Expert Analysis of Comprehensibility}, 
	year={2013},
	volume={21},
	number={6},
	pages={1133-1149}}


@inproceedings{jaworski2012fuzzy,
	title={On fuzzy clustering of data streams with concept drift},
	author={Jaworski, Maciej and Duda, Piotr and Pietruczuk, Lena},
	booktitle={International Conference on Artificial Intelligence and Soft Computing},
	pages={82--91},
	year={2012},
	organization={Springer}
}


@article{fumanalex2024,
	title = {Ex-Fuzzy: A library for symbolic explainable AI through fuzzy logic programming},
	journal = {Neurocomputing},
	pages = {128048},
	year = {2024},
	issn = {0925-2312},
	author = {Javier Fumanal-Idocin and Javier Andreu-Perez},
}

@article{jang2016categorical,
	title={Categorical reparameterization with gumbel-softmax},
	author={Jang, Eric and Gu, Shixiang and Poole, Ben},
	journal={arXiv preprint arXiv:1611.01144},
	year={2016}
}


@article{ren2016ensemble,
	title={Ensemble classification and regression-recent developments, applications and future directions},
	author={Ren, Ye and Zhang, Le and Suganthan, Ponnuthurai N},
	journal={IEEE Computational intelligence magazine},
	volume={11},
	number={1},
	pages={41--53},
	year={2016},
	publisher={IEEE}
}

@article{noble2006support,
	title={What is a support vector machine?},
	author={Noble, William S},
	journal={Nature biotechnology},
	volume={24},
	number={12},
	pages={1565--1567},
	year={2006},
	publisher={Nature Publishing Group UK London}
}

@article{kotsiantis2013decision,
	title={Decision trees: a recent overview},
	author={Kotsiantis, Sotiris B},
	journal={Artificial Intelligence Review},
	volume={39},
	pages={261--283},
	year={2013},
	publisher={Springer}
}

@article{murtagh1991multilayer,
	title={Multilayer perceptrons for classification and regression},
	author={Murtagh, Fionn},
	journal={Neurocomputing},
	volume={2},
	number={5-6},
	pages={183--197},
	year={1991},
	publisher={Elsevier}
}

@inproceedings{hu2018does,
	title={Does distributionally robust supervised learning give robust classifiers?},
	author={Hu, Weihua and Niu, Gang and Sato, Issei and Sugiyama, Masashi},
	booktitle={International Conference on Machine Learning},
	pages={2029--2037},
	year={2018},
	organization={PMLR}
}

@article{sanz2014compact,
	title={A compact evolutionary interval-valued fuzzy rule-based classification system for the modeling and prediction of real-world financial applications with imbalanced data},
	author={Sanz, Jos{\'e} Antonio and Bernardo, Dario and Herrera, Francisco and Bustince, Humberto and Hagras, Hani},
	journal={IEEE Transactions on Fuzzy Systems},
	volume={23},
	number={4},
	pages={973--990},
	year={2014},
	publisher={IEEE}
}

@inproceedings{cui2021curse,
	title={Curse of dimensionality for tsk fuzzy neural networks: Explanation and solutions},
	author={Cui, Yuqi and Wu, Dongrui and Xu, Yifan},
	booktitle={2021 International Joint Conference on Neural Networks (IJCNN)},
	pages={1--8},
	year={2021},
	organization={IEEE}
}
@article{atienza2022pybnesian,
	title={PyBNesian: An extensible python package for Bayesian networks},
	author={Atienza, David and Bielza, Concha and Larra{\~n}aga, Pedro},
	journal={Neurocomputing},
	volume={504},
	pages={204--209},
	year={2022},
	publisher={Elsevier}
}

@incollection{NIPS2017_7062,
	title = {A Unified Approach to Interpreting Model Predictions},
	author = {Lundberg, Scott M and Lee, Su-In},
	booktitle = {Advances in Neural Information Processing Systems 30},
	editor = {I. Guyon and U. V. Luxburg and S. Bengio and H. Wallach and R. Fergus and S. Vishwanathan and R. Garnett},
	pages = {4765--4774},
	year = {2017},
	publisher = {Curran Associates, Inc.},
}
@article{zadeh1997toward,
	title={Toward a theory of fuzzy information granulation and its centrality in human reasoning and fuzzy logic},
	author={Zadeh, Lotfi A},
	journal={Fuzzy sets and systems},
	volume={90},
	number={2},
	pages={111--127},
	year={1997},
	publisher={Elsevier}
}
@book{kosko1992neural,
	title={Neural networks and fuzzy systems: a dynamical systems approach to machine intelligence},
	author={Kosko, Bart},
	year={1992},
	publisher={Prentice-Hall, Inc.}
}

@inproceedings{ross2017right,
	title={Right for the right reasons: training differentiable models by constraining their explanations},
	author={Ross, Andrew Slavin and Hughes, Michael C and Doshi-Velez, Finale},
	booktitle={Proceedings of the 26th International Joint Conference on Artificial Intelligence},
	pages={2662--2670},
	year={2017}
}

@inproceedings{pancho2014analyzing,
	title={Analyzing fuzzy association rules with Fingrams in KEEL},
	author={Pancho, David P and Alonso, Jose M and Alcal{\'a}-Fdez, Jes{\'u}s and Magdalena, Luis},
	booktitle={2014 IEEE International Conference on Fuzzy Systems (FUZZ-IEEE)},
	pages={2352--2359},
	year={2014},
	organization={IEEE}
}

@article{triguero2017keel,
	title={KEEL 3.0: an open source software for multi-stage analysis in data mining},
	author={Triguero, Isaac and Gonz{\'a}lez, Sergio and Moyano, Jose M and Garc{\'\i}a L{\'o}pez, Salvador and Alcal{\'a} Fern{\'a}ndez, Jes{\'u}s and Luengo Mart{\'\i}n, Juli{\'a}n and Fern{\'a}ndez Hilario, Alberto Luis and Jes{\'u}s D{\'\i}az, Mar{\'\i}a Jos{\'e} del and S{\'a}nchez, Luciano and Herrera Triguero, Francisco and others},
	year={2017},
	publisher={Atlantis Press}
}
@article{kiani2022temporal,
	title={A Temporal Type-2 Fuzzy System for Time-dependent Explainable Artificial Intelligence},
	author={Kiani, Mehrin and Andreu-Perez, Javier and Hagras, Hani},
	journal={IEEE Transactions on Artificial Intelligence},
	year={2022},
	publisher={IEEE}
}

@misc{kelly2025uci,
  author = {Markelle Kelly and Rachel Longjohn and Kolby Nottingham},
  title = {The UCI Machine Learning Repository},
  year = {},
  url = {https://archive.ics.uci.edu}
}

@inproceedings{liu2017fuzzy,
	title={Fuzzy time windowing for gradual concept drift adaptation},
	author={Liu, Anjin and Zhang, Guangquan and Lu, Jie},
	booktitle={2017 IEEE International Conference on Fuzzy Systems (FUZZ-IEEE)},
	pages={1--6},
	year={2017},
	organization={IEEE}
}

@article{vzliobaite2016overview,
	title={An overview of concept drift applications},
	author={{\v{Z}}liobait{\.e}, Indr{\.e} and Pechenizkiy, Mykola and Gama, Joao},
	journal={Big data analysis: new algorithms for a new society},
	pages={91--114},
	year={2016},
	publisher={Springer}
}

@article{pratama2016incremental,
	title={An incremental learning of concept drifts using evolving type-2 recurrent fuzzy neural networks},
	author={Pratama, Mahardhika and Lu, Jie and Lughofer, Edwin and Zhang, Guangquan and Er, Meng Joo},
	journal={IEEE Transactions on Fuzzy Systems},
	volume={25},
	number={5},
	pages={1175--1192},
	year={2016},
	publisher={IEEE}
}


@article{Giannini2023,
    author={Giannini, Francesco
    and Diligenti, Michelangelo
    and Maggini, Marco
    and Gori, Marco
    and Marra, Giuseppe},
    title={{T}-norms driven loss functions for machine learning},
    journal={Applied Intelligence},
    year={2023},
    volume={53},
    number={15}
}

@article{Vankrieken2022,
    title = {{A}nalyzing {D}ifferentiable {F}uzzy {L}ogic {O}perators},
    author = {Emile {van Krieken} and Erman Acar and Frank {van Harmelen}},
    journal = {Artificial Intelligence},
    volume = {302},
    pages = {103602},
    year = {2022}
}

@inproceedings{yin2018,
    title={Understanding {S}traight-{T}hrough {E}stimator in {T}raining {A}ctivation {Q}uantized {N}eural {N}ets},
    author={Penghang Yin and Jiancheng Lyu and Shuai Zhang and Stanley J. Osher and Yingyong Qi and Jack Xin},
    booktitle={International Conference on Learning Representations},
    year={2019}
}
