@article{AutoAgents,
  title={AutoAgents: A Framework for Automatic Agent Generation},
  author={Guangyao Chen and Siwei Dong and Yu Shu and Ge Zhang and Jaward Sesay and B{\"o}rje F. Karlsson and Jie Fu and Yemin Shi},
  journal={ArXiv},
  year={2023},
  volume={abs/2309.17288},
}

@article{AutoFlow,
  title={AutoFlow: Automated Workflow Generation for Large Language Model Agents},
  author={Zelong Li and Shuyuan Xu and Kai Mei and Wenyue Hua and Balaji Rama and Om Raheja and Hao Wang and He Zhu and Yongfeng Zhang},
  journal={ArXiv},
  year={2024},
  volume={abs/2407.12821},
}

@inproceedings{ChatDev,
  title={ChatDev: Communicative Agents for Software Development},
  author={Cheng Qian and Wei Liu and Hongzhang Liu and Nuo Chen and Yufan Dang and Jiahao Li and Cheng Yang and Weize Chen and Yusheng Su and Xin Cong and Juyuan Xu and Dahai Li and Zhiyuan Liu and Maosong Sun},
  booktitle={Annual Meeting of the Association for Computational Linguistics},
  year={2023},
  url={https://api.semanticscholar.org/CorpusID:270257715}
}

@article{CoRE,
  title={AIOS Compiler: LLM as Interpreter for Natural Language Programming and Flow Programming of AI Agents},
  author={Shuyuan Xu and Zelong Li and Kai Mei and Yongfeng Zhang},
  journal={ArXiv},
  year={2024},
  volume={abs/2405.06907},
}

@article{DAG-test-gen,
  title={Automated test generation to evaluate tool-augmented LLMs as conversational AI agents},
  author={Samuel Arcadinho and David Apar{\'i}cio and Mariana Almeida},
  journal={ArXiv},
  year={2024},
  volume={abs/2409.15934},
  url={https://api.semanticscholar.org/CorpusID:272832010}
}

@article{FlowBench,
  title={FlowBench: Revisiting and Benchmarking Workflow-Guided Planning for LLM-based Agents},
  author={Rui Xiao and Wen-Cheng Ma and Ke Wang and Yuchuan Wu and Junbo Zhao and Haobo Wang and Fei Huang and Yongbin Li},
  journal={ArXiv},
  year={2024},
  volume={abs/2406.14884},
}

@article{GenerativeAgents,
  title={Generative Agents: Interactive Simulacra of Human Behavior},
  author={Joon Sung Park and Joseph C. O'Brien and Carrie J. Cai and Meredith Ringel Morris and Percy Liang and Michael S. Bernstein},
  journal={Proceedings of the 36th Annual ACM Symposium on User Interface Software and Technology},
  year={2023},
  url={https://api.semanticscholar.org/CorpusID:258040990}
}

@article{KnowAgent,
  title={KnowAgent: Knowledge-Augmented Planning for LLM-Based Agents},
  author={Yuqi Zhu and Shuofei Qiao and Yixin Ou and Shumin Deng and Ningyu Zhang and Shiwei Lyu and Yue Shen and Lei Liang and Jinjie Gu and Huajun Chen},
  journal={ArXiv},
  year={2024},
  volume={abs/2403.03101},
}

@article{KnowledGPT,
  title={Knowledgpt: Enhancing large language models with retrieval and storage access on knowledge bases},
  author={Wang, Xintao and Yang, Qianwen and Qiu, Yongting and Liang, Jiaqing and He, Qianyu and Gu, Zhouhong and Xiao, Yanghua and Wang, Wei},
  journal={arXiv preprint arXiv:2308.11761},
  year={2023}
}

@article{LLM+P,
  title={LLM+P: Empowering Large Language Models with Optimal Planning Proficiency},
  author={B. Liu and Yuqian Jiang and Xiaohan Zhang and Qian Liu and Shiqi Zhang and Joydeep Biswas and Peter Stone},
  journal={ArXiv},
  year={2023},
  volume={abs/2304.11477},
}

@article{LLM-dialogue-survey,
  title={A Survey on Recent Advances in LLM-Based Multi-turn Dialogue Systems},
  author={Zihao Yi and Jiarui Ouyang and Yuwen Liu and Tianhao Liao and Zhe Xu and Ying Shen},
  journal={ArXiv},
  year={2024},
  volume={abs/2402.18013},
}

@article{MedAgents,
  title={MedAgents: Large Language Models as Collaborators for Zero-shot Medical Reasoning},
  author={Xiangru Tang and Anni Zou and Zhuosheng Zhang and Yilun Zhao and Xingyao Zhang and Arman Cohan and Mark B. Gerstein},
  journal={ArXiv},
  year={2023},
  volume={abs/2311.10537},
  url={https://api.semanticscholar.org/CorpusID:265281260}
}

@inproceedings{PPTOD,
  title={Multi-Task Pre-Training for Plug-and-Play Task-Oriented Dialogue System},
  author={Yixuan Su and Lei Shu and Elman Mansimov and Arshit Gupta and Deng Cai and Yi-An Lai and Yi Zhang},
  booktitle={Annual Meeting of the Association for Computational Linguistics},
  year={2021},
  url={https://api.semanticscholar.org/CorpusID:238226978}
}

@inproceedings{PlanBench,
  title={PlanBench: An Extensible Benchmark for Evaluating Large Language Models on Planning and Reasoning about Change},
  author={Karthik Valmeekam and Alberto Olmo and Sarath Sreedharan and Subbarao Kambhampati},
  booktitle={Neural Information Processing Systems},
  year={2022},
}

@article{ReAct,
  title={ReAct: Synergizing Reasoning and Acting in Language Models},
  author={Shunyu Yao and Jeffrey Zhao and Dian Yu and Nan Du and Izhak Shafran and Karthik Narasimhan and Yuan Cao},
  journal={ArXiv},
  year={2022},
  volume={abs/2210.03629},
}

@article{SPACE-3,
  title={Unified Dialog Model Pre-training for Task-Oriented Dialog Understanding and Generation},
  author={Wanwei He and Yinpei Dai and Min Yang and Jian Sun and Fei Huang and Luo Si and Yongbin Li},
  journal={Proceedings of the 45th International ACM SIGIR Conference on Research and Development in Information Retrieval},
  year={2022},
}

@article{SystemPrompt,
  title={The Instruction Hierarchy: Training LLMs to Prioritize Privileged Instructions},
  author={Eric Wallace and Kai Xiao and Reimar H. Leike and Lilian Weng and Johannes Heidecke and Alex Beutel},
  journal={ArXiv},
  year={2024},
  volume={abs/2404.13208},
  url={https://api.semanticscholar.org/CorpusID:269294048}
}

@article{Toolformer,
  title={Toolformer: Language Models Can Teach Themselves to Use Tools},
  author={Timo Schick and Jane Dwivedi-Yu and Roberto Dess{\`i} and Roberta Raileanu and Maria Lomeli and Luke Zettlemoyer and Nicola Cancedda and Thomas Scialom},
  journal={ArXiv},
  year={2023},
  volume={abs/2302.04761},
  url={https://api.semanticscholar.org/CorpusID:256697342}
}

@misc{WorFBench,
  title={Benchmarking Agentic Workflow Generation},
  author={Shuofei Qiao and Runnan Fang and Zhisong Qiu and Xiaobin Wang and Ningyu Zhang and Yong Jiang and Pengjun Xie and Fei Huang and Huajun Chen},
  year={2024},
  url={https://api.semanticscholar.org/CorpusID:273234185}
}

